<Root>
  <XmlDocVersion>19</XmlDocVersion>
  <ChainId>7290492000005</ChainId>
  <SubChainId>1</SubChainId>
  <StoreId>711</StoreId>
  <BikoretNo>2</BikoretNo>
  <DllVerNo>9.4.0.21</DllVerNo>
  <Items Count="2552">
    <Item>
      <PriceUpdateDate>2016-08-09 06:15:10</PriceUpdateDate>
      <ItemCode>8710908427596</ItemCode>
      <ItemType>1</ItemType>
      <ItemName>אקס דאו ספריי גוף 15</ItemName>
      <ManufacturerName>יוניליוור גרמניה (בו</ManufacturerName>
      <ManufactureCountry>לא ידוע</ManufactureCountry>
      <ManufacturerItemDescription>אקס דאו ספריי גוף 150 מ"ל</ManufacturerItemDescription>
      <UnitQty>מיליליטרים</UnitQty>
      <Quantity>150.00</Quantity>
      <UnitOfMeasure>100 מ"ל</UnitOfMeasure>
      <bIsWeighted>0</bIsWeighted>
      <QtyInPackage>1</QtyInPackage>
      <ItemPrice>21.90</ItemPrice>
      <UnitOfMeasurePrice>14.6000</UnitOfMeasurePrice>
      <AllowDiscount>1</AllowDiscount>
      <ItemStatus>1</ItemStatus>
      <ItemId>109921</ItemId>
    </Item>
    <Item>
      <PriceUpdateDate>2015-10-01 06:13:10</PriceUpdateDate>
      <ItemCode>7290000104201</ItemCode>
      <ItemType>1</ItemType>
      <ItemName>אפונה עדינה 600 גרם</ItemName>
      <ManufacturerName>סנפרוסט</ManufacturerName>
      <ManufactureCountry>ישראל</ManufactureCountry>
      <ManufacturerItemDescription>אפונה עדינה 600 גרם</ManufacturerItemDescription>
      <UnitQty>גרמים</UnitQty>
      <Quantity>600.00</Quantity>
      <UnitOfMeasure>100 גרם</UnitOfMeasure>
      <bIsWeighted>0</bIsWeighted>
      <QtyInPackage>1</QtyInPackage>
      <ItemPrice>19.70</ItemPrice>
      <UnitOfMeasurePrice>3.2833</UnitOfMeasurePrice>
      <AllowDiscount>1</AllowDiscount>
      <ItemStatus>1</ItemStatus>
      <ItemId>17</ItemId>
    </Item>
    <Item>
      <PriceUpdateDate>2016-07-20 07:59:37</PriceUpdateDate>
      <ItemCode>7290001045220</ItemCode>
      <ItemType>1</ItemType>
      <ItemName>מיץ תפוזים סחוט</ItemName>
      <ManufacturerName>שטראוס גרופ</ManufacturerName>
      <ManufactureCountry>ישראל</ManufactureCountry>
      <ManufacturerItemDescription>מיץ תפוזים סחוט2 ל                     .</ManufacturerItemDescription>
      <UnitQty>ליטרים</UnitQty>
      <Quantity>2.00</Quantity>
      <UnitOfMeasure>ליטר</UnitOfMeasure>
      <bIsWeighted>0</bIsWeighted>
      <QtyInPackage>1</QtyInPackage>
      <ItemPrice>25.90</ItemPrice>
      <UnitOfMeasurePrice>12.9500</UnitOfMeasurePrice>
      <AllowDiscount>1</AllowDiscount>
      <ItemStatus>1</ItemStatus>
      <ItemId>23</ItemId>
    </Item>
    <Item>
      <PriceUpdateDate>2015-08-03 11:02:18</PriceUpdateDate>
      <ItemCode>7290000104676</ItemCode>
      <ItemType>1</ItemType>
      <ItemName>אפונת גינה</ItemName>
      <ManufacturerName>סנפרוסט</ManufacturerName>
      <ManufactureCountry>ישראל</ManufactureCountry>
      <ManufacturerItemDescription>אפונת גינה 800 גר                      .</ManufacturerItemDescription>
      <UnitQty>גרמים</UnitQty>
      <Quantity>800.00</Quantity>
      <UnitOfMeasure>100 גרם</UnitOfMeasure>
      <bIsWeighted>0</bIsWeighted>
      <QtyInPackage>1</QtyInPackage>
      <ItemPrice>19.90</ItemPrice>
      <UnitOfMeasurePrice>2.4875</UnitOfMeasurePrice>
      <AllowDiscount>1</AllowDiscount>
      <ItemStatus>1</ItemStatus>
      <ItemId>36</ItemId>
    </Item>
    <Item>
      <PriceUpdateDate>2015-10-01 06:13:10</PriceUpdateDate>
      <ItemCode>7290000104683</ItemCode>
      <ItemType>1</ItemType>
      <ItemName>שעועית ירוקה שלמה</ItemName>
      <ManufacturerName>סנפרוסט</ManufacturerName>
      <ManufactureCountry>ישראל</ManufactureCountry>
      <ManufacturerItemDescription>שעועית ירוקה שלמה 800 גר               .</ManufacturerItemDescription>
      <UnitQty>גרמים</UnitQty>
      <Quantity>800.00</Quantity>
      <UnitOfMeasure>100 גרם</UnitOfMeasure>
      <bIsWeighted>0</bIsWeighted>
      <QtyInPackage>1</QtyInPackage>
      <ItemPrice>23.50</ItemPrice>
      <UnitOfMeasurePrice>2.9375</UnitOfMeasurePrice>
      <AllowDiscount>1</AllowDiscount>
      <ItemStatus>1</ItemStatus>
      <ItemId>37</ItemId>
    </Item>
    <Item>
      <PriceUpdateDate>2015-10-01 06:13:10</PriceUpdateDate>
      <ItemCode>7290000104690</ItemCode>
      <ItemType>1</ItemType>
      <ItemName>תירס גרעינים</ItemName>
      <ManufacturerName>סנפרוסט</ManufacturerName>
      <ManufactureCountry>ישראל</ManufactureCountry>
      <ManufacturerItemDescription>תירס גרעינים 800 גר                    .</ManufacturerItemDescription>
      <UnitQty>גרמים</UnitQty>
      <Quantity>800.00</Quantity>
      <UnitOfMeasure>100 גרם</UnitOfMeasure>
      <bIsWeighted>0</bIsWeighted>
      <QtyInPackage>1</QtyInPackage>
      <ItemPrice>19.70</ItemPrice>
      <UnitOfMeasurePrice>2.4625</UnitOfMeasurePrice>
      <AllowDiscount>1</AllowDiscount>
      <ItemStatus>1</ItemStatus>
      <ItemId>38</ItemId>
    </Item>
    <Item>
      <PriceUpdateDate>2015-10-01 06:13:10</PriceUpdateDate>
      <ItemCode>7290000104713</ItemCode>
      <ItemType>1</ItemType>
      <ItemName>פול ירוק</ItemName>
      <ManufacturerName>סנפרוסט</ManufacturerName>
      <ManufactureCountry>ישראל</ManufactureCountry>
      <ManufacturerItemDescription>פול ירוק 800 גר                        .</ManufacturerItemDescription>
      <UnitQty>גרמים</UnitQty>
      <Quantity>800.00</Quantity>
      <UnitOfMeasure>100 גרם</UnitOfMeasure>
      <bIsWeighted>0</bIsWeighted>
      <QtyInPackage>1</QtyInPackage>
      <ItemPrice>26.40</ItemPrice>
      <UnitOfMeasurePrice>3.3000</UnitOfMeasurePrice>
      <AllowDiscount>1</AllowDiscount>
      <ItemStatus>1</ItemStatus>
      <ItemId>40</ItemId>
    </Item>
    <Item>
      <PriceUpdateDate>2015-10-01 06:13:10</PriceUpdateDate>
      <ItemCode>7290000104720</ItemCode>
      <ItemType>1</ItemType>
      <ItemName>שעועית ירוקה חתוכה</ItemName>
      <ManufacturerName>סנפרוסט</ManufacturerName>
      <ManufactureCountry>ישראל</ManufactureCountry>
      <ManufacturerItemDescription>שעועית ירוקה חתוכה 800 גרם</ManufacturerItemDescription>
      <UnitQty>גרמים</UnitQty>
      <Quantity>800.00</Quantity>
      <UnitOfMeasure>100 גרם</UnitOfMeasure>
      <bIsWeighted>0</bIsWeighted>
      <QtyInPackage>1</QtyInPackage>
      <ItemPrice>20.70</ItemPrice>
      <UnitOfMeasurePrice>2.5875</UnitOfMeasurePrice>
      <AllowDiscount>1</AllowDiscount>
      <ItemStatus>1</ItemStatus>
      <ItemId>41</ItemId>
    </Item>
    <Item>
      <PriceUpdateDate>2015-10-01 06:13:10</PriceUpdateDate>
      <ItemCode>7290000104751</ItemCode>
      <ItemType>1</ItemType>
      <ItemName>כרוב ניצנים 800-גר</ItemName>
      <ManufacturerName>סנפרוסט</ManufacturerName>
      <ManufactureCountry>ישראל</ManufactureCountry>
      <ManufacturerItemDescription>כרוב ניצנים 800-גר                     .</ManufacturerItemDescription>
      <UnitQty>גרמים</UnitQty>
      <Quantity>800.00</Quantity>
      <UnitOfMeasure>100 גרם</UnitOfMeasure>
      <bIsWeighted>0</bIsWeighted>
      <QtyInPackage>1</QtyInPackage>
      <ItemPrice>26.90</ItemPrice>
      <UnitOfMeasurePrice>3.3625</UnitOfMeasurePrice>
      <AllowDiscount>1</AllowDiscount>
      <ItemStatus>1</ItemStatus>
      <ItemId>44</ItemId>
    </Item>
    <Item>
      <PriceUpdateDate>2015-10-01 06:13:10</PriceUpdateDate>
      <ItemCode>7290000104775</ItemCode>
      <ItemType>1</ItemType>
      <ItemName>מדליונים תרד סנפרוסט</ItemName>
      <ManufacturerName>סנפרוסט</ManufacturerName>
      <ManufactureCountry>ישראל</ManufactureCountry>
      <ManufacturerItemDescription>ת.מדליונים 800-גר                      .</ManufacturerItemDescription>
      <UnitQty>גרמים</UnitQty>
      <Quantity>800.00</Quantity>
      <UnitOfMeasure>100 גרם</UnitOfMeasure>
      <bIsWeighted>0</bIsWeighted>
      <QtyInPackage>1</QtyInPackage>
      <ItemPrice>27.40</ItemPrice>
      <UnitOfMeasurePrice>3.4250</UnitOfMeasurePrice>
      <AllowDiscount>1</AllowDiscount>
      <ItemStatus>1</ItemStatus>
      <ItemId>46</ItemId>
    </Item>
    <Item>
      <PriceUpdateDate>2015-10-01 06:13:10</PriceUpdateDate>
      <ItemCode>7290000104799</ItemCode>
      <ItemType>1</ItemType>
      <ItemName>שעועית לבנה מבושלת ק</ItemName>
      <ManufacturerName>סנפרוסט</ManufacturerName>
      <ManufactureCountry>ישראל</ManufactureCountry>
      <ManufacturerItemDescription>שעועית לבנה מבושלת קפואה800 גר</ManufacturerItemDescription>
      <UnitQty>גרמים</UnitQty>
      <Quantity>800.00</Quantity>
      <UnitOfMeasure>100 גרם</UnitOfMeasure>
      <bIsWeighted>0</bIsWeighted>
      <QtyInPackage>1</QtyInPackage>
      <ItemPrice>22.50</ItemPrice>
      <UnitOfMeasurePrice>2.8125</UnitOfMeasurePrice>
      <AllowDiscount>1</AllowDiscount>
      <ItemStatus>1</ItemStatus>
      <ItemId>47</ItemId>
    </Item>
    <Item>
      <PriceUpdateDate>2015-10-01 06:13:10</PriceUpdateDate>
      <ItemCode>7290000104805</ItemCode>
      <ItemType>1</ItemType>
      <ItemName>גרגרי חומוס מבושל</ItemName>
      <ManufacturerName>סנפרוסט</ManufacturerName>
      <ManufactureCountry>ישראל</ManufactureCountry>
      <ManufacturerItemDescription>גרגרי חומוס מבושלים קפואים800ג</ManufacturerItemDescription>
      <UnitQty>גרמים</UnitQty>
      <Quantity>800.00</Quantity>
      <UnitOfMeasure>100 גרם</UnitOfMeasure>
      <bIsWeighted>0</bIsWeighted>
      <QtyInPackage>1</QtyInPackage>
      <ItemPrice>22.50</ItemPrice>
      <UnitOfMeasurePrice>2.8125</UnitOfMeasurePrice>
      <AllowDiscount>1</AllowDiscount>
      <ItemStatus>1</ItemStatus>
      <ItemId>48</ItemId>
    </Item>
    <Item>
      <PriceUpdateDate>2015-10-01 06:13:10</PriceUpdateDate>
      <ItemCode>7290000104829</ItemCode>
      <ItemType>1</ItemType>
      <ItemName>קלחוני תירס 1 קג   .</ItemName>
      <ManufacturerName>סנפרוסט</ManufacturerName>
      <ManufactureCountry>ישראל</ManufactureCountry>
      <ManufacturerItemDescription>קלחוני תירס 1 ק"ג</ManufacturerItemDescription>
      <UnitQty>קילוגרמים</UnitQty>
      <Quantity>1.00</Quantity>
      <UnitOfMeasure>ק"ג</UnitOfMeasure>
      <bIsWeighted>0</bIsWeighted>
      <QtyInPackage>1</QtyInPackage>
      <ItemPrice>23.50</ItemPrice>
      <UnitOfMeasurePrice>23.5000</UnitOfMeasurePrice>
      <AllowDiscount>1</AllowDiscount>
      <ItemStatus>1</ItemStatus>
      <ItemId>50</ItemId>
    </Item>
    <Item>
      <PriceUpdateDate>2015-10-01 06:13:10</PriceUpdateDate>
      <ItemCode>7290000104881</ItemCode>
      <ItemType>1</ItemType>
      <ItemName>אפונה וגזר800 גר   .</ItemName>
      <ManufacturerName>סנפרוסט</ManufacturerName>
      <ManufactureCountry>ישראל</ManufactureCountry>
      <ManufacturerItemDescription>אפונה וגזר800 גר                       .</ManufacturerItemDescription>
      <UnitQty>גרמים</UnitQty>
      <Quantity>800.00</Quantity>
      <UnitOfMeasure>100 גרם</UnitOfMeasure>
      <bIsWeighted>0</bIsWeighted>
      <QtyInPackage>1</QtyInPackage>
      <ItemPrice>19.70</ItemPrice>
      <UnitOfMeasurePrice>2.4625</UnitOfMeasurePrice>
      <AllowDiscount>1</AllowDiscount>
      <ItemStatus>1</ItemStatus>
      <ItemId>52</ItemId>
    </Item>
    <Item>
      <PriceUpdateDate>2016-04-19 06:46:04</PriceUpdateDate>
      <ItemCode>7290015597425</ItemCode>
      <ItemType>1</ItemType>
      <ItemName>שלגון מקס</ItemName>
      <ManufacturerName>שטראוס</ManufacturerName>
      <ManufactureCountry>ישראל</ManufactureCountry>
      <ManufacturerItemDescription>שלגון מקס</ManufacturerItemDescription>
      <UnitQty>גרמים</UnitQty>
      <Quantity>106.00</Quantity>
      <UnitOfMeasure>100 גרם</UnitOfMeasure>
      <bIsWeighted>0</bIsWeighted>
      <QtyInPackage>1</QtyInPackage>
      <ItemPrice>5.80</ItemPrice>
      <UnitOfMeasurePrice>5.4717</UnitOfMeasurePrice>
      <AllowDiscount>1</AllowDiscount>
      <ItemStatus>1</ItemStatus>
      <ItemId>108959</ItemId>
    </Item>
    <Item>
      <PriceUpdateDate>2015-10-01 06:16:35</PriceUpdateDate>
      <ItemCode>7290014094567</ItemCode>
      <ItemType>1</ItemType>
      <ItemName>שמן זית  כתית מעולה</ItemName>
      <ManufacturerName>דין שיווק וקליה בע"מ</ManufacturerName>
      <ManufactureCountry>ספרד</ManufactureCountry>
      <ManufacturerItemDescription>שמן זית  כתית מעולה  אהרוני</ManufacturerItemDescription>
      <UnitQty>מיליליטרים</UnitQty>
      <Quantity>750.00</Quantity>
      <UnitOfMeasure>100 מ"ל</UnitOfMeasure>
      <bIsWeighted>0</bIsWeighted>
      <QtyInPackage>1</QtyInPackage>
      <ItemPrice>34.60</ItemPrice>
      <UnitOfMeasurePrice>4.6133</UnitOfMeasurePrice>
      <AllowDiscount>1</AllowDiscount>
      <ItemStatus>1</ItemStatus>
      <ItemId>100735</ItemId>
    </Item>
    <Item>
      <PriceUpdateDate>2015-10-01 06:13:10</PriceUpdateDate>
      <ItemCode>7290000107189</ItemCode>
      <ItemType>1</ItemType>
      <ItemName>תחתיות ארטישוק     .</ItemName>
      <ManufacturerName>סנפרוסט</ManufacturerName>
      <ManufactureCountry>ישראל</ManufactureCountry>
      <ManufacturerItemDescription>תחתיות ארטישוק 400 גר                  .</ManufacturerItemDescription>
      <UnitQty>גרמים</UnitQty>
      <Quantity>400.00</Quantity>
      <UnitOfMeasure>100 גרם</UnitOfMeasure>
      <bIsWeighted>0</bIsWeighted>
      <QtyInPackage>1</QtyInPackage>
      <ItemPrice>24.50</ItemPrice>
      <UnitOfMeasurePrice>6.1250</UnitOfMeasurePrice>
      <AllowDiscount>1</AllowDiscount>
      <ItemStatus>1</ItemStatus>
      <ItemId>60</ItemId>
    </Item>
    <Item>
      <PriceUpdateDate>2015-10-01 06:13:10</PriceUpdateDate>
      <ItemCode>7290000107295</ItemCode>
      <ItemType>1</ItemType>
      <ItemName>תפרחות ברוקולי</ItemName>
      <ManufacturerName>סנפרוסט</ManufacturerName>
      <ManufactureCountry>ישראל</ManufactureCountry>
      <ManufacturerItemDescription>תפרחות ברוקולי 800 גר                  .</ManufacturerItemDescription>
      <UnitQty>גרמים</UnitQty>
      <Quantity>800.00</Quantity>
      <UnitOfMeasure>100 גרם</UnitOfMeasure>
      <bIsWeighted>0</bIsWeighted>
      <QtyInPackage>1</QtyInPackage>
      <ItemPrice>27.40</ItemPrice>
      <UnitOfMeasurePrice>3.4250</UnitOfMeasurePrice>
      <AllowDiscount>1</AllowDiscount>
      <ItemStatus>1</ItemStatus>
      <ItemId>63</ItemId>
    </Item>
    <Item>
      <PriceUpdateDate>2015-10-01 06:13:32</PriceUpdateDate>
      <ItemCode>7290000111117</ItemCode>
      <ItemType>1</ItemType>
      <ItemName>מרכך כביסה בדין לבן</ItemName>
      <ManufacturerName>יוניליוור</ManufacturerName>
      <ManufactureCountry>ישראל</ManufactureCountry>
      <ManufacturerItemDescription>מרכך כביסה בדין לבן 4 ל                .</ManufacturerItemDescription>
      <UnitQty>ליטרים</UnitQty>
      <Quantity>4.00</Quantity>
      <UnitOfMeasure>ליטר</UnitOfMeasure>
      <bIsWeighted>0</bIsWeighted>
      <QtyInPackage>1</QtyInPackage>
      <ItemPrice>25.60</ItemPrice>
      <UnitOfMeasurePrice>6.4000</UnitOfMeasurePrice>
      <AllowDiscount>1</AllowDiscount>
      <ItemStatus>1</ItemStatus>
      <ItemId>80</ItemId>
    </Item>
    <Item>
      <PriceUpdateDate>2016-08-09 16:15:25</PriceUpdateDate>
      <ItemCode>7290107934039</ItemCode>
      <ItemType>1</ItemType>
      <ItemName>תפו סטיק ביג קטשופ 6</ItemName>
      <ManufacturerName>שטראוס</ManufacturerName>
      <ManufactureCountry>ישראל</ManufactureCountry>
      <ManufacturerItemDescription>תפו סטיק ביג קטשופ 60 גרם 48 יחידות</ManufacturerItemDescription>
      <UnitQty>גרמים</UnitQty>
      <Quantity>60.00</Quantity>
      <UnitOfMeasure>100 גרם</UnitOfMeasure>
      <bIsWeighted>0</bIsWeighted>
      <QtyInPackage>1</QtyInPackage>
      <ItemPrice>4.40</ItemPrice>
      <UnitOfMeasurePrice>7.3333</UnitOfMeasurePrice>
      <AllowDiscount>1</AllowDiscount>
      <ItemStatus>1</ItemStatus>
      <ItemId>109941</ItemId>
    </Item>
    <Item>
      <PriceUpdateDate>2016-08-09 16:15:25</PriceUpdateDate>
      <ItemCode>7290107934053</ItemCode>
      <ItemType>1</ItemType>
      <ItemName>תפו סטיק ביג ברביקיו</ItemName>
      <ManufacturerName>שטראוס</ManufacturerName>
      <ManufactureCountry>ישראל</ManufactureCountry>
      <ManufacturerItemDescription>תפו סטיק ביג ברביקיו 60 גרם 48 יחידות</ManufacturerItemDescription>
      <UnitQty>גרמים</UnitQty>
      <Quantity>60.00</Quantity>
      <UnitOfMeasure>100 גרם</UnitOfMeasure>
      <bIsWeighted>0</bIsWeighted>
      <QtyInPackage>1</QtyInPackage>
      <ItemPrice>4.40</ItemPrice>
      <UnitOfMeasurePrice>7.3333</UnitOfMeasurePrice>
      <AllowDiscount>1</AllowDiscount>
      <ItemStatus>1</ItemStatus>
      <ItemId>109942</ItemId>
    </Item>
    <Item>
      <PriceUpdateDate>2015-12-25 08:01:48</PriceUpdateDate>
      <ItemCode>7290000112220</ItemCode>
      <ItemType>1</ItemType>
      <ItemName>טחינה קלאסית</ItemName>
      <ManufacturerName>רושדי תעשיות מזון בע</ManufacturerName>
      <ManufactureCountry>ישראל</ManufactureCountry>
      <ManufacturerItemDescription>טחינה קלאסית 500 גרם</ManufacturerItemDescription>
      <UnitQty>גרמים</UnitQty>
      <Quantity>500.00</Quantity>
      <UnitOfMeasure>100 גרם</UnitOfMeasure>
      <bIsWeighted>0</bIsWeighted>
      <QtyInPackage>1</QtyInPackage>
      <ItemPrice>18.90</ItemPrice>
      <UnitOfMeasurePrice>3.7800</UnitOfMeasurePrice>
      <AllowDiscount>1</AllowDiscount>
      <ItemStatus>1</ItemStatus>
      <ItemId>127</ItemId>
    </Item>
    <Item>
      <PriceUpdateDate>2015-10-01 06:13:33</PriceUpdateDate>
      <ItemCode>7290000112497</ItemCode>
      <ItemType>1</ItemType>
      <ItemName>עשיר ע .אטריות    K</ItemName>
      <ManufacturerName>אתר חיפה אבקות - Foo</ManufacturerName>
      <ManufactureCountry>ישראל</ManufactureCountry>
      <ManufacturerItemDescription>מרקנור עשיר איטריות</ManufacturerItemDescription>
      <UnitQty>גרמים</UnitQty>
      <Quantity>68.00</Quantity>
      <UnitOfMeasure>100 גרם</UnitOfMeasure>
      <bIsWeighted>0</bIsWeighted>
      <QtyInPackage>1</QtyInPackage>
      <ItemPrice>10.60</ItemPrice>
      <UnitOfMeasurePrice>15.5882</UnitOfMeasurePrice>
      <AllowDiscount>1</AllowDiscount>
      <ItemStatus>1</ItemStatus>
      <ItemId>145</ItemId>
    </Item>
    <Item>
      <PriceUpdateDate>2015-10-01 06:13:33</PriceUpdateDate>
      <ItemCode>7290000112503</ItemCode>
      <ItemType>1</ItemType>
      <ItemName>עשיר ירקות        K</ItemName>
      <ManufacturerName>אתר חיפה אבקות - Foo</ManufacturerName>
      <ManufactureCountry>ישראל</ManufactureCountry>
      <ManufacturerItemDescription>מרקנור עשיר ירקות</ManufacturerItemDescription>
      <UnitQty>גרמים</UnitQty>
      <Quantity>61.00</Quantity>
      <UnitOfMeasure>100 גרם</UnitOfMeasure>
      <bIsWeighted>0</bIsWeighted>
      <QtyInPackage>1</QtyInPackage>
      <ItemPrice>10.60</ItemPrice>
      <UnitOfMeasurePrice>17.3770</UnitOfMeasurePrice>
      <AllowDiscount>1</AllowDiscount>
      <ItemStatus>1</ItemStatus>
      <ItemId>146</ItemId>
    </Item>
    <Item>
      <PriceUpdateDate>2015-10-01 06:13:33</PriceUpdateDate>
      <ItemCode>7290000112510</ItemCode>
      <ItemType>1</ItemType>
      <ItemName>עשיר פטריות       K</ItemName>
      <ManufacturerName>אתר חיפה אבקות - Foo</ManufacturerName>
      <ManufactureCountry>ישראל</ManufactureCountry>
      <ManufacturerItemDescription>מרקנור עשיר פטריות</ManufacturerItemDescription>
      <UnitQty>גרמים</UnitQty>
      <Quantity>83.00</Quantity>
      <UnitOfMeasure>100 גרם</UnitOfMeasure>
      <bIsWeighted>0</bIsWeighted>
      <QtyInPackage>1</QtyInPackage>
      <ItemPrice>10.60</ItemPrice>
      <UnitOfMeasurePrice>12.7711</UnitOfMeasurePrice>
      <AllowDiscount>1</AllowDiscount>
      <ItemStatus>1</ItemStatus>
      <ItemId>147</ItemId>
    </Item>
    <Item>
      <PriceUpdateDate>2015-01-01 00:00:00</PriceUpdateDate>
      <ItemCode>7290001126172</ItemCode>
      <ItemType>1</ItemType>
      <ItemName>גולש עגל 800 גרם</ItemName>
      <ManufacturerName>טיבון ויל</ManufacturerName>
      <ManufactureCountry>ישראל</ManufactureCountry>
      <ManufacturerItemDescription>גולש עגל 800 גרם</ManufacturerItemDescription>
      <UnitQty>גרמים</UnitQty>
      <Quantity>800.00</Quantity>
      <UnitOfMeasure>100 גרם</UnitOfMeasure>
      <bIsWeighted>0</bIsWeighted>
      <QtyInPackage>1</QtyInPackage>
      <ItemPrice>49.90</ItemPrice>
      <UnitOfMeasurePrice>6.2375</UnitOfMeasurePrice>
      <AllowDiscount>1</AllowDiscount>
      <ItemStatus>1</ItemStatus>
      <ItemId>158</ItemId>
    </Item>
    <Item>
      <PriceUpdateDate>2015-10-01 06:13:33</PriceUpdateDate>
      <ItemCode>7290000112619</ItemCode>
      <ItemType>1</ItemType>
      <ItemName>מרק עוף אמיתי</ItemName>
      <ManufacturerName>אתר חיפה אבקות - Foo</ManufacturerName>
      <ManufactureCountry>ישראל</ManufactureCountry>
      <ManufacturerItemDescription>מרק עוף אמיתי 400 גרם קופסא</ManufacturerItemDescription>
      <UnitQty>גרמים</UnitQty>
      <Quantity>400.00</Quantity>
      <UnitOfMeasure>100 גרם</UnitOfMeasure>
      <bIsWeighted>0</bIsWeighted>
      <QtyInPackage>1</QtyInPackage>
      <ItemPrice>22.70</ItemPrice>
      <UnitOfMeasurePrice>5.6750</UnitOfMeasurePrice>
      <AllowDiscount>1</AllowDiscount>
      <ItemStatus>1</ItemStatus>
      <ItemId>160</ItemId>
    </Item>
    <Item>
      <PriceUpdateDate>2015-10-01 06:13:33</PriceUpdateDate>
      <ItemCode>7290000112770</ItemCode>
      <ItemType>1</ItemType>
      <ItemName>עשיר אפונה        K</ItemName>
      <ManufacturerName>אתר חיפה אבקות - Foo</ManufacturerName>
      <ManufactureCountry>ישראל</ManufactureCountry>
      <ManufacturerItemDescription>מרקנור עשיר אפונה</ManufacturerItemDescription>
      <UnitQty>גרמים</UnitQty>
      <Quantity>117.00</Quantity>
      <UnitOfMeasure>100 גרם</UnitOfMeasure>
      <bIsWeighted>0</bIsWeighted>
      <QtyInPackage>1</QtyInPackage>
      <ItemPrice>10.60</ItemPrice>
      <UnitOfMeasurePrice>9.0598</UnitOfMeasurePrice>
      <AllowDiscount>1</AllowDiscount>
      <ItemStatus>1</ItemStatus>
      <ItemId>163</ItemId>
    </Item>
    <Item>
      <PriceUpdateDate>2016-08-11 06:15:10</PriceUpdateDate>
      <ItemCode>7290109351544</ItemCode>
      <ItemType>1</ItemType>
      <ItemName>קריספי זרעים קלויים</ItemName>
      <ManufacturerName>אסם</ManufacturerName>
      <ManufactureCountry>ישראל</ManufactureCountry>
      <ManufacturerItemDescription>קריספי זרעים קלויים 150 גרם</ManufacturerItemDescription>
      <UnitQty>גרמים</UnitQty>
      <Quantity>150.00</Quantity>
      <UnitOfMeasure>100 גרם</UnitOfMeasure>
      <bIsWeighted>0</bIsWeighted>
      <QtyInPackage>1</QtyInPackage>
      <ItemPrice>13.30</ItemPrice>
      <UnitOfMeasurePrice>8.8667</UnitOfMeasurePrice>
      <AllowDiscount>1</AllowDiscount>
      <ItemStatus>1</ItemStatus>
      <ItemId>109950</ItemId>
    </Item>
    <Item>
      <PriceUpdateDate>2015-10-01 06:14:26</PriceUpdateDate>
      <ItemCode>7290002706731</ItemCode>
      <ItemType>1</ItemType>
      <ItemName>רצועות פילה נילוס</ItemName>
      <ManufacturerName>דלידג ק.מלאכי</ManufacturerName>
      <ManufactureCountry>ישראל</ManufactureCountry>
      <ManufacturerItemDescription>רצועות פילה נילוס ואקום לקג</ManufacturerItemDescription>
      <UnitQty>קילוגרמים</UnitQty>
      <Quantity>1.00</Quantity>
      <UnitOfMeasure>ק"ג</UnitOfMeasure>
      <bIsWeighted>1</bIsWeighted>
      <QtyInPackage>לא ידוע</QtyInPackage>
      <ItemPrice>53.40</ItemPrice>
      <UnitOfMeasurePrice>53.4000</UnitOfMeasurePrice>
      <AllowDiscount>1</AllowDiscount>
      <ItemStatus>1</ItemStatus>
      <ItemId>92513</ItemId>
    </Item>
    <Item>
      <PriceUpdateDate>2016-08-11 06:15:10</PriceUpdateDate>
      <ItemCode>7290109351520</ItemCode>
      <ItemType>1</ItemType>
      <ItemName>קריספי עגבניות בזילי</ItemName>
      <ManufacturerName>אסם</ManufacturerName>
      <ManufactureCountry>ישראל</ManufactureCountry>
      <ManufacturerItemDescription>קריספי עגבניות בזיליקום 150 גרם</ManufacturerItemDescription>
      <UnitQty>גרמים</UnitQty>
      <Quantity>150.00</Quantity>
      <UnitOfMeasure>100 גרם</UnitOfMeasure>
      <bIsWeighted>0</bIsWeighted>
      <QtyInPackage>1</QtyInPackage>
      <ItemPrice>13.30</ItemPrice>
      <UnitOfMeasurePrice>8.8667</UnitOfMeasurePrice>
      <AllowDiscount>1</AllowDiscount>
      <ItemStatus>1</ItemStatus>
      <ItemId>109951</ItemId>
    </Item>
    <Item>
      <PriceUpdateDate>2016-08-11 06:15:10</PriceUpdateDate>
      <ItemCode>7290109351568</ItemCode>
      <ItemType>1</ItemType>
      <ItemName>קריספי פלחי תפוא אפו</ItemName>
      <ManufacturerName>אסם</ManufacturerName>
      <ManufactureCountry>ישראל</ManufactureCountry>
      <ManufacturerItemDescription>קריספי פלחי תפוא אפויים 150 גרם</ManufacturerItemDescription>
      <UnitQty>גרמים</UnitQty>
      <Quantity>150.00</Quantity>
      <UnitOfMeasure>100 גרם</UnitOfMeasure>
      <bIsWeighted>0</bIsWeighted>
      <QtyInPackage>1</QtyInPackage>
      <ItemPrice>13.30</ItemPrice>
      <UnitOfMeasurePrice>8.8667</UnitOfMeasurePrice>
      <AllowDiscount>1</AllowDiscount>
      <ItemStatus>1</ItemStatus>
      <ItemId>109952</ItemId>
    </Item>
    <Item>
      <PriceUpdateDate>2016-08-10 15:15:23</PriceUpdateDate>
      <ItemCode>7290106658479</ItemCode>
      <ItemType>1</ItemType>
      <ItemName>טורטית מגדים 40 גרם</ItemName>
      <ManufacturerName>שטראוס</ManufacturerName>
      <ManufactureCountry>ישראל</ManufactureCountry>
      <ManufacturerItemDescription>טורטית מגדים 40 גרם</ManufacturerItemDescription>
      <UnitQty>גרמים</UnitQty>
      <Quantity>40.00</Quantity>
      <UnitOfMeasure>100 גרם</UnitOfMeasure>
      <bIsWeighted>0</bIsWeighted>
      <QtyInPackage>1</QtyInPackage>
      <ItemPrice>5.70</ItemPrice>
      <UnitOfMeasurePrice>14.2500</UnitOfMeasurePrice>
      <AllowDiscount>1</AllowDiscount>
      <ItemStatus>1</ItemStatus>
      <ItemId>109966</ItemId>
    </Item>
    <Item>
      <PriceUpdateDate>2016-08-10 15:15:23</PriceUpdateDate>
      <ItemCode>7290106724990</ItemCode>
      <ItemType>1</ItemType>
      <ItemName>טורטית לבנה 40 גרם</ItemName>
      <ManufacturerName>שטראוס</ManufacturerName>
      <ManufactureCountry>ישראל</ManufactureCountry>
      <ManufacturerItemDescription>טורטית לבנה 40 גרם</ManufacturerItemDescription>
      <UnitQty>גרמים</UnitQty>
      <Quantity>40.00</Quantity>
      <UnitOfMeasure>100 גרם</UnitOfMeasure>
      <bIsWeighted>0</bIsWeighted>
      <QtyInPackage>1</QtyInPackage>
      <ItemPrice>5.70</ItemPrice>
      <UnitOfMeasurePrice>14.2500</UnitOfMeasurePrice>
      <AllowDiscount>1</AllowDiscount>
      <ItemStatus>1</ItemStatus>
      <ItemId>109967</ItemId>
    </Item>
    <Item>
      <PriceUpdateDate>2016-08-10 15:15:23</PriceUpdateDate>
      <ItemCode>7290107932745</ItemCode>
      <ItemType>1</ItemType>
      <ItemName>טעמי לבן 40 גרם</ItemName>
      <ManufacturerName>שטראוס</ManufacturerName>
      <ManufactureCountry>ישראל</ManufactureCountry>
      <ManufacturerItemDescription>טעמי לבן 40 גרם</ManufacturerItemDescription>
      <UnitQty>גרמים</UnitQty>
      <Quantity>40.00</Quantity>
      <UnitOfMeasure>100 גרם</UnitOfMeasure>
      <bIsWeighted>0</bIsWeighted>
      <QtyInPackage>1</QtyInPackage>
      <ItemPrice>5.70</ItemPrice>
      <UnitOfMeasurePrice>14.2500</UnitOfMeasurePrice>
      <AllowDiscount>1</AllowDiscount>
      <ItemStatus>1</ItemStatus>
      <ItemId>109968</ItemId>
    </Item>
    <Item>
      <PriceUpdateDate>2015-10-01 06:14:27</PriceUpdateDate>
      <ItemCode>7290001136294</ItemCode>
      <ItemType>1</ItemType>
      <ItemName>שמפו נקה 7 יבש/צבוע</ItemName>
      <ManufacturerName>אמיליה קוסמטיקס</ManufacturerName>
      <ManufactureCountry>ישראל</ManufactureCountry>
      <ManufacturerItemDescription>נקה 7 שמפו לשיער יבש אדום</ManufacturerItemDescription>
      <UnitQty>מיליליטרים</UnitQty>
      <Quantity>750.00</Quantity>
      <UnitOfMeasure>100 מ"ל</UnitOfMeasure>
      <bIsWeighted>0</bIsWeighted>
      <QtyInPackage>1</QtyInPackage>
      <ItemPrice>13.80</ItemPrice>
      <UnitOfMeasurePrice>1.8400</UnitOfMeasurePrice>
      <AllowDiscount>1</AllowDiscount>
      <ItemStatus>1</ItemStatus>
      <ItemId>209</ItemId>
    </Item>
    <Item>
      <PriceUpdateDate>2015-10-01 06:14:28</PriceUpdateDate>
      <ItemCode>7290001136683</ItemCode>
      <ItemType>1</ItemType>
      <ItemName>מרכך לשיער נקה    7</ItemName>
      <ManufacturerName>אמיליה קוסמטיקס</ManufacturerName>
      <ManufactureCountry>ישראל</ManufactureCountry>
      <ManufacturerItemDescription>נקה 7 מרכך שיער רגיל ירוק</ManufacturerItemDescription>
      <UnitQty>מיליליטרים</UnitQty>
      <Quantity>750.00</Quantity>
      <UnitOfMeasure>100 מ"ל</UnitOfMeasure>
      <bIsWeighted>0</bIsWeighted>
      <QtyInPackage>1</QtyInPackage>
      <ItemPrice>13.80</ItemPrice>
      <UnitOfMeasurePrice>1.8400</UnitOfMeasurePrice>
      <AllowDiscount>1</AllowDiscount>
      <ItemStatus>1</ItemStatus>
      <ItemId>218</ItemId>
    </Item>
    <Item>
      <PriceUpdateDate>2015-10-01 06:14:28</PriceUpdateDate>
      <ItemCode>7290001136799</ItemCode>
      <ItemType>1</ItemType>
      <ItemName>סבון נוזלי ארומה</ItemName>
      <ManufacturerName>אמיליה קוסמטיקס</ManufacturerName>
      <ManufactureCountry>ישראל</ManufactureCountry>
      <ManufacturerItemDescription>סבון נוזלי נקה 7 ארומה1 ל              .</ManufacturerItemDescription>
      <UnitQty>ליטרים</UnitQty>
      <Quantity>1.00</Quantity>
      <UnitOfMeasure>ליטר</UnitOfMeasure>
      <bIsWeighted>0</bIsWeighted>
      <QtyInPackage>1</QtyInPackage>
      <ItemPrice>14.80</ItemPrice>
      <UnitOfMeasurePrice>14.8000</UnitOfMeasurePrice>
      <AllowDiscount>1</AllowDiscount>
      <ItemStatus>1</ItemStatus>
      <ItemId>222</ItemId>
    </Item>
    <Item>
      <PriceUpdateDate>2015-10-01 06:14:28</PriceUpdateDate>
      <ItemCode>7290001136973</ItemCode>
      <ItemType>1</ItemType>
      <ItemName>סבון נוזלי נקה7ארומה</ItemName>
      <ManufacturerName>אמיליה קוסמטיקס</ManufacturerName>
      <ManufactureCountry>ישראל</ManufactureCountry>
      <ManufacturerItemDescription>סבון נוזלי נקה 7 ארומה1 ל              .</ManufacturerItemDescription>
      <UnitQty>ליטרים</UnitQty>
      <Quantity>1.00</Quantity>
      <UnitOfMeasure>ליטר</UnitOfMeasure>
      <bIsWeighted>0</bIsWeighted>
      <QtyInPackage>1</QtyInPackage>
      <ItemPrice>14.80</ItemPrice>
      <UnitOfMeasurePrice>14.8000</UnitOfMeasurePrice>
      <AllowDiscount>1</AllowDiscount>
      <ItemStatus>1</ItemStatus>
      <ItemId>229</ItemId>
    </Item>
    <Item>
      <PriceUpdateDate>2015-08-09 08:03:38</PriceUpdateDate>
      <ItemCode>7290000114897</ItemCode>
      <ItemType>1</ItemType>
      <ItemName>קורנפלקס של אלופים</ItemName>
      <ManufacturerName>אתר שפע - Food</ManufacturerName>
      <ManufactureCountry>ישראל</ManufactureCountry>
      <ManufacturerItemDescription>קורנפלקס של אלופים 750 גרם</ManufacturerItemDescription>
      <UnitQty>גרמים</UnitQty>
      <Quantity>750.00</Quantity>
      <UnitOfMeasure>100 גרם</UnitOfMeasure>
      <bIsWeighted>0</bIsWeighted>
      <QtyInPackage>1</QtyInPackage>
      <ItemPrice>17.90</ItemPrice>
      <UnitOfMeasurePrice>2.3867</UnitOfMeasurePrice>
      <AllowDiscount>1</AllowDiscount>
      <ItemStatus>1</ItemStatus>
      <ItemId>251</ItemId>
    </Item>
    <Item>
      <PriceUpdateDate>2016-08-10 13:15:24</PriceUpdateDate>
      <ItemCode>40000494805</ItemCode>
      <ItemType>1</ItemType>
      <ItemName>חטיף M&amp;M קריספי 38 ג</ItemName>
      <ManufacturerName>מרס</ManufacturerName>
      <ManufactureCountry>ארצות הברית</ManufactureCountry>
      <ManufacturerItemDescription>חטיף M&amp;M קריספי 38 גרם</ManufacturerItemDescription>
      <UnitQty>גרמים</UnitQty>
      <Quantity>38.00</Quantity>
      <UnitOfMeasure>100 גרם</UnitOfMeasure>
      <bIsWeighted>0</bIsWeighted>
      <QtyInPackage>1</QtyInPackage>
      <ItemPrice>5.80</ItemPrice>
      <UnitOfMeasurePrice>15.2632</UnitOfMeasurePrice>
      <AllowDiscount>1</AllowDiscount>
      <ItemStatus>1</ItemStatus>
      <ItemId>109979</ItemId>
    </Item>
    <Item>
      <PriceUpdateDate>2015-10-01 06:13:33</PriceUpdateDate>
      <ItemCode>7290000116204</ItemCode>
      <ItemType>1</ItemType>
      <ItemName>מרק דגש בשקית</ItemName>
      <ManufacturerName>אתר חיפה אבקות - Foo</ManufacturerName>
      <ManufactureCountry>ישראל</ManufactureCountry>
      <ManufacturerItemDescription>מרק דגש 1 קג שקית</ManufacturerItemDescription>
      <UnitQty>קילוגרמים</UnitQty>
      <Quantity>1.00</Quantity>
      <UnitOfMeasure>ק"ג</UnitOfMeasure>
      <bIsWeighted>0</bIsWeighted>
      <QtyInPackage>1</QtyInPackage>
      <ItemPrice>19.70</ItemPrice>
      <UnitOfMeasurePrice>19.7000</UnitOfMeasurePrice>
      <AllowDiscount>1</AllowDiscount>
      <ItemStatus>1</ItemStatus>
      <ItemId>267</ItemId>
    </Item>
    <Item>
      <PriceUpdateDate>2015-08-09 08:03:38</PriceUpdateDate>
      <ItemCode>7290000117386</ItemCode>
      <ItemType>1</ItemType>
      <ItemName>חטיף דגנים שוגי 1/8</ItemName>
      <ManufacturerName>אתר צפת חטיפים - Foo</ManufacturerName>
      <ManufactureCountry>ישראל</ManufactureCountry>
      <ManufacturerItemDescription>חטיף דגנים שוגי 208 1/8 גר</ManufacturerItemDescription>
      <UnitQty>גרמים</UnitQty>
      <Quantity>208.00</Quantity>
      <UnitOfMeasure>100 גרם</UnitOfMeasure>
      <bIsWeighted>0</bIsWeighted>
      <QtyInPackage>1</QtyInPackage>
      <ItemPrice>19.70</ItemPrice>
      <UnitOfMeasurePrice>9.4712</UnitOfMeasurePrice>
      <AllowDiscount>1</AllowDiscount>
      <ItemStatus>1</ItemStatus>
      <ItemId>272</ItemId>
    </Item>
    <Item>
      <PriceUpdateDate>2015-08-09 08:03:38</PriceUpdateDate>
      <ItemCode>7290000117430</ItemCode>
      <ItemType>1</ItemType>
      <ItemName>חטיף דגנים קוקו 1/8</ItemName>
      <ManufacturerName>אתר צפת חטיפים - Foo</ManufacturerName>
      <ManufactureCountry>ישראל</ManufactureCountry>
      <ManufacturerItemDescription>חטיף דגנים קוקו 168  1/8 גר</ManufacturerItemDescription>
      <UnitQty>גרמים</UnitQty>
      <Quantity>168.00</Quantity>
      <UnitOfMeasure>100 גרם</UnitOfMeasure>
      <bIsWeighted>0</bIsWeighted>
      <QtyInPackage>1</QtyInPackage>
      <ItemPrice>19.70</ItemPrice>
      <UnitOfMeasurePrice>11.7262</UnitOfMeasurePrice>
      <AllowDiscount>1</AllowDiscount>
      <ItemStatus>1</ItemStatus>
      <ItemId>274</ItemId>
    </Item>
    <Item>
      <PriceUpdateDate>2015-01-01 00:00:00</PriceUpdateDate>
      <ItemCode>7290000117720</ItemCode>
      <ItemType>1</ItemType>
      <ItemName>מרק נמס בכוס פטריות</ItemName>
      <ManufacturerName>אתר חיפה אבקות - Foo</ManufacturerName>
      <ManufactureCountry>ישראל</ManufactureCountry>
      <ManufacturerItemDescription>מרק נמס בכוס פטריות            2135</ManufacturerItemDescription>
      <UnitQty>גרמים</UnitQty>
      <Quantity>43.00</Quantity>
      <UnitOfMeasure>100 גרם</UnitOfMeasure>
      <bIsWeighted>0</bIsWeighted>
      <QtyInPackage>1</QtyInPackage>
      <ItemPrice>7.40</ItemPrice>
      <UnitOfMeasurePrice>17.2093</UnitOfMeasurePrice>
      <AllowDiscount>1</AllowDiscount>
      <ItemStatus>1</ItemStatus>
      <ItemId>276</ItemId>
    </Item>
    <Item>
      <PriceUpdateDate>2016-08-11 17:15:21</PriceUpdateDate>
      <ItemCode>7290014356887</ItemCode>
      <ItemType>1</ItemType>
      <ItemName>פטריות שלמות 400 גרם</ItemName>
      <ManufacturerName>BONDUELLE EUROPE LON</ManufacturerName>
      <ManufactureCountry>צרפת</ManufactureCountry>
      <ManufacturerItemDescription>פטריות שלמות 400 גרם</ManufacturerItemDescription>
      <UnitQty>גרמים</UnitQty>
      <Quantity>400.00</Quantity>
      <UnitOfMeasure>100 גרם</UnitOfMeasure>
      <bIsWeighted>0</bIsWeighted>
      <QtyInPackage>1</QtyInPackage>
      <ItemPrice>8.90</ItemPrice>
      <UnitOfMeasurePrice>2.2250</UnitOfMeasurePrice>
      <AllowDiscount>1</AllowDiscount>
      <ItemStatus>1</ItemStatus>
      <ItemId>109992</ItemId>
    </Item>
    <Item>
      <PriceUpdateDate>2015-10-01 06:13:34</PriceUpdateDate>
      <ItemCode>7290000118352</ItemCode>
      <ItemType>1</ItemType>
      <ItemName>לביבות לטקס כשלפ</ItemName>
      <ManufacturerName>יוניליוור</ManufacturerName>
      <ManufactureCountry>ישראל</ManufactureCountry>
      <ManufacturerItemDescription>לביבות לטקס 170 גרם כשל"פ</ManufacturerItemDescription>
      <UnitQty>גרמים</UnitQty>
      <Quantity>170.00</Quantity>
      <UnitOfMeasure>100 גרם</UnitOfMeasure>
      <bIsWeighted>0</bIsWeighted>
      <QtyInPackage>1</QtyInPackage>
      <ItemPrice>13.70</ItemPrice>
      <UnitOfMeasurePrice>8.0588</UnitOfMeasurePrice>
      <AllowDiscount>1</AllowDiscount>
      <ItemStatus>1</ItemStatus>
      <ItemId>286</ItemId>
    </Item>
    <Item>
      <PriceUpdateDate>2015-06-19 07:59:22</PriceUpdateDate>
      <ItemCode>7290000121093</ItemCode>
      <ItemType>1</ItemType>
      <ItemName>מון בלאן שוצרית</ItemName>
      <ManufacturerName>נטו מלינדה</ManufacturerName>
      <ManufactureCountry>ישראל</ManufactureCountry>
      <ManufacturerItemDescription>גבינה מותכת7%שומן-שוויצרי            120</ManufacturerItemDescription>
      <UnitQty>גרמים</UnitQty>
      <Quantity>120.00</Quantity>
      <UnitOfMeasure>100 גרם</UnitOfMeasure>
      <bIsWeighted>0</bIsWeighted>
      <QtyInPackage>1</QtyInPackage>
      <ItemPrice>12.20</ItemPrice>
      <UnitOfMeasurePrice>10.1667</UnitOfMeasurePrice>
      <AllowDiscount>1</AllowDiscount>
      <ItemStatus>1</ItemStatus>
      <ItemId>314</ItemId>
    </Item>
    <Item>
      <PriceUpdateDate>2016-05-19 11:18:06</PriceUpdateDate>
      <ItemCode>7290000121109</ItemCode>
      <ItemType>1</ItemType>
      <ItemName>מון בלאן זתים</ItemName>
      <ManufacturerName>נטו מלינדה</ManufacturerName>
      <ManufactureCountry>ישראל</ManufactureCountry>
      <ManufacturerItemDescription>גבינה מותכת7%שומן עם זית            -120</ManufacturerItemDescription>
      <UnitQty>גרמים</UnitQty>
      <Quantity>120.00</Quantity>
      <UnitOfMeasure>100 גרם</UnitOfMeasure>
      <bIsWeighted>0</bIsWeighted>
      <QtyInPackage>1</QtyInPackage>
      <ItemPrice>12.80</ItemPrice>
      <UnitOfMeasurePrice>10.6667</UnitOfMeasurePrice>
      <AllowDiscount>1</AllowDiscount>
      <ItemStatus>1</ItemStatus>
      <ItemId>315</ItemId>
    </Item>
    <Item>
      <PriceUpdateDate>2016-04-03 10:20:03</PriceUpdateDate>
      <ItemCode>7290001305188</ItemCode>
      <ItemType>1</ItemType>
      <ItemName>פלמוליב לכלים לימון</ItemName>
      <ManufacturerName>COLGATE (Greece)-PAL</ManufacturerName>
      <ManufactureCountry>יוון</ManufactureCountry>
      <ManufacturerItemDescription>פלמוליב כלים לימון 750 מל</ManufacturerItemDescription>
      <UnitQty>מיליליטרים</UnitQty>
      <Quantity>750.00</Quantity>
      <UnitOfMeasure>100 מ"ל</UnitOfMeasure>
      <bIsWeighted>0</bIsWeighted>
      <QtyInPackage>1</QtyInPackage>
      <ItemPrice>12.90</ItemPrice>
      <UnitOfMeasurePrice>1.7200</UnitOfMeasurePrice>
      <AllowDiscount>1</AllowDiscount>
      <ItemStatus>1</ItemStatus>
      <ItemId>441</ItemId>
    </Item>
    <Item>
      <PriceUpdateDate>2015-10-01 06:15:09</PriceUpdateDate>
      <ItemCode>7290001327029</ItemCode>
      <ItemType>1</ItemType>
      <ItemName>מאגדת מיקס שלגונים</ItemName>
      <ManufacturerName>שטראוס גלידות</ManufacturerName>
      <ManufactureCountry>ישראל</ManufactureCountry>
      <ManufacturerItemDescription>מאגדת מיקס שלגונים</ManufacturerItemDescription>
      <UnitQty>גרמים</UnitQty>
      <Quantity>452.00</Quantity>
      <UnitOfMeasure>100 גרם</UnitOfMeasure>
      <bIsWeighted>0</bIsWeighted>
      <QtyInPackage>1</QtyInPackage>
      <ItemPrice>37.30</ItemPrice>
      <UnitOfMeasurePrice>8.2522</UnitOfMeasurePrice>
      <AllowDiscount>1</AllowDiscount>
      <ItemStatus>1</ItemStatus>
      <ItemId>455</ItemId>
    </Item>
    <Item>
      <PriceUpdateDate>2016-06-15 07:39:58</PriceUpdateDate>
      <ItemCode>7290001327180</ItemCode>
      <ItemType>1</ItemType>
      <ItemName>קרמיסימו וניל ציפס</ItemName>
      <ManufacturerName>שטראוס גלידות</ManufacturerName>
      <ManufactureCountry>ישראל</ManufactureCountry>
      <ManufacturerItemDescription>קרמיסימו וניל ציפס 1.33 ל</ManufacturerItemDescription>
      <UnitQty>ליטרים</UnitQty>
      <Quantity>1.33</Quantity>
      <UnitOfMeasure>ליטר</UnitOfMeasure>
      <bIsWeighted>0</bIsWeighted>
      <QtyInPackage>1</QtyInPackage>
      <ItemPrice>23.90</ItemPrice>
      <UnitOfMeasurePrice>17.9699</UnitOfMeasurePrice>
      <AllowDiscount>1</AllowDiscount>
      <ItemStatus>1</ItemStatus>
      <ItemId>456</ItemId>
    </Item>
    <Item>
      <PriceUpdateDate>2016-06-15 07:39:58</PriceUpdateDate>
      <ItemCode>7290001327197</ItemCode>
      <ItemType>1</ItemType>
      <ItemName>קרמיסימו שוקו וניל</ItemName>
      <ManufacturerName>שטראוס גלידות</ManufacturerName>
      <ManufactureCountry>ישראל</ManufactureCountry>
      <ManufacturerItemDescription>קרמיסימו שוקו וניל                 1.33</ManufacturerItemDescription>
      <UnitQty>ליטרים</UnitQty>
      <Quantity>1.33</Quantity>
      <UnitOfMeasure>ליטר</UnitOfMeasure>
      <bIsWeighted>0</bIsWeighted>
      <QtyInPackage>1</QtyInPackage>
      <ItemPrice>23.90</ItemPrice>
      <UnitOfMeasurePrice>17.9699</UnitOfMeasurePrice>
      <AllowDiscount>1</AllowDiscount>
      <ItemStatus>1</ItemStatus>
      <ItemId>457</ItemId>
    </Item>
    <Item>
      <PriceUpdateDate>2016-06-15 07:39:58</PriceUpdateDate>
      <ItemCode>7290001327357</ItemCode>
      <ItemType>1</ItemType>
      <ItemName>קרמיסימו וניל</ItemName>
      <ManufacturerName>שטראוס גלידות</ManufacturerName>
      <ManufactureCountry>ישראל</ManufactureCountry>
      <ManufacturerItemDescription>קרמיסימו וניל 1.33 ל</ManufacturerItemDescription>
      <UnitQty>ליטרים</UnitQty>
      <Quantity>1.33</Quantity>
      <UnitOfMeasure>ליטר</UnitOfMeasure>
      <bIsWeighted>0</bIsWeighted>
      <QtyInPackage>1</QtyInPackage>
      <ItemPrice>23.90</ItemPrice>
      <UnitOfMeasurePrice>17.9699</UnitOfMeasurePrice>
      <AllowDiscount>1</AllowDiscount>
      <ItemStatus>1</ItemStatus>
      <ItemId>459</ItemId>
    </Item>
    <Item>
      <PriceUpdateDate>2016-06-15 07:39:58</PriceUpdateDate>
      <ItemCode>7290001327791</ItemCode>
      <ItemType>1</ItemType>
      <ItemName>קרמיסימו עוגיות</ItemName>
      <ManufacturerName>שטראוס</ManufacturerName>
      <ManufactureCountry>ישראל</ManufactureCountry>
      <ManufacturerItemDescription>קרמיסימו עוגיות 1.33 ל</ManufacturerItemDescription>
      <UnitQty>ליטרים</UnitQty>
      <Quantity>1.33</Quantity>
      <UnitOfMeasure>ליטר</UnitOfMeasure>
      <bIsWeighted>0</bIsWeighted>
      <QtyInPackage>1</QtyInPackage>
      <ItemPrice>23.90</ItemPrice>
      <UnitOfMeasurePrice>17.9699</UnitOfMeasurePrice>
      <AllowDiscount>1</AllowDiscount>
      <ItemStatus>1</ItemStatus>
      <ItemId>460</ItemId>
    </Item>
    <Item>
      <PriceUpdateDate>2015-10-01 06:15:10</PriceUpdateDate>
      <ItemCode>7290001327838</ItemCode>
      <ItemType>1</ItemType>
      <ItemName>מיני מגנום שוקו וניל</ItemName>
      <ManufacturerName>שטראוס גלידות</ManufacturerName>
      <ManufactureCountry>ישראל</ManufactureCountry>
      <ManufacturerItemDescription>מאגדת מיני מגנום וניל               1/5</ManufacturerItemDescription>
      <UnitQty>גרמים</UnitQty>
      <Quantity>280.00</Quantity>
      <UnitOfMeasure>100 גרם</UnitOfMeasure>
      <bIsWeighted>0</bIsWeighted>
      <QtyInPackage>1</QtyInPackage>
      <ItemPrice>28.40</ItemPrice>
      <UnitOfMeasurePrice>10.1429</UnitOfMeasurePrice>
      <AllowDiscount>1</AllowDiscount>
      <ItemStatus>1</ItemStatus>
      <ItemId>461</ItemId>
    </Item>
    <Item>
      <PriceUpdateDate>2015-10-01 06:15:10</PriceUpdateDate>
      <ItemCode>7290001327920</ItemCode>
      <ItemType>1</ItemType>
      <ItemName>שלגון מסטיגם</ItemName>
      <ManufacturerName>שטראוס גלידות</ManufacturerName>
      <ManufactureCountry>ישראל</ManufactureCountry>
      <ManufacturerItemDescription>שלגון מסטיגם - וניל מסטיק</ManufacturerItemDescription>
      <UnitQty>גרמים</UnitQty>
      <Quantity>88.00</Quantity>
      <UnitOfMeasure>100 גרם</UnitOfMeasure>
      <bIsWeighted>0</bIsWeighted>
      <QtyInPackage>1</QtyInPackage>
      <ItemPrice>5.80</ItemPrice>
      <UnitOfMeasurePrice>6.5909</UnitOfMeasurePrice>
      <AllowDiscount>1</AllowDiscount>
      <ItemStatus>1</ItemStatus>
      <ItemId>462</ItemId>
    </Item>
    <Item>
      <PriceUpdateDate>2015-10-01 06:14:28</PriceUpdateDate>
      <ItemCode>7290001338094</ItemCode>
      <ItemType>1</ItemType>
      <ItemName>סקין גארדSPF34 מל</ItemName>
      <ManufacturerName>אמיליה קוסמטיקס</ManufacturerName>
      <ManufactureCountry>ישראל</ManufactureCountry>
      <ManufacturerItemDescription>סקין גארדSPF34 מל                 .250-</ManufacturerItemDescription>
      <UnitQty>מיליליטרים</UnitQty>
      <Quantity>250.00</Quantity>
      <UnitOfMeasure>100 מ"ל</UnitOfMeasure>
      <bIsWeighted>0</bIsWeighted>
      <QtyInPackage>1</QtyInPackage>
      <ItemPrice>59.40</ItemPrice>
      <UnitOfMeasurePrice>23.7600</UnitOfMeasurePrice>
      <AllowDiscount>1</AllowDiscount>
      <ItemStatus>1</ItemStatus>
      <ItemId>478</ItemId>
    </Item>
    <Item>
      <PriceUpdateDate>2015-10-01 06:14:28</PriceUpdateDate>
      <ItemCode>7290001338254</ItemCode>
      <ItemType>1</ItemType>
      <ItemName>סקין גארד     SPF34</ItemName>
      <ManufacturerName>אמיליה קוסמטיקס</ManufacturerName>
      <ManufactureCountry>ישראל</ManufactureCountry>
      <ManufacturerItemDescription>סקין גארד                         SPF34</ManufacturerItemDescription>
      <UnitQty>מיליליטרים</UnitQty>
      <Quantity>125.00</Quantity>
      <UnitOfMeasure>100 מ"ל</UnitOfMeasure>
      <bIsWeighted>0</bIsWeighted>
      <QtyInPackage>1</QtyInPackage>
      <ItemPrice>34.70</ItemPrice>
      <UnitOfMeasurePrice>27.7600</UnitOfMeasurePrice>
      <AllowDiscount>1</AllowDiscount>
      <ItemStatus>1</ItemStatus>
      <ItemId>491</ItemId>
    </Item>
    <Item>
      <PriceUpdateDate>2015-08-09 08:03:39</PriceUpdateDate>
      <ItemCode>13495113506</ItemCode>
      <ItemType>1</ItemType>
      <ItemName>קליק ביסקוויט</ItemName>
      <ManufacturerName>אתר צפת חטיפים - Foo</ManufacturerName>
      <ManufactureCountry>ישראל</ManufactureCountry>
      <ManufacturerItemDescription>קליק ביסקוויט 75 גר</ManufacturerItemDescription>
      <UnitQty>גרמים</UnitQty>
      <Quantity>75.00</Quantity>
      <UnitOfMeasure>100 גרם</UnitOfMeasure>
      <bIsWeighted>0</bIsWeighted>
      <QtyInPackage>1</QtyInPackage>
      <ItemPrice>7.30</ItemPrice>
      <UnitOfMeasurePrice>9.7333</UnitOfMeasurePrice>
      <AllowDiscount>1</AllowDiscount>
      <ItemStatus>1</ItemStatus>
      <ItemId>498</ItemId>
    </Item>
    <Item>
      <PriceUpdateDate>2015-08-09 08:03:39</PriceUpdateDate>
      <ItemCode>13495113513</ItemCode>
      <ItemType>1</ItemType>
      <ItemName>קליק חלב</ItemName>
      <ManufacturerName>אתר צפת חטיפים - Foo</ManufacturerName>
      <ManufactureCountry>ישראל</ManufactureCountry>
      <ManufacturerItemDescription>קליק חלב 75 גר</ManufacturerItemDescription>
      <UnitQty>גרמים</UnitQty>
      <Quantity>75.00</Quantity>
      <UnitOfMeasure>100 גרם</UnitOfMeasure>
      <bIsWeighted>0</bIsWeighted>
      <QtyInPackage>1</QtyInPackage>
      <ItemPrice>7.30</ItemPrice>
      <UnitOfMeasurePrice>9.7333</UnitOfMeasurePrice>
      <AllowDiscount>1</AllowDiscount>
      <ItemStatus>1</ItemStatus>
      <ItemId>499</ItemId>
    </Item>
    <Item>
      <PriceUpdateDate>2015-08-09 08:03:39</PriceUpdateDate>
      <ItemCode>13495113520</ItemCode>
      <ItemType>1</ItemType>
      <ItemName>קליק קורנפלקס</ItemName>
      <ManufacturerName>אתר צפת חטיפים - Foo</ManufacturerName>
      <ManufactureCountry>ישראל</ManufactureCountry>
      <ManufacturerItemDescription>קליק קורנפלקס 75 גר</ManufacturerItemDescription>
      <UnitQty>גרמים</UnitQty>
      <Quantity>75.00</Quantity>
      <UnitOfMeasure>100 גרם</UnitOfMeasure>
      <bIsWeighted>0</bIsWeighted>
      <QtyInPackage>1</QtyInPackage>
      <ItemPrice>7.30</ItemPrice>
      <UnitOfMeasurePrice>9.7333</UnitOfMeasurePrice>
      <AllowDiscount>1</AllowDiscount>
      <ItemStatus>1</ItemStatus>
      <ItemId>500</ItemId>
    </Item>
    <Item>
      <PriceUpdateDate>2015-08-09 08:03:39</PriceUpdateDate>
      <ItemCode>13495113537</ItemCode>
      <ItemType>1</ItemType>
      <ItemName>קליק חום לבן</ItemName>
      <ManufacturerName>אתר צפת חטיפים - Foo</ManufacturerName>
      <ManufactureCountry>ישראל</ManufactureCountry>
      <ManufacturerItemDescription>קליק חום לבן 75 גרם</ManufacturerItemDescription>
      <UnitQty>גרמים</UnitQty>
      <Quantity>75.00</Quantity>
      <UnitOfMeasure>100 גרם</UnitOfMeasure>
      <bIsWeighted>0</bIsWeighted>
      <QtyInPackage>1</QtyInPackage>
      <ItemPrice>7.30</ItemPrice>
      <UnitOfMeasurePrice>9.7333</UnitOfMeasurePrice>
      <AllowDiscount>1</AllowDiscount>
      <ItemStatus>1</ItemStatus>
      <ItemId>501</ItemId>
    </Item>
    <Item>
      <PriceUpdateDate>2015-11-05 08:17:36</PriceUpdateDate>
      <ItemCode>13495113551</ItemCode>
      <ItemType>1</ItemType>
      <ItemName>קליק עוגי</ItemName>
      <ManufacturerName>אתר צפת חטיפים - Foo</ManufacturerName>
      <ManufactureCountry>לא ידוע</ManufactureCountry>
      <ManufacturerItemDescription>קליק עוגי 75 גר</ManufacturerItemDescription>
      <UnitQty>גרמים</UnitQty>
      <Quantity>75.00</Quantity>
      <UnitOfMeasure>100 גרם</UnitOfMeasure>
      <bIsWeighted>0</bIsWeighted>
      <QtyInPackage>1</QtyInPackage>
      <ItemPrice>7.30</ItemPrice>
      <UnitOfMeasurePrice>9.7333</UnitOfMeasurePrice>
      <AllowDiscount>1</AllowDiscount>
      <ItemStatus>1</ItemStatus>
      <ItemId>502</ItemId>
    </Item>
    <Item>
      <PriceUpdateDate>2015-08-09 08:03:39</PriceUpdateDate>
      <ItemCode>13495113582</ItemCode>
      <ItemType>1</ItemType>
      <ItemName>קליק כריות</ItemName>
      <ManufacturerName>אתר צפת חטיפים - Foo</ManufacturerName>
      <ManufactureCountry>ישראל</ManufactureCountry>
      <ManufacturerItemDescription>קליק כריות 75 גר</ManufacturerItemDescription>
      <UnitQty>גרמים</UnitQty>
      <Quantity>75.00</Quantity>
      <UnitOfMeasure>100 גרם</UnitOfMeasure>
      <bIsWeighted>0</bIsWeighted>
      <QtyInPackage>1</QtyInPackage>
      <ItemPrice>7.30</ItemPrice>
      <UnitOfMeasurePrice>9.7333</UnitOfMeasurePrice>
      <AllowDiscount>1</AllowDiscount>
      <ItemStatus>1</ItemStatus>
      <ItemId>503</ItemId>
    </Item>
    <Item>
      <PriceUpdateDate>2015-10-01 06:15:13</PriceUpdateDate>
      <ItemCode>7290000136721</ItemCode>
      <ItemType>1</ItemType>
      <ItemName>משקל גאמפ תפוזים</ItemName>
      <ManufacturerName>טמפו</ManufacturerName>
      <ManufactureCountry>לא ידוע</ManufactureCountry>
      <ManufacturerItemDescription>משקל גאמפ תפוזים 1.5 ל                .</ManufacturerItemDescription>
      <UnitQty>ליטרים</UnitQty>
      <Quantity>1.50</Quantity>
      <UnitOfMeasure>ליטר</UnitOfMeasure>
      <bIsWeighted>0</bIsWeighted>
      <QtyInPackage>1</QtyInPackage>
      <ItemPrice>5.90</ItemPrice>
      <UnitOfMeasurePrice>3.9333</UnitOfMeasurePrice>
      <AllowDiscount>1</AllowDiscount>
      <ItemStatus>1</ItemStatus>
      <ItemId>513</ItemId>
    </Item>
    <Item>
      <PriceUpdateDate>2015-10-01 06:15:13</PriceUpdateDate>
      <ItemCode>7290000136738</ItemCode>
      <ItemType>1</ItemType>
      <ItemName>משקל גאמפ אשכוליות</ItemName>
      <ManufacturerName>טמפו</ManufacturerName>
      <ManufactureCountry>ישראל</ManufactureCountry>
      <ManufacturerItemDescription>משקל גאמפ אשכוליות 1.5 ל              .</ManufacturerItemDescription>
      <UnitQty>ליטרים</UnitQty>
      <Quantity>1.50</Quantity>
      <UnitOfMeasure>ליטר</UnitOfMeasure>
      <bIsWeighted>0</bIsWeighted>
      <QtyInPackage>1</QtyInPackage>
      <ItemPrice>5.90</ItemPrice>
      <UnitOfMeasurePrice>3.9333</UnitOfMeasurePrice>
      <AllowDiscount>1</AllowDiscount>
      <ItemStatus>1</ItemStatus>
      <ItemId>514</ItemId>
    </Item>
    <Item>
      <PriceUpdateDate>2015-10-01 06:15:13</PriceUpdateDate>
      <ItemCode>7290000136745</ItemCode>
      <ItemType>1</ItemType>
      <ItemName>משקל גאמפ תות בננה</ItemName>
      <ManufacturerName>טמפו</ManufacturerName>
      <ManufactureCountry>לא ידוע</ManufactureCountry>
      <ManufacturerItemDescription>משקל גאמפ תות בננה 1.5 ל</ManufacturerItemDescription>
      <UnitQty>ליטרים</UnitQty>
      <Quantity>1.50</Quantity>
      <UnitOfMeasure>ליטר</UnitOfMeasure>
      <bIsWeighted>0</bIsWeighted>
      <QtyInPackage>1</QtyInPackage>
      <ItemPrice>5.90</ItemPrice>
      <UnitOfMeasurePrice>3.9333</UnitOfMeasurePrice>
      <AllowDiscount>1</AllowDiscount>
      <ItemStatus>1</ItemStatus>
      <ItemId>515</ItemId>
    </Item>
    <Item>
      <PriceUpdateDate>2015-10-01 06:15:10</PriceUpdateDate>
      <ItemCode>7290000137513</ItemCode>
      <ItemType>1</ItemType>
      <ItemName>גלידונית         60</ItemName>
      <ManufacturerName>שטראוס גלידות</ManufacturerName>
      <ManufactureCountry>ישראל</ManufactureCountry>
      <ManufacturerItemDescription>גלידונית                           1/60</ManufacturerItemDescription>
      <UnitQty>גרמים</UnitQty>
      <Quantity>630.00</Quantity>
      <UnitOfMeasure>100 גרם</UnitOfMeasure>
      <bIsWeighted>0</bIsWeighted>
      <QtyInPackage>1</QtyInPackage>
      <ItemPrice>57.10</ItemPrice>
      <UnitOfMeasurePrice>9.0635</UnitOfMeasurePrice>
      <AllowDiscount>1</AllowDiscount>
      <ItemStatus>1</ItemStatus>
      <ItemId>518</ItemId>
    </Item>
    <Item>
      <PriceUpdateDate>2015-10-01 06:15:10</PriceUpdateDate>
      <ItemCode>7290000137643</ItemCode>
      <ItemType>1</ItemType>
      <ItemName>טעמקור משפחתי</ItemName>
      <ManufacturerName>שטראוס גלידות</ManufacturerName>
      <ManufactureCountry>ישראל</ManufactureCountry>
      <ManufacturerItemDescription>טעמקור משפחתי                       1/8</ManufacturerItemDescription>
      <UnitQty>גרמים</UnitQty>
      <Quantity>500.00</Quantity>
      <UnitOfMeasure>100 גרם</UnitOfMeasure>
      <bIsWeighted>0</bIsWeighted>
      <QtyInPackage>1</QtyInPackage>
      <ItemPrice>42.00</ItemPrice>
      <UnitOfMeasurePrice>8.4000</UnitOfMeasurePrice>
      <AllowDiscount>1</AllowDiscount>
      <ItemStatus>1</ItemStatus>
      <ItemId>519</ItemId>
    </Item>
    <Item>
      <PriceUpdateDate>2016-04-11 08:20:41</PriceUpdateDate>
      <ItemCode>7290000143187</ItemCode>
      <ItemType>1</ItemType>
      <ItemName>שמפו הוואי לגבר</ItemName>
      <ManufacturerName>טרופיקל דגיל</ManufacturerName>
      <ManufactureCountry>ישראל</ManufactureCountry>
      <ManufacturerItemDescription>הוואי שמפו לגבר 700 מל                 .</ManufacturerItemDescription>
      <UnitQty>מיליליטרים</UnitQty>
      <Quantity>700.00</Quantity>
      <UnitOfMeasure>100 מ"ל</UnitOfMeasure>
      <bIsWeighted>0</bIsWeighted>
      <QtyInPackage>1</QtyInPackage>
      <ItemPrice>13.90</ItemPrice>
      <UnitOfMeasurePrice>1.9857</UnitOfMeasurePrice>
      <AllowDiscount>1</AllowDiscount>
      <ItemStatus>1</ItemStatus>
      <ItemId>555</ItemId>
    </Item>
    <Item>
      <PriceUpdateDate>2016-04-11 08:20:41</PriceUpdateDate>
      <ItemCode>7290000143217</ItemCode>
      <ItemType>1</ItemType>
      <ItemName>שמפו הוואי לשיער יבש</ItemName>
      <ManufacturerName>טרופיקל דגיל</ManufacturerName>
      <ManufactureCountry>ישראל</ManufactureCountry>
      <ManufacturerItemDescription>הוואי שמפו לשיער יבש 700 מל            .</ManufacturerItemDescription>
      <UnitQty>מיליליטרים</UnitQty>
      <Quantity>700.00</Quantity>
      <UnitOfMeasure>100 מ"ל</UnitOfMeasure>
      <bIsWeighted>0</bIsWeighted>
      <QtyInPackage>1</QtyInPackage>
      <ItemPrice>13.90</ItemPrice>
      <UnitOfMeasurePrice>1.9857</UnitOfMeasurePrice>
      <AllowDiscount>1</AllowDiscount>
      <ItemStatus>1</ItemStatus>
      <ItemId>558</ItemId>
    </Item>
    <Item>
      <PriceUpdateDate>2016-04-11 08:20:41</PriceUpdateDate>
      <ItemCode>7290000143255</ItemCode>
      <ItemType>1</ItemType>
      <ItemName>הוואי שמפו שיער רגיל</ItemName>
      <ManufacturerName>טרופיקל דגיל</ManufacturerName>
      <ManufactureCountry>ישראל</ManufactureCountry>
      <ManufacturerItemDescription>הוואי שמפו לשיער רגיל 700 מל</ManufacturerItemDescription>
      <UnitQty>מיליליטרים</UnitQty>
      <Quantity>700.00</Quantity>
      <UnitOfMeasure>100 מ"ל</UnitOfMeasure>
      <bIsWeighted>0</bIsWeighted>
      <QtyInPackage>1</QtyInPackage>
      <ItemPrice>13.90</ItemPrice>
      <UnitOfMeasurePrice>1.9857</UnitOfMeasurePrice>
      <AllowDiscount>1</AllowDiscount>
      <ItemStatus>1</ItemStatus>
      <ItemId>560</ItemId>
    </Item>
    <Item>
      <PriceUpdateDate>2016-04-11 08:20:41</PriceUpdateDate>
      <ItemCode>7290000143262</ItemCode>
      <ItemType>1</ItemType>
      <ItemName>הוואי שמפו לילדים</ItemName>
      <ManufacturerName>טרופיקל דגיל</ManufacturerName>
      <ManufactureCountry>ישראל</ManufactureCountry>
      <ManufacturerItemDescription>הוואי שמפו לילדים 700 מל               .</ManufacturerItemDescription>
      <UnitQty>מיליליטרים</UnitQty>
      <Quantity>700.00</Quantity>
      <UnitOfMeasure>100 מ"ל</UnitOfMeasure>
      <bIsWeighted>0</bIsWeighted>
      <QtyInPackage>1</QtyInPackage>
      <ItemPrice>13.90</ItemPrice>
      <UnitOfMeasurePrice>1.9857</UnitOfMeasurePrice>
      <AllowDiscount>1</AllowDiscount>
      <ItemStatus>1</ItemStatus>
      <ItemId>561</ItemId>
    </Item>
    <Item>
      <PriceUpdateDate>2016-04-11 08:20:41</PriceUpdateDate>
      <ItemCode>7290000143286</ItemCode>
      <ItemType>1</ItemType>
      <ItemName>הוואי מרכך שיער רגיל</ItemName>
      <ManufacturerName>טרופיקל דגיל</ManufacturerName>
      <ManufactureCountry>ישראל</ManufactureCountry>
      <ManufacturerItemDescription>הוואי מרכך לשיער רגיל 700 מל           .</ManufacturerItemDescription>
      <UnitQty>מיליליטרים</UnitQty>
      <Quantity>700.00</Quantity>
      <UnitOfMeasure>100 מ"ל</UnitOfMeasure>
      <bIsWeighted>0</bIsWeighted>
      <QtyInPackage>1</QtyInPackage>
      <ItemPrice>13.90</ItemPrice>
      <UnitOfMeasurePrice>1.9857</UnitOfMeasurePrice>
      <AllowDiscount>1</AllowDiscount>
      <ItemStatus>1</ItemStatus>
      <ItemId>563</ItemId>
    </Item>
    <Item>
      <PriceUpdateDate>2015-01-01 00:00:00</PriceUpdateDate>
      <ItemCode>7290001462010</ItemCode>
      <ItemType>1</ItemType>
      <ItemName>אריסה מרוקאית</ItemName>
      <ManufacturerName>תבליני ביטון</ManufacturerName>
      <ManufactureCountry>ישראל</ManufactureCountry>
      <ManufacturerItemDescription>אריסה מרוקאית 250 גרם</ManufacturerItemDescription>
      <UnitQty>גרמים</UnitQty>
      <Quantity>250.00</Quantity>
      <UnitOfMeasure>100 גרם</UnitOfMeasure>
      <bIsWeighted>0</bIsWeighted>
      <QtyInPackage>1</QtyInPackage>
      <ItemPrice>15.40</ItemPrice>
      <UnitOfMeasurePrice>6.1600</UnitOfMeasurePrice>
      <AllowDiscount>1</AllowDiscount>
      <ItemStatus>1</ItemStatus>
      <ItemId>585</ItemId>
    </Item>
    <Item>
      <PriceUpdateDate>2015-11-01 09:42:19</PriceUpdateDate>
      <ItemCode>7290000146645</ItemCode>
      <ItemType>1</ItemType>
      <ItemName>סבון הוואי מוצק שחור</ItemName>
      <ManufacturerName>טרופיקל דגיל</ManufacturerName>
      <ManufactureCountry>ישראל</ManufactureCountry>
      <ManufacturerItemDescription>סבון הוואי מוצק שחור100  1/4 ג</ManufacturerItemDescription>
      <UnitQty>גרמים</UnitQty>
      <Quantity>400.00</Quantity>
      <UnitOfMeasure>100 גרם</UnitOfMeasure>
      <bIsWeighted>0</bIsWeighted>
      <QtyInPackage>1</QtyInPackage>
      <ItemPrice>14.90</ItemPrice>
      <UnitOfMeasurePrice>3.7250</UnitOfMeasurePrice>
      <AllowDiscount>1</AllowDiscount>
      <ItemStatus>1</ItemStatus>
      <ItemId>594</ItemId>
    </Item>
    <Item>
      <PriceUpdateDate>2016-08-31 16:53:10</PriceUpdateDate>
      <ItemCode>7290001491812</ItemCode>
      <ItemType>1</ItemType>
      <ItemName>תה ירוק פירות יער</ItemName>
      <ManufacturerName>ויסוצקי</ManufacturerName>
      <ManufactureCountry>ישראל</ManufactureCountry>
      <ManufacturerItemDescription>תה ירוק פירות יער                  1/25</ManufacturerItemDescription>
      <UnitQty>גרמים</UnitQty>
      <Quantity>37.00</Quantity>
      <UnitOfMeasure>100 גרם</UnitOfMeasure>
      <bIsWeighted>0</bIsWeighted>
      <QtyInPackage>1</QtyInPackage>
      <ItemPrice>26.90</ItemPrice>
      <UnitOfMeasurePrice>72.7027</UnitOfMeasurePrice>
      <AllowDiscount>1</AllowDiscount>
      <ItemStatus>1</ItemStatus>
      <ItemId>665</ItemId>
    </Item>
    <Item>
      <PriceUpdateDate>2015-10-01 06:14:28</PriceUpdateDate>
      <ItemCode>7290000149844</ItemCode>
      <ItemType>1</ItemType>
      <ItemName>סינטבון חתול</ItemName>
      <ManufacturerName>סנו</ManufacturerName>
      <ManufactureCountry>ישראל</ManufactureCountry>
      <ManufacturerItemDescription>סינטבון חתול 230 גר                    .</ManufacturerItemDescription>
      <UnitQty>גרמים</UnitQty>
      <Quantity>230.00</Quantity>
      <UnitOfMeasure>100 גרם</UnitOfMeasure>
      <bIsWeighted>0</bIsWeighted>
      <QtyInPackage>1</QtyInPackage>
      <ItemPrice>8.80</ItemPrice>
      <UnitOfMeasurePrice>3.8261</UnitOfMeasurePrice>
      <AllowDiscount>1</AllowDiscount>
      <ItemStatus>1</ItemStatus>
      <ItemId>680</ItemId>
    </Item>
    <Item>
      <PriceUpdateDate>2015-10-01 06:14:28</PriceUpdateDate>
      <ItemCode>7290000149905</ItemCode>
      <ItemType>1</ItemType>
      <ItemName>טקסטיל שמפו נוזלי1 ל</ItemName>
      <ManufacturerName>סנו</ManufacturerName>
      <ManufactureCountry>ישראל</ManufactureCountry>
      <ManufacturerItemDescription>טקסטיל שמפו נוזלי1 ל                   .</ManufacturerItemDescription>
      <UnitQty>ליטרים</UnitQty>
      <Quantity>1.00</Quantity>
      <UnitOfMeasure>ליטר</UnitOfMeasure>
      <bIsWeighted>0</bIsWeighted>
      <QtyInPackage>1</QtyInPackage>
      <ItemPrice>15.70</ItemPrice>
      <UnitOfMeasurePrice>15.7000</UnitOfMeasurePrice>
      <AllowDiscount>1</AllowDiscount>
      <ItemStatus>1</ItemStatus>
      <ItemId>682</ItemId>
    </Item>
    <Item>
      <PriceUpdateDate>2015-10-01 06:16:13</PriceUpdateDate>
      <ItemCode>7290000152141</ItemCode>
      <ItemType>1</ItemType>
      <ItemName>סלמי פרוס בואקום 300</ItemName>
      <ManufacturerName>עוף טוב</ManufacturerName>
      <ManufactureCountry>לא ידוע</ManufactureCountry>
      <ManufacturerItemDescription>סלמי פרוס 300 ג "ואקום</ManufacturerItemDescription>
      <UnitQty>גרמים</UnitQty>
      <Quantity>300.00</Quantity>
      <UnitOfMeasure>100 גרם</UnitOfMeasure>
      <bIsWeighted>0</bIsWeighted>
      <QtyInPackage>1</QtyInPackage>
      <ItemPrice>27.90</ItemPrice>
      <UnitOfMeasurePrice>9.3000</UnitOfMeasurePrice>
      <AllowDiscount>1</AllowDiscount>
      <ItemStatus>1</ItemStatus>
      <ItemId>744</ItemId>
    </Item>
    <Item>
      <PriceUpdateDate>2015-10-01 06:15:12</PriceUpdateDate>
      <ItemCode>7290015597005</ItemCode>
      <ItemType>1</ItemType>
      <ItemName>שלגון מגנום קרם ברול</ItemName>
      <ManufacturerName>גלידת שטראוס בע"מ</ManufacturerName>
      <ManufactureCountry>ישראל</ManufactureCountry>
      <ManufacturerItemDescription>שלגון מגנום קרם ברולה</ManufacturerItemDescription>
      <UnitQty>גרמים</UnitQty>
      <Quantity>120.00</Quantity>
      <UnitOfMeasure>100 גרם</UnitOfMeasure>
      <bIsWeighted>0</bIsWeighted>
      <QtyInPackage>1</QtyInPackage>
      <ItemPrice>11.80</ItemPrice>
      <UnitOfMeasurePrice>9.8333</UnitOfMeasurePrice>
      <AllowDiscount>1</AllowDiscount>
      <ItemStatus>1</ItemStatus>
      <ItemId>101867</ItemId>
    </Item>
    <Item>
      <PriceUpdateDate>2015-10-01 06:15:28</PriceUpdateDate>
      <ItemCode>7290001594155</ItemCode>
      <ItemType>1</ItemType>
      <ItemName>קוקה קולה 500 מל</ItemName>
      <ManufacturerName>החברה המרכזית למשקאו</ManufacturerName>
      <ManufactureCountry>ישראל</ManufactureCountry>
      <ManufacturerItemDescription>קוקה קולה500 מל                        .</ManufacturerItemDescription>
      <UnitQty>מיליליטרים</UnitQty>
      <Quantity>500.00</Quantity>
      <UnitOfMeasure>100 מ"ל</UnitOfMeasure>
      <bIsWeighted>0</bIsWeighted>
      <QtyInPackage>1</QtyInPackage>
      <ItemPrice>6.90</ItemPrice>
      <UnitOfMeasurePrice>1.3800</UnitOfMeasurePrice>
      <AllowDiscount>1</AllowDiscount>
      <ItemStatus>1</ItemStatus>
      <ItemId>783</ItemId>
    </Item>
    <Item>
      <PriceUpdateDate>2015-10-01 06:15:28</PriceUpdateDate>
      <ItemCode>7290001594179</ItemCode>
      <ItemType>1</ItemType>
      <ItemName>פאנטה אורנג 500 מל</ItemName>
      <ManufacturerName>החברה המרכזית למשקאו</ManufacturerName>
      <ManufactureCountry>ישראל</ManufactureCountry>
      <ManufacturerItemDescription>פאנטה אורנג 500 בקבוק</ManufacturerItemDescription>
      <UnitQty>מיליליטרים</UnitQty>
      <Quantity>500.00</Quantity>
      <UnitOfMeasure>100 מ"ל</UnitOfMeasure>
      <bIsWeighted>0</bIsWeighted>
      <QtyInPackage>1</QtyInPackage>
      <ItemPrice>6.90</ItemPrice>
      <UnitOfMeasurePrice>1.3800</UnitOfMeasurePrice>
      <AllowDiscount>1</AllowDiscount>
      <ItemStatus>1</ItemStatus>
      <ItemId>785</ItemId>
    </Item>
    <Item>
      <PriceUpdateDate>2015-10-01 06:15:28</PriceUpdateDate>
      <ItemCode>7290001594377</ItemCode>
      <ItemType>1</ItemType>
      <ItemName>משקל פריגת תפוזים</ItemName>
      <ManufacturerName>פריגת</ManufacturerName>
      <ManufactureCountry>ישראל</ManufactureCountry>
      <ManufacturerItemDescription>משקל פריגת תפוזים500 מל                .</ManufacturerItemDescription>
      <UnitQty>מיליליטרים</UnitQty>
      <Quantity>500.00</Quantity>
      <UnitOfMeasure>100 מ"ל</UnitOfMeasure>
      <bIsWeighted>0</bIsWeighted>
      <QtyInPackage>1</QtyInPackage>
      <ItemPrice>7.40</ItemPrice>
      <UnitOfMeasurePrice>1.4800</UnitOfMeasurePrice>
      <AllowDiscount>1</AllowDiscount>
      <ItemStatus>1</ItemStatus>
      <ItemId>789</ItemId>
    </Item>
    <Item>
      <PriceUpdateDate>2015-10-01 06:15:28</PriceUpdateDate>
      <ItemCode>7290001594391</ItemCode>
      <ItemType>1</ItemType>
      <ItemName>משקל פריגת ענבים</ItemName>
      <ManufacturerName>פריגת</ManufacturerName>
      <ManufactureCountry>ישראל</ManufactureCountry>
      <ManufacturerItemDescription>משקל פריגת ענבים500 מל                 .</ManufacturerItemDescription>
      <UnitQty>מיליליטרים</UnitQty>
      <Quantity>500.00</Quantity>
      <UnitOfMeasure>100 מ"ל</UnitOfMeasure>
      <bIsWeighted>0</bIsWeighted>
      <QtyInPackage>1</QtyInPackage>
      <ItemPrice>7.40</ItemPrice>
      <UnitOfMeasurePrice>1.4800</UnitOfMeasurePrice>
      <AllowDiscount>1</AllowDiscount>
      <ItemStatus>1</ItemStatus>
      <ItemId>791</ItemId>
    </Item>
    <Item>
      <PriceUpdateDate>2015-10-01 06:15:19</PriceUpdateDate>
      <ItemCode>7290003220519</ItemCode>
      <ItemType>1</ItemType>
      <ItemName>קרם קוקוס</ItemName>
      <ManufacturerName>ASIATIC AGRO INDUSTR</ManufacturerName>
      <ManufactureCountry>תאילנד</ManufactureCountry>
      <ManufacturerItemDescription>קרם קוקוס 400 מ"ל</ManufacturerItemDescription>
      <UnitQty>מיליליטרים</UnitQty>
      <Quantity>400.00</Quantity>
      <UnitOfMeasure>100 מ"ל</UnitOfMeasure>
      <bIsWeighted>0</bIsWeighted>
      <QtyInPackage>1</QtyInPackage>
      <ItemPrice>10.70</ItemPrice>
      <UnitOfMeasurePrice>2.6750</UnitOfMeasurePrice>
      <AllowDiscount>1</AllowDiscount>
      <ItemStatus>1</ItemStatus>
      <ItemId>71143</ItemId>
    </Item>
    <Item>
      <PriceUpdateDate>2015-12-30 08:34:38</PriceUpdateDate>
      <ItemCode>7290001670514</ItemCode>
      <ItemType>1</ItemType>
      <ItemName>מלית אוכמניות  400</ItemName>
      <ManufacturerName>פוליבה</ManufacturerName>
      <ManufactureCountry>ישראל</ManufactureCountry>
      <ManufacturerItemDescription>מלית אוכמניות 400  גרם</ManufacturerItemDescription>
      <UnitQty>גרמים</UnitQty>
      <Quantity>400.00</Quantity>
      <UnitOfMeasure>100 גרם</UnitOfMeasure>
      <bIsWeighted>0</bIsWeighted>
      <QtyInPackage>1</QtyInPackage>
      <ItemPrice>21.90</ItemPrice>
      <UnitOfMeasurePrice>5.4750</UnitOfMeasurePrice>
      <AllowDiscount>1</AllowDiscount>
      <ItemStatus>1</ItemStatus>
      <ItemId>824</ItemId>
    </Item>
    <Item>
      <PriceUpdateDate>2015-08-12 06:10:40</PriceUpdateDate>
      <ItemCode>7290000170053</ItemCode>
      <ItemType>1</ItemType>
      <ItemName>שוקולד חלב פרה שטוח</ItemName>
      <ManufacturerName>שטראוס גרופ</ManufacturerName>
      <ManufactureCountry>ישראל</ManufactureCountry>
      <ManufacturerItemDescription>שוקולד פרה חלב שטוח 100 גר             "</ManufacturerItemDescription>
      <UnitQty>גרמים</UnitQty>
      <Quantity>100.00</Quantity>
      <UnitOfMeasure>100 גרם</UnitOfMeasure>
      <bIsWeighted>0</bIsWeighted>
      <QtyInPackage>1</QtyInPackage>
      <ItemPrice>6.40</ItemPrice>
      <UnitOfMeasurePrice>6.4000</UnitOfMeasurePrice>
      <AllowDiscount>1</AllowDiscount>
      <ItemStatus>1</ItemStatus>
      <ItemId>828</ItemId>
    </Item>
    <Item>
      <PriceUpdateDate>2015-08-12 06:10:40</PriceUpdateDate>
      <ItemCode>7290000170077</ItemCode>
      <ItemType>1</ItemType>
      <ItemName>שוקולד מריר שטוח</ItemName>
      <ManufacturerName>שטראוס גרופ</ManufacturerName>
      <ManufactureCountry>ישראל</ManufactureCountry>
      <ManufacturerItemDescription>שוקולד פרה מריר שטוח 100 גר            .</ManufacturerItemDescription>
      <UnitQty>גרמים</UnitQty>
      <Quantity>100.00</Quantity>
      <UnitOfMeasure>100 גרם</UnitOfMeasure>
      <bIsWeighted>0</bIsWeighted>
      <QtyInPackage>1</QtyInPackage>
      <ItemPrice>6.40</ItemPrice>
      <UnitOfMeasurePrice>6.4000</UnitOfMeasurePrice>
      <AllowDiscount>1</AllowDiscount>
      <ItemStatus>1</ItemStatus>
      <ItemId>829</ItemId>
    </Item>
    <Item>
      <PriceUpdateDate>2015-10-01 06:13:12</PriceUpdateDate>
      <ItemCode>7290000170275</ItemCode>
      <ItemType>1</ItemType>
      <ItemName>שוקולד פרה קרם נוגט</ItemName>
      <ManufacturerName>שטראוס גרופ</ManufacturerName>
      <ManufactureCountry>ישראל</ManufactureCountry>
      <ManufacturerItemDescription>שוקולד פרה קרם נוגט 100 גר             .</ManufacturerItemDescription>
      <UnitQty>גרמים</UnitQty>
      <Quantity>100.00</Quantity>
      <UnitOfMeasure>100 גרם</UnitOfMeasure>
      <bIsWeighted>0</bIsWeighted>
      <QtyInPackage>1</QtyInPackage>
      <ItemPrice>6.60</ItemPrice>
      <UnitOfMeasurePrice>6.6000</UnitOfMeasurePrice>
      <AllowDiscount>1</AllowDiscount>
      <ItemStatus>1</ItemStatus>
      <ItemId>837</ItemId>
    </Item>
    <Item>
      <PriceUpdateDate>2015-08-12 06:10:40</PriceUpdateDate>
      <ItemCode>7290000171470</ItemCode>
      <ItemType>1</ItemType>
      <ItemName>כיף כף</ItemName>
      <ManufacturerName>שטראוס גרופ</ManufacturerName>
      <ManufactureCountry>ישראל</ManufactureCountry>
      <ManufacturerItemDescription>חטיף כיף כף45 גר                       .</ManufacturerItemDescription>
      <UnitQty>Unknown </UnitQty>
      <Quantity>0.00</Quantity>
      <UnitOfMeasure>Unknown </UnitOfMeasure>
      <bIsWeighted>0</bIsWeighted>
      <QtyInPackage>1</QtyInPackage>
      <ItemPrice>4.60</ItemPrice>
      <UnitOfMeasurePrice>0.0000</UnitOfMeasurePrice>
      <AllowDiscount>1</AllowDiscount>
      <ItemStatus>1</ItemStatus>
      <ItemId>841</ItemId>
    </Item>
    <Item>
      <PriceUpdateDate>2015-10-01 06:13:12</PriceUpdateDate>
      <ItemCode>7290000174099</ItemCode>
      <ItemType>1</ItemType>
      <ItemName>וופל שוקולד</ItemName>
      <ManufacturerName>שטראוס גרופ</ManufacturerName>
      <ManufactureCountry>ישראל</ManufactureCountry>
      <ManufacturerItemDescription>וופל שוקולד 500 גר                     .</ManufacturerItemDescription>
      <UnitQty>גרמים</UnitQty>
      <Quantity>500.00</Quantity>
      <UnitOfMeasure>100 גרם</UnitOfMeasure>
      <bIsWeighted>0</bIsWeighted>
      <QtyInPackage>1</QtyInPackage>
      <ItemPrice>13.80</ItemPrice>
      <UnitOfMeasurePrice>2.7600</UnitOfMeasurePrice>
      <AllowDiscount>1</AllowDiscount>
      <ItemStatus>1</ItemStatus>
      <ItemId>860</ItemId>
    </Item>
    <Item>
      <PriceUpdateDate>2015-10-01 06:13:12</PriceUpdateDate>
      <ItemCode>7290000174723</ItemCode>
      <ItemType>1</ItemType>
      <ItemName>שוקולית</ItemName>
      <ManufacturerName>שטראוס גרופ</ManufacturerName>
      <ManufactureCountry>ישראל</ManufactureCountry>
      <ManufacturerItemDescription>שוקולית עלית 500 גרם</ManufacturerItemDescription>
      <UnitQty>גרמים</UnitQty>
      <Quantity>500.00</Quantity>
      <UnitOfMeasure>100 גרם</UnitOfMeasure>
      <bIsWeighted>0</bIsWeighted>
      <QtyInPackage>1</QtyInPackage>
      <ItemPrice>15.70</ItemPrice>
      <UnitOfMeasurePrice>3.1400</UnitOfMeasurePrice>
      <AllowDiscount>1</AllowDiscount>
      <ItemStatus>1</ItemStatus>
      <ItemId>862</ItemId>
    </Item>
    <Item>
      <PriceUpdateDate>2015-10-01 06:13:12</PriceUpdateDate>
      <ItemCode>7290000176062</ItemCode>
      <ItemType>1</ItemType>
      <ItemName>קפה טורקי עלית</ItemName>
      <ManufacturerName>שטראוס גרופ</ManufacturerName>
      <ManufactureCountry>ישראל</ManufactureCountry>
      <ManufacturerItemDescription>קפה טורקי בצלופן 100 גרם</ManufacturerItemDescription>
      <UnitQty>גרמים</UnitQty>
      <Quantity>100.00</Quantity>
      <UnitOfMeasure>100 גרם</UnitOfMeasure>
      <bIsWeighted>0</bIsWeighted>
      <QtyInPackage>1</QtyInPackage>
      <ItemPrice>9.90</ItemPrice>
      <UnitOfMeasurePrice>9.9000</UnitOfMeasurePrice>
      <AllowDiscount>1</AllowDiscount>
      <ItemStatus>1</ItemStatus>
      <ItemId>872</ItemId>
    </Item>
    <Item>
      <PriceUpdateDate>2015-10-01 06:13:12</PriceUpdateDate>
      <ItemCode>7290000176079</ItemCode>
      <ItemType>1</ItemType>
      <ItemName>קפה טחון עם הל</ItemName>
      <ManufacturerName>שטראוס גרופ</ManufacturerName>
      <ManufactureCountry>ישראל</ManufactureCountry>
      <ManufacturerItemDescription>קפה עם הל 100 גר                       .</ManufacturerItemDescription>
      <UnitQty>גרמים</UnitQty>
      <Quantity>100.00</Quantity>
      <UnitOfMeasure>100 גרם</UnitOfMeasure>
      <bIsWeighted>0</bIsWeighted>
      <QtyInPackage>1</QtyInPackage>
      <ItemPrice>10.20</ItemPrice>
      <UnitOfMeasurePrice>10.2000</UnitOfMeasurePrice>
      <AllowDiscount>1</AllowDiscount>
      <ItemStatus>1</ItemStatus>
      <ItemId>873</ItemId>
    </Item>
    <Item>
      <PriceUpdateDate>2015-10-01 06:13:12</PriceUpdateDate>
      <ItemCode>7290000176413</ItemCode>
      <ItemType>1</ItemType>
      <ItemName>קפה נמס עלית</ItemName>
      <ManufacturerName>שטראוס גרופ</ManufacturerName>
      <ManufactureCountry>ישראל</ManufactureCountry>
      <ManufacturerItemDescription>קפה נמס עלית 50 גר                     .</ManufacturerItemDescription>
      <UnitQty>גרמים</UnitQty>
      <Quantity>50.00</Quantity>
      <UnitOfMeasure>100 גרם</UnitOfMeasure>
      <bIsWeighted>0</bIsWeighted>
      <QtyInPackage>1</QtyInPackage>
      <ItemPrice>10.80</ItemPrice>
      <UnitOfMeasurePrice>21.6000</UnitOfMeasurePrice>
      <AllowDiscount>1</AllowDiscount>
      <ItemStatus>1</ItemStatus>
      <ItemId>878</ItemId>
    </Item>
    <Item>
      <PriceUpdateDate>2015-08-14 07:09:07</PriceUpdateDate>
      <ItemCode>7290000176420</ItemCode>
      <ItemType>1</ItemType>
      <ItemName>קפה נמס עלית       .</ItemName>
      <ManufacturerName>שטראוס גרופ</ManufacturerName>
      <ManufactureCountry>ישראל</ManufactureCountry>
      <ManufacturerItemDescription>קפה נמס עלית פחית 200 גר               .</ManufacturerItemDescription>
      <UnitQty>גרמים</UnitQty>
      <Quantity>200.00</Quantity>
      <UnitOfMeasure>100 גרם</UnitOfMeasure>
      <bIsWeighted>0</bIsWeighted>
      <QtyInPackage>1</QtyInPackage>
      <ItemPrice>21.90</ItemPrice>
      <UnitOfMeasurePrice>10.9500</UnitOfMeasurePrice>
      <AllowDiscount>1</AllowDiscount>
      <ItemStatus>1</ItemStatus>
      <ItemId>879</ItemId>
    </Item>
    <Item>
      <PriceUpdateDate>2015-10-01 06:13:12</PriceUpdateDate>
      <ItemCode>7290000176475</ItemCode>
      <ItemType>1</ItemType>
      <ItemName>קפה נמס האג</ItemName>
      <ManufacturerName>שטראוס גרופ</ManufacturerName>
      <ManufactureCountry>ישראל</ManufactureCountry>
      <ManufacturerItemDescription>קפה נמס האג עלית קופסא200 גר           .</ManufacturerItemDescription>
      <UnitQty>גרמים</UnitQty>
      <Quantity>200.00</Quantity>
      <UnitOfMeasure>100 גרם</UnitOfMeasure>
      <bIsWeighted>0</bIsWeighted>
      <QtyInPackage>1</QtyInPackage>
      <ItemPrice>36.40</ItemPrice>
      <UnitOfMeasurePrice>18.2000</UnitOfMeasurePrice>
      <AllowDiscount>1</AllowDiscount>
      <ItemStatus>1</ItemStatus>
      <ItemId>881</ItemId>
    </Item>
    <Item>
      <PriceUpdateDate>2015-08-12 06:10:41</PriceUpdateDate>
      <ItemCode>7290000176857</ItemCode>
      <ItemType>1</ItemType>
      <ItemName>שוקולד לבן פרה</ItemName>
      <ManufacturerName>שטראוס גרופ</ManufacturerName>
      <ManufactureCountry>ישראל</ManufactureCountry>
      <ManufacturerItemDescription>שוקולד פרה לבן 100 גר                  .</ManufacturerItemDescription>
      <UnitQty>גרמים</UnitQty>
      <Quantity>100.00</Quantity>
      <UnitOfMeasure>100 גרם</UnitOfMeasure>
      <bIsWeighted>0</bIsWeighted>
      <QtyInPackage>1</QtyInPackage>
      <ItemPrice>6.40</ItemPrice>
      <UnitOfMeasurePrice>6.4000</UnitOfMeasurePrice>
      <AllowDiscount>1</AllowDiscount>
      <ItemStatus>1</ItemStatus>
      <ItemId>882</ItemId>
    </Item>
    <Item>
      <PriceUpdateDate>2015-10-01 06:13:13</PriceUpdateDate>
      <ItemCode>7290000178103</ItemCode>
      <ItemType>1</ItemType>
      <ItemName>שוקולד חלב פרה  1/4</ItemName>
      <ManufacturerName>שטראוס גרופ</ManufacturerName>
      <ManufactureCountry>ישראל</ManufactureCountry>
      <ManufacturerItemDescription>אריזת חיסכון רביעיית פרה חלב           .</ManufacturerItemDescription>
      <UnitQty>גרמים</UnitQty>
      <Quantity>400.00</Quantity>
      <UnitOfMeasure>100 גרם</UnitOfMeasure>
      <bIsWeighted>0</bIsWeighted>
      <QtyInPackage>1</QtyInPackage>
      <ItemPrice>24.10</ItemPrice>
      <UnitOfMeasurePrice>6.0250</UnitOfMeasurePrice>
      <AllowDiscount>1</AllowDiscount>
      <ItemStatus>1</ItemStatus>
      <ItemId>905</ItemId>
    </Item>
    <Item>
      <PriceUpdateDate>2015-10-01 06:13:13</PriceUpdateDate>
      <ItemCode>7290000178660</ItemCode>
      <ItemType>1</ItemType>
      <ItemName>וופל מצופה שוקולד</ItemName>
      <ManufacturerName>שטראוס גרופ</ManufacturerName>
      <ManufactureCountry>ישראל</ManufactureCountry>
      <ManufacturerItemDescription>וופל מצופה שוקולד 500 גר               .</ManufacturerItemDescription>
      <UnitQty>גרמים</UnitQty>
      <Quantity>500.00</Quantity>
      <UnitOfMeasure>100 גרם</UnitOfMeasure>
      <bIsWeighted>0</bIsWeighted>
      <QtyInPackage>1</QtyInPackage>
      <ItemPrice>18.60</ItemPrice>
      <UnitOfMeasurePrice>3.7200</UnitOfMeasurePrice>
      <AllowDiscount>1</AllowDiscount>
      <ItemStatus>1</ItemStatus>
      <ItemId>910</ItemId>
    </Item>
    <Item>
      <PriceUpdateDate>2015-08-05 17:31:10</PriceUpdateDate>
      <ItemCode>7290000178707</ItemCode>
      <ItemType>1</ItemType>
      <ItemName>תפוציפס מלוח</ItemName>
      <ManufacturerName>שטראוס גרופ</ManufacturerName>
      <ManufactureCountry>ישראל</ManufactureCountry>
      <ManufacturerItemDescription>תפוציפס מלוח 50 גר                     .</ManufacturerItemDescription>
      <UnitQty>גרמים</UnitQty>
      <Quantity>50.00</Quantity>
      <UnitOfMeasure>100 גרם</UnitOfMeasure>
      <bIsWeighted>0</bIsWeighted>
      <QtyInPackage>1</QtyInPackage>
      <ItemPrice>4.40</ItemPrice>
      <UnitOfMeasurePrice>8.8000</UnitOfMeasurePrice>
      <AllowDiscount>1</AllowDiscount>
      <ItemStatus>1</ItemStatus>
      <ItemId>916</ItemId>
    </Item>
    <Item>
      <PriceUpdateDate>2015-10-01 06:13:13</PriceUpdateDate>
      <ItemCode>7290000178721</ItemCode>
      <ItemType>1</ItemType>
      <ItemName>תפוציפס מלוח</ItemName>
      <ManufacturerName>שטראוס גרופ</ManufacturerName>
      <ManufactureCountry>ישראל</ManufactureCountry>
      <ManufacturerItemDescription>תפוציפס מלוח 200 גר                    .</ManufacturerItemDescription>
      <UnitQty>גרמים</UnitQty>
      <Quantity>200.00</Quantity>
      <UnitOfMeasure>100 גרם</UnitOfMeasure>
      <bIsWeighted>0</bIsWeighted>
      <QtyInPackage>1</QtyInPackage>
      <ItemPrice>11.80</ItemPrice>
      <UnitOfMeasurePrice>5.9000</UnitOfMeasurePrice>
      <AllowDiscount>1</AllowDiscount>
      <ItemStatus>1</ItemStatus>
      <ItemId>918</ItemId>
    </Item>
    <Item>
      <PriceUpdateDate>2015-10-01 06:13:13</PriceUpdateDate>
      <ItemCode>7290000180212</ItemCode>
      <ItemType>1</ItemType>
      <ItemName>שוקולד פרה מריר אגוז</ItemName>
      <ManufacturerName>שטראוס גרופ</ManufacturerName>
      <ManufactureCountry>ישראל</ManufactureCountry>
      <ManufacturerItemDescription>שוקולד פרה מריר אגוזים100 גר           .</ManufacturerItemDescription>
      <UnitQty>גרמים</UnitQty>
      <Quantity>100.00</Quantity>
      <UnitOfMeasure>100 גרם</UnitOfMeasure>
      <bIsWeighted>0</bIsWeighted>
      <QtyInPackage>1</QtyInPackage>
      <ItemPrice>6.60</ItemPrice>
      <UnitOfMeasurePrice>6.6000</UnitOfMeasurePrice>
      <AllowDiscount>1</AllowDiscount>
      <ItemStatus>1</ItemStatus>
      <ItemId>926</ItemId>
    </Item>
    <Item>
      <PriceUpdateDate>2015-10-01 06:13:13</PriceUpdateDate>
      <ItemCode>7290000181103</ItemCode>
      <ItemType>1</ItemType>
      <ItemName>ביסקוויט חלב 200 גר</ItemName>
      <ManufacturerName>שטראוס גרופ</ManufacturerName>
      <ManufactureCountry>ישראל</ManufactureCountry>
      <ManufacturerItemDescription>ביסקוויט חלב 200 גר                    "</ManufacturerItemDescription>
      <UnitQty>גרמים</UnitQty>
      <Quantity>200.00</Quantity>
      <UnitOfMeasure>100 גרם</UnitOfMeasure>
      <bIsWeighted>0</bIsWeighted>
      <QtyInPackage>1</QtyInPackage>
      <ItemPrice>15.20</ItemPrice>
      <UnitOfMeasurePrice>7.6000</UnitOfMeasurePrice>
      <AllowDiscount>1</AllowDiscount>
      <ItemStatus>1</ItemStatus>
      <ItemId>927</ItemId>
    </Item>
    <Item>
      <PriceUpdateDate>2016-01-10 09:02:46</PriceUpdateDate>
      <ItemCode>7290001813881</ItemCode>
      <ItemType>1</ItemType>
      <ItemName>עוגיות פתיבר רגיל</ItemName>
      <ManufacturerName>שטראוס גרופ</ManufacturerName>
      <ManufactureCountry>ישראל</ManufactureCountry>
      <ManufacturerItemDescription>עוגיות פתיבר 500 גר</ManufacturerItemDescription>
      <UnitQty>גרמים</UnitQty>
      <Quantity>500.00</Quantity>
      <UnitOfMeasure>100 גרם</UnitOfMeasure>
      <bIsWeighted>0</bIsWeighted>
      <QtyInPackage>1</QtyInPackage>
      <ItemPrice>15.40</ItemPrice>
      <UnitOfMeasurePrice>3.0800</UnitOfMeasurePrice>
      <AllowDiscount>1</AllowDiscount>
      <ItemStatus>1</ItemStatus>
      <ItemId>942</ItemId>
    </Item>
    <Item>
      <PriceUpdateDate>2015-10-01 06:13:13</PriceUpdateDate>
      <ItemCode>7290001814147</ItemCode>
      <ItemType>1</ItemType>
      <ItemName>ממרח שוקולד פרה</ItemName>
      <ManufacturerName>שטראוס גרופ</ManufacturerName>
      <ManufactureCountry>ישראל</ManufactureCountry>
      <ManufacturerItemDescription>ממרח שוקולד פרה 500 גר</ManufacturerItemDescription>
      <UnitQty>גרמים</UnitQty>
      <Quantity>500.00</Quantity>
      <UnitOfMeasure>100 גרם</UnitOfMeasure>
      <bIsWeighted>0</bIsWeighted>
      <QtyInPackage>1</QtyInPackage>
      <ItemPrice>13.40</ItemPrice>
      <UnitOfMeasurePrice>2.6800</UnitOfMeasurePrice>
      <AllowDiscount>1</AllowDiscount>
      <ItemStatus>1</ItemStatus>
      <ItemId>945</ItemId>
    </Item>
    <Item>
      <PriceUpdateDate>2015-10-01 06:13:13</PriceUpdateDate>
      <ItemCode>7290000182766</ItemCode>
      <ItemType>1</ItemType>
      <ItemName>ממרח חלב</ItemName>
      <ManufacturerName>שטראוס גרופ</ManufacturerName>
      <ManufactureCountry>ישראל</ManufactureCountry>
      <ManufacturerItemDescription>ממרח חלב500 גר                         .</ManufacturerItemDescription>
      <UnitQty>גרמים</UnitQty>
      <Quantity>500.00</Quantity>
      <UnitOfMeasure>100 גרם</UnitOfMeasure>
      <bIsWeighted>0</bIsWeighted>
      <QtyInPackage>1</QtyInPackage>
      <ItemPrice>14.10</ItemPrice>
      <UnitOfMeasurePrice>2.8200</UnitOfMeasurePrice>
      <AllowDiscount>1</AllowDiscount>
      <ItemStatus>1</ItemStatus>
      <ItemId>976</ItemId>
    </Item>
    <Item>
      <PriceUpdateDate>2015-10-01 06:16:27</PriceUpdateDate>
      <ItemCode>7290000187860</ItemCode>
      <ItemType>1</ItemType>
      <ItemName>מגבוני טואלט לחים</ItemName>
      <ManufacturerName>על בד</ManufacturerName>
      <ManufactureCountry>ישראל</ManufactureCountry>
      <ManufacturerItemDescription>מגבוני טואלט לחים לילי 48 יח           "</ManufacturerItemDescription>
      <UnitQty>Unknown </UnitQty>
      <Quantity>0.00</Quantity>
      <UnitOfMeasure>Unknown </UnitOfMeasure>
      <bIsWeighted>0</bIsWeighted>
      <QtyInPackage>1</QtyInPackage>
      <ItemPrice>8.80</ItemPrice>
      <UnitOfMeasurePrice>0.0000</UnitOfMeasurePrice>
      <AllowDiscount>1</AllowDiscount>
      <ItemStatus>1</ItemStatus>
      <ItemId>1004</ItemId>
    </Item>
    <Item>
      <PriceUpdateDate>2015-10-01 06:16:27</PriceUpdateDate>
      <ItemCode>7290000190150</ItemCode>
      <ItemType>1</ItemType>
      <ItemName>מפיות אירוח ניקול</ItemName>
      <ManufacturerName>PALOMA</ManufacturerName>
      <ManufactureCountry>קרואטיה</ManufactureCountry>
      <ManufacturerItemDescription>מפיות אירוח ניקול 20 יח                "</ManufacturerItemDescription>
      <UnitQty>Unknown </UnitQty>
      <Quantity>0.00</Quantity>
      <UnitOfMeasure>Unknown </UnitOfMeasure>
      <bIsWeighted>0</bIsWeighted>
      <QtyInPackage>1</QtyInPackage>
      <ItemPrice>10.80</ItemPrice>
      <UnitOfMeasurePrice>0.0000</UnitOfMeasurePrice>
      <AllowDiscount>1</AllowDiscount>
      <ItemStatus>1</ItemStatus>
      <ItemId>1026</ItemId>
    </Item>
    <Item>
      <PriceUpdateDate>2015-10-01 06:16:27</PriceUpdateDate>
      <ItemCode>7290000190174</ItemCode>
      <ItemType>1</ItemType>
      <ItemName>מפיות ניקול זוג</ItemName>
      <ManufacturerName>חוגלה קימברלי</ManufacturerName>
      <ManufactureCountry>ישראל</ManufactureCountry>
      <ManufacturerItemDescription>מפיות ניקול 85 יח "זוג</ManufacturerItemDescription>
      <UnitQty>Unknown </UnitQty>
      <Quantity>0.00</Quantity>
      <UnitOfMeasure>Unknown </UnitOfMeasure>
      <bIsWeighted>0</bIsWeighted>
      <QtyInPackage>1</QtyInPackage>
      <ItemPrice>12.80</ItemPrice>
      <UnitOfMeasurePrice>0.0000</UnitOfMeasurePrice>
      <AllowDiscount>1</AllowDiscount>
      <ItemStatus>1</ItemStatus>
      <ItemId>1027</ItemId>
    </Item>
    <Item>
      <PriceUpdateDate>2015-09-10 08:47:24</PriceUpdateDate>
      <ItemCode>7290014534698</ItemCode>
      <ItemType>1</ItemType>
      <ItemName>לה פסטה 65 תלתל 400</ItemName>
      <ManufacturerName>,</ManufacturerName>
      <ManufactureCountry>לא ידוע</ManufactureCountry>
      <ManufacturerItemDescription>לה פסטה 65 תלתל 400 גר</ManufacturerItemDescription>
      <UnitQty>גרמים</UnitQty>
      <Quantity>400.00</Quantity>
      <UnitOfMeasure>100 גרם</UnitOfMeasure>
      <bIsWeighted>0</bIsWeighted>
      <QtyInPackage>1</QtyInPackage>
      <ItemPrice>4.00</ItemPrice>
      <UnitOfMeasurePrice>1.0000</UnitOfMeasurePrice>
      <AllowDiscount>1</AllowDiscount>
      <ItemStatus>1</ItemStatus>
      <ItemId>106300</ItemId>
    </Item>
    <Item>
      <PriceUpdateDate>2016-06-07 08:18:49</PriceUpdateDate>
      <ItemCode>7290001946404</ItemCode>
      <ItemType>1</ItemType>
      <ItemName>שום כתוש 250 גרם</ItemName>
      <ManufacturerName>תבליני ביטון</ManufacturerName>
      <ManufactureCountry>לא ידוע</ManufactureCountry>
      <ManufacturerItemDescription>שום כתוש 250 גרם</ManufacturerItemDescription>
      <UnitQty>גרמים</UnitQty>
      <Quantity>250.00</Quantity>
      <UnitOfMeasure>100 גרם</UnitOfMeasure>
      <bIsWeighted>0</bIsWeighted>
      <QtyInPackage>1</QtyInPackage>
      <ItemPrice>17.40</ItemPrice>
      <UnitOfMeasurePrice>6.9600</UnitOfMeasurePrice>
      <AllowDiscount>1</AllowDiscount>
      <ItemStatus>1</ItemStatus>
      <ItemId>1089</ItemId>
    </Item>
    <Item>
      <PriceUpdateDate>2015-10-01 06:16:27</PriceUpdateDate>
      <ItemCode>7290000195544</ItemCode>
      <ItemType>1</ItemType>
      <ItemName>האגיס 1/4 מגבונים לח</ItemName>
      <ManufacturerName>על בד</ManufacturerName>
      <ManufactureCountry>ישראל</ManufactureCountry>
      <ManufacturerItemDescription>האגיס רביעית מגבונים לחים מבוש</ManufacturerItemDescription>
      <UnitQty>Unknown </UnitQty>
      <Quantity>0.00</Quantity>
      <UnitOfMeasure>Unknown </UnitOfMeasure>
      <bIsWeighted>0</bIsWeighted>
      <QtyInPackage>1</QtyInPackage>
      <ItemPrice>24.70</ItemPrice>
      <UnitOfMeasurePrice>0.0000</UnitOfMeasurePrice>
      <AllowDiscount>1</AllowDiscount>
      <ItemStatus>1</ItemStatus>
      <ItemId>1101</ItemId>
    </Item>
    <Item>
      <PriceUpdateDate>2016-05-30 12:15:41</PriceUpdateDate>
      <ItemCode>7290015652544</ItemCode>
      <ItemType>1</ItemType>
      <ItemName>גריל עוף ארומטי 130</ItemName>
      <ManufacturerName>נווה התבלין</ManufacturerName>
      <ManufactureCountry>ישראל</ManufactureCountry>
      <ManufacturerItemDescription>גריל עוף ארומטי 130 גרם</ManufacturerItemDescription>
      <UnitQty>גרמים</UnitQty>
      <Quantity>130.00</Quantity>
      <UnitOfMeasure>100 גרם</UnitOfMeasure>
      <bIsWeighted>0</bIsWeighted>
      <QtyInPackage>1</QtyInPackage>
      <ItemPrice>15.90</ItemPrice>
      <UnitOfMeasurePrice>12.2308</UnitOfMeasurePrice>
      <AllowDiscount>1</AllowDiscount>
      <ItemStatus>1</ItemStatus>
      <ItemId>109666</ItemId>
    </Item>
    <Item>
      <PriceUpdateDate>2015-01-01 00:00:00</PriceUpdateDate>
      <ItemCode>7290000197326</ItemCode>
      <ItemType>1</ItemType>
      <ItemName>רדיד אלומיניום זוג</ItemName>
      <ManufacturerName>אופל</ManufacturerName>
      <ManufactureCountry>ישראל</ManufactureCountry>
      <ManufacturerItemDescription>רדיד אלומיניום זוג קצר</ManufacturerItemDescription>
      <UnitQty>מטרים</UnitQty>
      <Quantity>1500.00</Quantity>
      <UnitOfMeasure>מטר</UnitOfMeasure>
      <bIsWeighted>0</bIsWeighted>
      <QtyInPackage>1</QtyInPackage>
      <ItemPrice>13.90</ItemPrice>
      <UnitOfMeasurePrice>0.0093</UnitOfMeasurePrice>
      <AllowDiscount>1</AllowDiscount>
      <ItemStatus>1</ItemStatus>
      <ItemId>1109</ItemId>
    </Item>
    <Item>
      <PriceUpdateDate>2015-10-01 06:16:27</PriceUpdateDate>
      <ItemCode>7290000197432</ItemCode>
      <ItemType>1</ItemType>
      <ItemName>שקיות סנדביצון זוג</ItemName>
      <ManufacturerName>אשפלסט</ManufacturerName>
      <ManufactureCountry>ישראל</ManufactureCountry>
      <ManufacturerItemDescription>שקיות סנדביצון 150 יח "זוג</ManufacturerItemDescription>
      <UnitQty>Unknown </UnitQty>
      <Quantity>0.00</Quantity>
      <UnitOfMeasure>Unknown </UnitOfMeasure>
      <bIsWeighted>0</bIsWeighted>
      <QtyInPackage>1</QtyInPackage>
      <ItemPrice>13.80</ItemPrice>
      <UnitOfMeasurePrice>0.0000</UnitOfMeasurePrice>
      <AllowDiscount>1</AllowDiscount>
      <ItemStatus>1</ItemStatus>
      <ItemId>1116</ItemId>
    </Item>
    <Item>
      <PriceUpdateDate>2015-10-01 06:16:27</PriceUpdateDate>
      <ItemCode>7290000197753</ItemCode>
      <ItemType>1</ItemType>
      <ItemName>ניילונית ניקול זוג</ItemName>
      <ManufacturerName>GTC</ManufacturerName>
      <ManufactureCountry>סין</ManufactureCountry>
      <ManufacturerItemDescription>ניילונית ניקול זוג                   X2</ManufacturerItemDescription>
      <UnitQty>מטרים</UnitQty>
      <Quantity>3000.00</Quantity>
      <UnitOfMeasure>מטר</UnitOfMeasure>
      <bIsWeighted>0</bIsWeighted>
      <QtyInPackage>1</QtyInPackage>
      <ItemPrice>13.80</ItemPrice>
      <UnitOfMeasurePrice>0.0046</UnitOfMeasurePrice>
      <AllowDiscount>1</AllowDiscount>
      <ItemStatus>1</ItemStatus>
      <ItemId>1120</ItemId>
    </Item>
    <Item>
      <PriceUpdateDate>2015-06-19 07:56:07</PriceUpdateDate>
      <ItemCode>7290000197821</ItemCode>
      <ItemType>1</ItemType>
      <ItemName>נייר אפייה לתנור</ItemName>
      <ManufacturerName>אופל</ManufacturerName>
      <ManufactureCountry>ישראל</ManufactureCountry>
      <ManufacturerItemDescription>נייר אפייה אפיפית לתנור 30 יח          "</ManufacturerItemDescription>
      <UnitQty>Unknown </UnitQty>
      <Quantity>0.00</Quantity>
      <UnitOfMeasure>Unknown </UnitOfMeasure>
      <bIsWeighted>0</bIsWeighted>
      <QtyInPackage>1</QtyInPackage>
      <ItemPrice>10.90</ItemPrice>
      <UnitOfMeasurePrice>0.0000</UnitOfMeasurePrice>
      <AllowDiscount>1</AllowDiscount>
      <ItemStatus>1</ItemStatus>
      <ItemId>1122</ItemId>
    </Item>
    <Item>
      <PriceUpdateDate>2015-10-01 06:15:10</PriceUpdateDate>
      <ItemCode>7290001985311</ItemCode>
      <ItemType>1</ItemType>
      <ItemName>מיני מגנום לבן+שקד</ItemName>
      <ManufacturerName>שטראוס גלידות</ManufacturerName>
      <ManufactureCountry>ישראל</ManufactureCountry>
      <ManufacturerItemDescription>מאגדת מיני מאגנום שקדים             1/5</ManufacturerItemDescription>
      <UnitQty>גרמים</UnitQty>
      <Quantity>288.00</Quantity>
      <UnitOfMeasure>100 גרם</UnitOfMeasure>
      <bIsWeighted>0</bIsWeighted>
      <QtyInPackage>1</QtyInPackage>
      <ItemPrice>28.40</ItemPrice>
      <UnitOfMeasurePrice>9.8611</UnitOfMeasurePrice>
      <AllowDiscount>1</AllowDiscount>
      <ItemStatus>1</ItemStatus>
      <ItemId>1129</ItemId>
    </Item>
    <Item>
      <PriceUpdateDate>2015-10-01 06:15:10</PriceUpdateDate>
      <ItemCode>7290001985502</ItemCode>
      <ItemType>1</ItemType>
      <ItemName>שלגון אבטיח</ItemName>
      <ManufacturerName>שטראוס</ManufacturerName>
      <ManufactureCountry>ישראל</ManufactureCountry>
      <ManufacturerItemDescription>שלגון אבטיח</ManufacturerItemDescription>
      <UnitQty>גרמים</UnitQty>
      <Quantity>106.00</Quantity>
      <UnitOfMeasure>100 גרם</UnitOfMeasure>
      <bIsWeighted>0</bIsWeighted>
      <QtyInPackage>1</QtyInPackage>
      <ItemPrice>5.80</ItemPrice>
      <UnitOfMeasurePrice>5.4717</UnitOfMeasurePrice>
      <AllowDiscount>1</AllowDiscount>
      <ItemStatus>1</ItemStatus>
      <ItemId>1130</ItemId>
    </Item>
    <Item>
      <PriceUpdateDate>2015-10-01 06:15:10</PriceUpdateDate>
      <ItemCode>7290001985953</ItemCode>
      <ItemType>1</ItemType>
      <ItemName>מאגדת קרחונים לייט</ItemName>
      <ManufacturerName>שטראוס גלידות</ManufacturerName>
      <ManufactureCountry>ישראל</ManufactureCountry>
      <ManufacturerItemDescription>מאגדת קרחונים לייט</ManufacturerItemDescription>
      <UnitQty>גרמים</UnitQty>
      <Quantity>775.00</Quantity>
      <UnitOfMeasure>100 גרם</UnitOfMeasure>
      <bIsWeighted>0</bIsWeighted>
      <QtyInPackage>1</QtyInPackage>
      <ItemPrice>29.70</ItemPrice>
      <UnitOfMeasurePrice>3.8323</UnitOfMeasurePrice>
      <AllowDiscount>1</AllowDiscount>
      <ItemStatus>1</ItemStatus>
      <ItemId>1132</ItemId>
    </Item>
    <Item>
      <PriceUpdateDate>2015-06-04 13:33:59</PriceUpdateDate>
      <ItemCode>8410376042481</ItemCode>
      <ItemType>1</ItemType>
      <ItemName>ביסקוויט קרם יוגורט</ItemName>
      <ManufacturerName>גלטס גולון</ManufacturerName>
      <ManufactureCountry>ספרד</ManufactureCountry>
      <ManufacturerItemDescription>ביסקוויט קרם יוגורט ל.סוכר</ManufacturerItemDescription>
      <UnitQty>גרמים</UnitQty>
      <Quantity>220.00</Quantity>
      <UnitOfMeasure>100 גרם</UnitOfMeasure>
      <bIsWeighted>0</bIsWeighted>
      <QtyInPackage>1</QtyInPackage>
      <ItemPrice>21.90</ItemPrice>
      <UnitOfMeasurePrice>9.9545</UnitOfMeasurePrice>
      <AllowDiscount>1</AllowDiscount>
      <ItemStatus>1</ItemStatus>
      <ItemId>102588</ItemId>
    </Item>
    <Item>
      <PriceUpdateDate>2015-12-30 08:34:38</PriceUpdateDate>
      <ItemCode>7290002007005</ItemCode>
      <ItemType>1</ItemType>
      <ItemName>פרג טחון 100 גרם</ItemName>
      <ManufacturerName>הנמל</ManufacturerName>
      <ManufactureCountry>ישראל</ManufactureCountry>
      <ManufacturerItemDescription>פרג טחון 100 גרם</ManufacturerItemDescription>
      <UnitQty>גרמים</UnitQty>
      <Quantity>100.00</Quantity>
      <UnitOfMeasure>100 גרם</UnitOfMeasure>
      <bIsWeighted>0</bIsWeighted>
      <QtyInPackage>1</QtyInPackage>
      <ItemPrice>3.50</ItemPrice>
      <UnitOfMeasurePrice>3.5000</UnitOfMeasurePrice>
      <AllowDiscount>1</AllowDiscount>
      <ItemStatus>1</ItemStatus>
      <ItemId>1180</ItemId>
    </Item>
    <Item>
      <PriceUpdateDate>2015-08-02 08:17:33</PriceUpdateDate>
      <ItemCode>7290002007234</ItemCode>
      <ItemType>1</ItemType>
      <ItemName>אבקת סוכר</ItemName>
      <ManufacturerName>ר.ס חברה ליבוא ויצור</ManufacturerName>
      <ManufactureCountry>ישראל</ManufactureCountry>
      <ManufacturerItemDescription>אבקת סוכר100 גר</ManufacturerItemDescription>
      <UnitQty>גרמים</UnitQty>
      <Quantity>100.00</Quantity>
      <UnitOfMeasure>100 גרם</UnitOfMeasure>
      <bIsWeighted>0</bIsWeighted>
      <QtyInPackage>1</QtyInPackage>
      <ItemPrice>1.80</ItemPrice>
      <UnitOfMeasurePrice>1.8000</UnitOfMeasurePrice>
      <AllowDiscount>1</AllowDiscount>
      <ItemStatus>1</ItemStatus>
      <ItemId>1181</ItemId>
    </Item>
    <Item>
      <PriceUpdateDate>2015-08-02 08:17:33</PriceUpdateDate>
      <ItemCode>7290002007241</ItemCode>
      <ItemType>1</ItemType>
      <ItemName>אבקת סודה לשתיה</ItemName>
      <ManufacturerName>ר.ס חברה ליבוא ויצור</ManufacturerName>
      <ManufactureCountry>ישראל</ManufactureCountry>
      <ManufacturerItemDescription>אבקת סודה לשתיה50 גר</ManufacturerItemDescription>
      <UnitQty>גרמים</UnitQty>
      <Quantity>50.00</Quantity>
      <UnitOfMeasure>100 גרם</UnitOfMeasure>
      <bIsWeighted>0</bIsWeighted>
      <QtyInPackage>1</QtyInPackage>
      <ItemPrice>1.80</ItemPrice>
      <UnitOfMeasurePrice>3.6000</UnitOfMeasurePrice>
      <AllowDiscount>1</AllowDiscount>
      <ItemStatus>1</ItemStatus>
      <ItemId>1182</ItemId>
    </Item>
    <Item>
      <PriceUpdateDate>2015-01-01 00:00:00</PriceUpdateDate>
      <ItemCode>7290002007395</ItemCode>
      <ItemType>1</ItemType>
      <ItemName>דובדבן מסוכר</ItemName>
      <ManufacturerName>פוליבה</ManufacturerName>
      <ManufactureCountry>ישראל</ManufactureCountry>
      <ManufacturerItemDescription>דובדבן מסוכר 100 גרם</ManufacturerItemDescription>
      <UnitQty>גרמים</UnitQty>
      <Quantity>100.00</Quantity>
      <UnitOfMeasure>100 גרם</UnitOfMeasure>
      <bIsWeighted>0</bIsWeighted>
      <QtyInPackage>1</QtyInPackage>
      <ItemPrice>8.80</ItemPrice>
      <UnitOfMeasurePrice>8.8000</UnitOfMeasurePrice>
      <AllowDiscount>1</AllowDiscount>
      <ItemStatus>1</ItemStatus>
      <ItemId>1185</ItemId>
    </Item>
    <Item>
      <PriceUpdateDate>2015-08-02 08:17:33</PriceUpdateDate>
      <ItemCode>7290002007500</ItemCode>
      <ItemType>1</ItemType>
      <ItemName>קסמי שיניים במבוק</ItemName>
      <ManufacturerName>הנג טונג</ManufacturerName>
      <ManufactureCountry>סין</ManufactureCountry>
      <ManufacturerItemDescription>קסמי שינים במבוק500 יח .חבית</ManufacturerItemDescription>
      <UnitQty>Unknown </UnitQty>
      <Quantity>0.00</Quantity>
      <UnitOfMeasure>Unknown </UnitOfMeasure>
      <bIsWeighted>0</bIsWeighted>
      <QtyInPackage>1</QtyInPackage>
      <ItemPrice>4.50</ItemPrice>
      <UnitOfMeasurePrice>0.0000</UnitOfMeasurePrice>
      <AllowDiscount>1</AllowDiscount>
      <ItemStatus>1</ItemStatus>
      <ItemId>1188</ItemId>
    </Item>
    <Item>
      <PriceUpdateDate>2015-08-02 08:17:29</PriceUpdateDate>
      <ItemCode>7290002007852</ItemCode>
      <ItemType>1</ItemType>
      <ItemName>תמצית אפיה וניל</ItemName>
      <ManufacturerName>ממתקי עלה</ManufacturerName>
      <ManufactureCountry>ישראל</ManufactureCountry>
      <ManufacturerItemDescription>תמצית אפיה וניל55 מל                   .</ManufacturerItemDescription>
      <UnitQty>מיליליטרים</UnitQty>
      <Quantity>55.00</Quantity>
      <UnitOfMeasure>100 מ"ל</UnitOfMeasure>
      <bIsWeighted>0</bIsWeighted>
      <QtyInPackage>1</QtyInPackage>
      <ItemPrice>3.90</ItemPrice>
      <UnitOfMeasurePrice>7.0909</UnitOfMeasurePrice>
      <AllowDiscount>1</AllowDiscount>
      <ItemStatus>1</ItemStatus>
      <ItemId>1190</ItemId>
    </Item>
    <Item>
      <PriceUpdateDate>2015-01-01 00:00:00</PriceUpdateDate>
      <ItemCode>7290002008040</ItemCode>
      <ItemType>1</ItemType>
      <ItemName>שיפודי עץ</ItemName>
      <ManufacturerName>גרנג יוניברס,הונג-קו</ManufacturerName>
      <ManufactureCountry>סין</ManufactureCountry>
      <ManufacturerItemDescription>שיפודי עץ30 סמ                         .</ManufacturerItemDescription>
      <UnitQty>Unknown </UnitQty>
      <Quantity>0.00</Quantity>
      <UnitOfMeasure>Unknown </UnitOfMeasure>
      <bIsWeighted>0</bIsWeighted>
      <QtyInPackage>1</QtyInPackage>
      <ItemPrice>3.50</ItemPrice>
      <UnitOfMeasurePrice>0.0000</UnitOfMeasurePrice>
      <AllowDiscount>1</AllowDiscount>
      <ItemStatus>1</ItemStatus>
      <ItemId>1194</ItemId>
    </Item>
    <Item>
      <PriceUpdateDate>2015-08-02 08:17:29</PriceUpdateDate>
      <ItemCode>7290002008057</ItemCode>
      <ItemType>1</ItemType>
      <ItemName>תמצית אפיה רום</ItemName>
      <ManufacturerName>ממתקי עלה</ManufacturerName>
      <ManufactureCountry>ישראל</ManufactureCountry>
      <ManufacturerItemDescription>תמצית אפיה רום55 מל                    .</ManufacturerItemDescription>
      <UnitQty>מיליליטרים</UnitQty>
      <Quantity>55.00</Quantity>
      <UnitOfMeasure>100 מ"ל</UnitOfMeasure>
      <bIsWeighted>0</bIsWeighted>
      <QtyInPackage>1</QtyInPackage>
      <ItemPrice>3.90</ItemPrice>
      <UnitOfMeasurePrice>7.0909</UnitOfMeasurePrice>
      <AllowDiscount>1</AllowDiscount>
      <ItemStatus>1</ItemStatus>
      <ItemId>1195</ItemId>
    </Item>
    <Item>
      <PriceUpdateDate>2015-08-14 07:09:07</PriceUpdateDate>
      <ItemCode>7290002008071</ItemCode>
      <ItemType>1</ItemType>
      <ItemName>גביעי נייר  מס    .2</ItemName>
      <ManufacturerName>שיווק הנמל</ManufacturerName>
      <ManufactureCountry>ישראל</ManufactureCountry>
      <ManufacturerItemDescription>גביעי ניר מס                    2 .1/100</ManufacturerItemDescription>
      <UnitQty>Unknown </UnitQty>
      <Quantity>0.00</Quantity>
      <UnitOfMeasure>Unknown </UnitOfMeasure>
      <bIsWeighted>0</bIsWeighted>
      <QtyInPackage>1</QtyInPackage>
      <ItemPrice>4.90</ItemPrice>
      <UnitOfMeasurePrice>0.0000</UnitOfMeasurePrice>
      <AllowDiscount>1</AllowDiscount>
      <ItemStatus>1</ItemStatus>
      <ItemId>1196</ItemId>
    </Item>
    <Item>
      <PriceUpdateDate>2015-01-01 00:00:00</PriceUpdateDate>
      <ItemCode>7290002008118</ItemCode>
      <ItemType>1</ItemType>
      <ItemName>צמרוני אוזנים בשקית</ItemName>
      <ManufacturerName>גרנג יוניברס,הונג-קו</ManufacturerName>
      <ManufactureCountry>הונג קונג</ManufactureCountry>
      <ManufacturerItemDescription>צמרוני אוזנים עץ 100 שקית</ManufacturerItemDescription>
      <UnitQty>Unknown </UnitQty>
      <Quantity>0.00</Quantity>
      <UnitOfMeasure>Unknown </UnitOfMeasure>
      <bIsWeighted>0</bIsWeighted>
      <QtyInPackage>1</QtyInPackage>
      <ItemPrice>2.00</ItemPrice>
      <UnitOfMeasurePrice>0.0000</UnitOfMeasurePrice>
      <AllowDiscount>1</AllowDiscount>
      <ItemStatus>1</ItemStatus>
      <ItemId>1197</ItemId>
    </Item>
    <Item>
      <PriceUpdateDate>2015-06-19 07:56:07</PriceUpdateDate>
      <ItemCode>7290002008149</ItemCode>
      <ItemType>1</ItemType>
      <ItemName>מדליק פחם מוצק</ItemName>
      <ManufacturerName>נמל</ManufacturerName>
      <ManufactureCountry>גרמניה</ManufactureCountry>
      <ManufacturerItemDescription>מדליק פחם מוצק</ManufacturerItemDescription>
      <UnitQty>Unknown </UnitQty>
      <Quantity>0.00</Quantity>
      <UnitOfMeasure>Unknown </UnitOfMeasure>
      <bIsWeighted>0</bIsWeighted>
      <QtyInPackage>1</QtyInPackage>
      <ItemPrice>7.90</ItemPrice>
      <UnitOfMeasurePrice>0.0000</UnitOfMeasurePrice>
      <AllowDiscount>1</AllowDiscount>
      <ItemStatus>1</ItemStatus>
      <ItemId>1198</ItemId>
    </Item>
    <Item>
      <PriceUpdateDate>2015-08-03 11:02:11</PriceUpdateDate>
      <ItemCode>7290002008187</ItemCode>
      <ItemType>1</ItemType>
      <ItemName>קש שתיה מתקפלים</ItemName>
      <ManufacturerName>הונג טונג</ManufacturerName>
      <ManufactureCountry>סין</ManufactureCountry>
      <ManufacturerItemDescription>קש שתיה מתקפלים 40 יח                  .</ManufacturerItemDescription>
      <UnitQty>Unknown </UnitQty>
      <Quantity>0.00</Quantity>
      <UnitOfMeasure>Unknown </UnitOfMeasure>
      <bIsWeighted>0</bIsWeighted>
      <QtyInPackage>1</QtyInPackage>
      <ItemPrice>1.70</ItemPrice>
      <UnitOfMeasurePrice>0.0000</UnitOfMeasurePrice>
      <AllowDiscount>1</AllowDiscount>
      <ItemStatus>1</ItemStatus>
      <ItemId>1199</ItemId>
    </Item>
    <Item>
      <PriceUpdateDate>2015-08-02 08:17:33</PriceUpdateDate>
      <ItemCode>7290002008224</ItemCode>
      <ItemType>1</ItemType>
      <ItemName>סוכריות מזרה לעוגה ע</ItemName>
      <ManufacturerName>ממתקי עלה</ManufacturerName>
      <ManufactureCountry>ישראל</ManufactureCountry>
      <ManufacturerItemDescription>סוכריות מזרה לעוגה עגול צבע</ManufacturerItemDescription>
      <UnitQty>גרמים</UnitQty>
      <Quantity>100.00</Quantity>
      <UnitOfMeasure>100 גרם</UnitOfMeasure>
      <bIsWeighted>0</bIsWeighted>
      <QtyInPackage>1</QtyInPackage>
      <ItemPrice>6.50</ItemPrice>
      <UnitOfMeasurePrice>6.5000</UnitOfMeasurePrice>
      <AllowDiscount>1</AllowDiscount>
      <ItemStatus>1</ItemStatus>
      <ItemId>1201</ItemId>
    </Item>
    <Item>
      <PriceUpdateDate>2015-08-02 08:17:29</PriceUpdateDate>
      <ItemCode>7290002008743</ItemCode>
      <ItemType>1</ItemType>
      <ItemName>סוכר וניל</ItemName>
      <ManufacturerName>ר.ס חברה ליבוא ויצור</ManufacturerName>
      <ManufactureCountry>ישראל</ManufactureCountry>
      <ManufacturerItemDescription>סוכר וניל                          1/10</ManufacturerItemDescription>
      <UnitQty>גרמים</UnitQty>
      <Quantity>100.00</Quantity>
      <UnitOfMeasure>100 גרם</UnitOfMeasure>
      <bIsWeighted>0</bIsWeighted>
      <QtyInPackage>1</QtyInPackage>
      <ItemPrice>3.00</ItemPrice>
      <UnitOfMeasurePrice>3.0000</UnitOfMeasurePrice>
      <AllowDiscount>1</AllowDiscount>
      <ItemStatus>1</ItemStatus>
      <ItemId>1210</ItemId>
    </Item>
    <Item>
      <PriceUpdateDate>2015-08-02 08:17:29</PriceUpdateDate>
      <ItemCode>7290002008750</ItemCode>
      <ItemType>1</ItemType>
      <ItemName>אבקת אפיה</ItemName>
      <ManufacturerName>ר.ס חברה ליבוא ויצור</ManufacturerName>
      <ManufactureCountry>ישראל</ManufactureCountry>
      <ManufacturerItemDescription>אבקת אפיה 1/10</ManufacturerItemDescription>
      <UnitQty>גרמים</UnitQty>
      <Quantity>100.00</Quantity>
      <UnitOfMeasure>100 גרם</UnitOfMeasure>
      <bIsWeighted>0</bIsWeighted>
      <QtyInPackage>1</QtyInPackage>
      <ItemPrice>3.00</ItemPrice>
      <UnitOfMeasurePrice>3.0000</UnitOfMeasurePrice>
      <AllowDiscount>1</AllowDiscount>
      <ItemStatus>1</ItemStatus>
      <ItemId>1211</ItemId>
    </Item>
    <Item>
      <PriceUpdateDate>2015-01-01 00:00:00</PriceUpdateDate>
      <ItemCode>7290002019787</ItemCode>
      <ItemType>1</ItemType>
      <ItemName>רסק עגבניות     22%</ItemName>
      <ManufacturerName>פריניר (הדס 1987) בע</ManufacturerName>
      <ManufactureCountry>ישראל</ManufactureCountry>
      <ManufacturerItemDescription>רסק עגבניות 260 22% גרם</ManufacturerItemDescription>
      <UnitQty>גרמים</UnitQty>
      <Quantity>260.00</Quantity>
      <UnitOfMeasure>100 גרם</UnitOfMeasure>
      <bIsWeighted>0</bIsWeighted>
      <QtyInPackage>1</QtyInPackage>
      <ItemPrice>3.90</ItemPrice>
      <UnitOfMeasurePrice>1.5000</UnitOfMeasurePrice>
      <AllowDiscount>1</AllowDiscount>
      <ItemStatus>1</ItemStatus>
      <ItemId>1246</ItemId>
    </Item>
    <Item>
      <PriceUpdateDate>2015-01-01 00:00:00</PriceUpdateDate>
      <ItemCode>7290002019794</ItemCode>
      <ItemType>1</ItemType>
      <ItemName>רסק עגבניות     22%</ItemName>
      <ManufacturerName>פרי ניר</ManufacturerName>
      <ManufactureCountry>ישראל</ManufactureCountry>
      <ManufacturerItemDescription>רסק עגבניות 100 22% גר</ManufacturerItemDescription>
      <UnitQty>גרמים</UnitQty>
      <Quantity>100.00</Quantity>
      <UnitOfMeasure>100 גרם</UnitOfMeasure>
      <bIsWeighted>0</bIsWeighted>
      <QtyInPackage>1</QtyInPackage>
      <ItemPrice>1.90</ItemPrice>
      <UnitOfMeasurePrice>1.9000</UnitOfMeasurePrice>
      <AllowDiscount>1</AllowDiscount>
      <ItemStatus>1</ItemStatus>
      <ItemId>1247</ItemId>
    </Item>
    <Item>
      <PriceUpdateDate>2016-03-15 14:07:15</PriceUpdateDate>
      <ItemCode>7290015193405</ItemCode>
      <ItemType>1</ItemType>
      <ItemName>חתיכות אננס בסירופ ק</ItemName>
      <ManufacturerName>מיי אנדוור</ManufacturerName>
      <ManufactureCountry>תאילנד</ManufactureCountry>
      <ManufacturerItemDescription>חתיכות אננס בסירופ קל 850 גר</ManufacturerItemDescription>
      <UnitQty>גרמים</UnitQty>
      <Quantity>850.00</Quantity>
      <UnitOfMeasure>100 גרם</UnitOfMeasure>
      <bIsWeighted>0</bIsWeighted>
      <QtyInPackage>1</QtyInPackage>
      <ItemPrice>9.90</ItemPrice>
      <UnitOfMeasurePrice>1.1647</UnitOfMeasurePrice>
      <AllowDiscount>1</AllowDiscount>
      <ItemStatus>1</ItemStatus>
      <ItemId>109044</ItemId>
    </Item>
    <Item>
      <PriceUpdateDate>2015-10-01 06:16:35</PriceUpdateDate>
      <ItemCode>10163069</ItemCode>
      <ItemType>1</ItemType>
      <ItemName>צנובר  100 גר</ItemName>
      <ManufacturerName>דין שיווק וקליה בע"מ</ManufacturerName>
      <ManufactureCountry>טורקיה</ManufactureCountry>
      <ManufacturerItemDescription>צנובר  100 גר</ManufacturerItemDescription>
      <UnitQty>גרמים</UnitQty>
      <Quantity>150.00</Quantity>
      <UnitOfMeasure>100 גרם</UnitOfMeasure>
      <bIsWeighted>0</bIsWeighted>
      <QtyInPackage>1</QtyInPackage>
      <ItemPrice>28.60</ItemPrice>
      <UnitOfMeasurePrice>19.0667</UnitOfMeasurePrice>
      <AllowDiscount>0</AllowDiscount>
      <ItemStatus>1</ItemStatus>
      <ItemId>96856</ItemId>
    </Item>
    <Item>
      <PriceUpdateDate>2015-08-02 08:17:33</PriceUpdateDate>
      <ItemCode>7290002040019</ItemCode>
      <ItemType>1</ItemType>
      <ItemName>קוסקוס</ItemName>
      <ManufacturerName>קוסקוס מזון</ManufacturerName>
      <ManufactureCountry>ישראל</ManufactureCountry>
      <ManufacturerItemDescription>קוסקוס רגיל 350 גרם</ManufacturerItemDescription>
      <UnitQty>גרמים</UnitQty>
      <Quantity>350.00</Quantity>
      <UnitOfMeasure>100 גרם</UnitOfMeasure>
      <bIsWeighted>0</bIsWeighted>
      <QtyInPackage>1</QtyInPackage>
      <ItemPrice>6.90</ItemPrice>
      <UnitOfMeasurePrice>1.9714</UnitOfMeasurePrice>
      <AllowDiscount>1</AllowDiscount>
      <ItemStatus>1</ItemStatus>
      <ItemId>1300</ItemId>
    </Item>
    <Item>
      <PriceUpdateDate>2015-10-01 06:16:27</PriceUpdateDate>
      <ItemCode>7290000204215</ItemCode>
      <ItemType>1</ItemType>
      <ItemName>כרית יפנית שישייה</ItemName>
      <ManufacturerName>פלסטו פוליש</ManufacturerName>
      <ManufactureCountry>ישראל</ManufactureCountry>
      <ManufacturerItemDescription>כרית יפנית 2+4 ניקול</ManufacturerItemDescription>
      <UnitQty>Unknown </UnitQty>
      <Quantity>0.00</Quantity>
      <UnitOfMeasure>Unknown </UnitOfMeasure>
      <bIsWeighted>0</bIsWeighted>
      <QtyInPackage>1</QtyInPackage>
      <ItemPrice>11.80</ItemPrice>
      <UnitOfMeasurePrice>0.0000</UnitOfMeasurePrice>
      <AllowDiscount>1</AllowDiscount>
      <ItemStatus>1</ItemStatus>
      <ItemId>1309</ItemId>
    </Item>
    <Item>
      <PriceUpdateDate>2015-10-01 06:16:27</PriceUpdateDate>
      <ItemCode>7290000204253</ItemCode>
      <ItemType>1</ItemType>
      <ItemName>מטלית ניקול     1/9</ItemName>
      <ManufacturerName>נועם אורים</ManufacturerName>
      <ManufactureCountry>ישראל</ManufactureCountry>
      <ManufacturerItemDescription>מטלית ניקול                         1/9</ManufacturerItemDescription>
      <UnitQty>Unknown </UnitQty>
      <Quantity>0.00</Quantity>
      <UnitOfMeasure>Unknown </UnitOfMeasure>
      <bIsWeighted>0</bIsWeighted>
      <QtyInPackage>1</QtyInPackage>
      <ItemPrice>11.80</ItemPrice>
      <UnitOfMeasurePrice>0.0000</UnitOfMeasurePrice>
      <AllowDiscount>1</AllowDiscount>
      <ItemStatus>1</ItemStatus>
      <ItemId>1312</ItemId>
    </Item>
    <Item>
      <PriceUpdateDate>2015-10-01 06:14:28</PriceUpdateDate>
      <ItemCode>7290000205526</ItemCode>
      <ItemType>1</ItemType>
      <ItemName>לרצפה פסגה 2 ל</ItemName>
      <ManufacturerName>סנו</ManufacturerName>
      <ManufactureCountry>ישראל</ManufactureCountry>
      <ManufacturerItemDescription>לרצפה פסגה 2 ל                         .</ManufacturerItemDescription>
      <UnitQty>ליטרים</UnitQty>
      <Quantity>2.00</Quantity>
      <UnitOfMeasure>ליטר</UnitOfMeasure>
      <bIsWeighted>0</bIsWeighted>
      <QtyInPackage>1</QtyInPackage>
      <ItemPrice>12.80</ItemPrice>
      <UnitOfMeasurePrice>6.4000</UnitOfMeasurePrice>
      <AllowDiscount>1</AllowDiscount>
      <ItemStatus>1</ItemStatus>
      <ItemId>1330</ItemId>
    </Item>
    <Item>
      <PriceUpdateDate>2015-09-10 08:47:24</PriceUpdateDate>
      <ItemCode>7290014534681</ItemCode>
      <ItemType>1</ItemType>
      <ItemName>לה פסטה 64 בורג 400</ItemName>
      <ManufacturerName>,</ManufacturerName>
      <ManufactureCountry>לא ידוע</ManufactureCountry>
      <ManufacturerItemDescription>לה פסטה 64 בורג 400 גר</ManufacturerItemDescription>
      <UnitQty>גרמים</UnitQty>
      <Quantity>400.00</Quantity>
      <UnitOfMeasure>100 גרם</UnitOfMeasure>
      <bIsWeighted>0</bIsWeighted>
      <QtyInPackage>1</QtyInPackage>
      <ItemPrice>4.00</ItemPrice>
      <UnitOfMeasurePrice>1.0000</UnitOfMeasurePrice>
      <AllowDiscount>1</AllowDiscount>
      <ItemStatus>1</ItemStatus>
      <ItemId>106302</ItemId>
    </Item>
    <Item>
      <PriceUpdateDate>2016-08-05 06:31:48</PriceUpdateDate>
      <ItemCode>7290002057123</ItemCode>
      <ItemType>1</ItemType>
      <ItemName>זית ירוק נטול גלעין</ItemName>
      <ManufacturerName>קבוצת יבנה</ManufacturerName>
      <ManufactureCountry>ישראל</ManufactureCountry>
      <ManufacturerItemDescription>זית ירוק נטול גלעין-חרוזית540ג</ManufacturerItemDescription>
      <UnitQty>גרמים</UnitQty>
      <Quantity>540.00</Quantity>
      <UnitOfMeasure>100 גרם</UnitOfMeasure>
      <bIsWeighted>0</bIsWeighted>
      <QtyInPackage>1</QtyInPackage>
      <ItemPrice>9.40</ItemPrice>
      <UnitOfMeasurePrice>1.7407</UnitOfMeasurePrice>
      <AllowDiscount>1</AllowDiscount>
      <ItemStatus>1</ItemStatus>
      <ItemId>1336</ItemId>
    </Item>
    <Item>
      <PriceUpdateDate>2016-08-05 06:31:48</PriceUpdateDate>
      <ItemCode>7290002057369</ItemCode>
      <ItemType>1</ItemType>
      <ItemName>מלפפון במלח   10-12</ItemName>
      <ManufacturerName>קבוצת יבנה</ManufacturerName>
      <ManufactureCountry>ישראל</ManufactureCountry>
      <ManufacturerItemDescription>מלפפון 10-12 במלח 540 גרם</ManufacturerItemDescription>
      <UnitQty>גרמים</UnitQty>
      <Quantity>540.00</Quantity>
      <UnitOfMeasure>100 גרם</UnitOfMeasure>
      <bIsWeighted>0</bIsWeighted>
      <QtyInPackage>1</QtyInPackage>
      <ItemPrice>7.10</ItemPrice>
      <UnitOfMeasurePrice>1.3148</UnitOfMeasurePrice>
      <AllowDiscount>1</AllowDiscount>
      <ItemStatus>1</ItemStatus>
      <ItemId>1344</ItemId>
    </Item>
    <Item>
      <PriceUpdateDate>2015-01-01 00:00:00</PriceUpdateDate>
      <ItemCode>7290002057376</ItemCode>
      <ItemType>1</ItemType>
      <ItemName>מלפפון במלחA2 13-17</ItemName>
      <ManufacturerName>קבוצת יבנה</ManufacturerName>
      <ManufactureCountry>ישראל</ManufactureCountry>
      <ManufacturerItemDescription>מלפפון במלח  13-17</ManufacturerItemDescription>
      <UnitQty>גרמים</UnitQty>
      <Quantity>540.00</Quantity>
      <UnitOfMeasure>100 גרם</UnitOfMeasure>
      <bIsWeighted>0</bIsWeighted>
      <QtyInPackage>1</QtyInPackage>
      <ItemPrice>9.20</ItemPrice>
      <UnitOfMeasurePrice>1.7037</UnitOfMeasurePrice>
      <AllowDiscount>1</AllowDiscount>
      <ItemStatus>1</ItemStatus>
      <ItemId>1345</ItemId>
    </Item>
    <Item>
      <PriceUpdateDate>2015-01-01 00:00:00</PriceUpdateDate>
      <ItemCode>7290002057840</ItemCode>
      <ItemType>1</ItemType>
      <ItemName>זית ירוק מנזנילו ענק</ItemName>
      <ManufacturerName>קבוצת יבנה</ManufacturerName>
      <ManufactureCountry>ישראל</ManufactureCountry>
      <ManufacturerItemDescription>זית ירוק מנזולינו ענק 540 גר</ManufacturerItemDescription>
      <UnitQty>גרמים</UnitQty>
      <Quantity>540.00</Quantity>
      <UnitOfMeasure>100 גרם</UnitOfMeasure>
      <bIsWeighted>0</bIsWeighted>
      <QtyInPackage>1</QtyInPackage>
      <ItemPrice>11.10</ItemPrice>
      <UnitOfMeasurePrice>2.0556</UnitOfMeasurePrice>
      <AllowDiscount>1</AllowDiscount>
      <ItemStatus>1</ItemStatus>
      <ItemId>1354</ItemId>
    </Item>
    <Item>
      <PriceUpdateDate>2015-10-01 06:16:44</PriceUpdateDate>
      <ItemCode>7290002065555</ItemCode>
      <ItemType>1</ItemType>
      <ItemName>לחמניות ארוכות  1/6</ItemName>
      <ManufacturerName>מאפיית אנג'ל</ManufacturerName>
      <ManufactureCountry>ישראל</ManufactureCountry>
      <ManufacturerItemDescription>לחמניות ארוכות 450 1/6 גר              .</ManufacturerItemDescription>
      <UnitQty>גרמים</UnitQty>
      <Quantity>450.00</Quantity>
      <UnitOfMeasure>100 גרם</UnitOfMeasure>
      <bIsWeighted>0</bIsWeighted>
      <QtyInPackage>1</QtyInPackage>
      <ItemPrice>11.40</ItemPrice>
      <UnitOfMeasurePrice>2.5333</UnitOfMeasurePrice>
      <AllowDiscount>1</AllowDiscount>
      <ItemStatus>1</ItemStatus>
      <ItemId>1376</ItemId>
    </Item>
    <Item>
      <PriceUpdateDate>2015-07-14 15:10:17</PriceUpdateDate>
      <ItemCode>7290000207162</ItemCode>
      <ItemType>1</ItemType>
      <ItemName>רסק עגבניות 100 גר</ItemName>
      <ManufacturerName>יכין</ManufacturerName>
      <ManufactureCountry>ישראל</ManufactureCountry>
      <ManufacturerItemDescription>רסק עגבניות 100 גר</ManufacturerItemDescription>
      <UnitQty>גרמים</UnitQty>
      <Quantity>100.00</Quantity>
      <UnitOfMeasure>100 גרם</UnitOfMeasure>
      <bIsWeighted>0</bIsWeighted>
      <QtyInPackage>1</QtyInPackage>
      <ItemPrice>2.20</ItemPrice>
      <UnitOfMeasurePrice>2.2000</UnitOfMeasurePrice>
      <AllowDiscount>1</AllowDiscount>
      <ItemStatus>1</ItemStatus>
      <ItemId>1386</ItemId>
    </Item>
    <Item>
      <PriceUpdateDate>2016-06-15 07:40:00</PriceUpdateDate>
      <ItemCode>7290015597043</ItemCode>
      <ItemType>1</ItemType>
      <ItemName>קורנטו סופר קרמל וחמ</ItemName>
      <ManufacturerName>שטראוס גלידות</ManufacturerName>
      <ManufactureCountry>ישראל</ManufactureCountry>
      <ManufacturerItemDescription>קורטו סופר קרמל וחמאת בוטנים</ManufacturerItemDescription>
      <UnitQty>גרמים</UnitQty>
      <Quantity>110.00</Quantity>
      <UnitOfMeasure>100 גרם</UnitOfMeasure>
      <bIsWeighted>0</bIsWeighted>
      <QtyInPackage>1</QtyInPackage>
      <ItemPrice>11.80</ItemPrice>
      <UnitOfMeasurePrice>10.7273</UnitOfMeasurePrice>
      <AllowDiscount>1</AllowDiscount>
      <ItemStatus>1</ItemStatus>
      <ItemId>101869</ItemId>
    </Item>
    <Item>
      <PriceUpdateDate>2015-01-01 00:00:00</PriceUpdateDate>
      <ItemCode>7290000211312</ItemCode>
      <ItemType>1</ItemType>
      <ItemName>אורז מלא אחד אחד</ItemName>
      <ManufacturerName>סוגת</ManufacturerName>
      <ManufactureCountry>לא ידוע</ManufactureCountry>
      <ManufacturerItemDescription>אורז מלא אחד אחד1 קג                   .</ManufacturerItemDescription>
      <UnitQty>קילוגרמים</UnitQty>
      <Quantity>1.00</Quantity>
      <UnitOfMeasure>ק"ג</UnitOfMeasure>
      <bIsWeighted>0</bIsWeighted>
      <QtyInPackage>1</QtyInPackage>
      <ItemPrice>10.80</ItemPrice>
      <UnitOfMeasurePrice>10.8000</UnitOfMeasurePrice>
      <AllowDiscount>1</AllowDiscount>
      <ItemStatus>1</ItemStatus>
      <ItemId>1470</ItemId>
    </Item>
    <Item>
      <PriceUpdateDate>2015-10-01 06:15:12</PriceUpdateDate>
      <ItemCode>7290015597050</ItemCode>
      <ItemType>1</ItemType>
      <ItemName>קוקיבו גלידת וניל ונ</ItemName>
      <ManufacturerName>גלידת שטראוס בע"מ</ManufacturerName>
      <ManufactureCountry>ישראל</ManufactureCountry>
      <ManufacturerItemDescription>קוקיבו גלידת וניל ונוגט עם עוגיות שוקולד</ManufacturerItemDescription>
      <UnitQty>גרמים</UnitQty>
      <Quantity>82.00</Quantity>
      <UnitOfMeasure>100 גרם</UnitOfMeasure>
      <bIsWeighted>0</bIsWeighted>
      <QtyInPackage>1</QtyInPackage>
      <ItemPrice>11.80</ItemPrice>
      <UnitOfMeasurePrice>14.3902</UnitOfMeasurePrice>
      <AllowDiscount>1</AllowDiscount>
      <ItemStatus>1</ItemStatus>
      <ItemId>101870</ItemId>
    </Item>
    <Item>
      <PriceUpdateDate>2015-11-11 07:49:06</PriceUpdateDate>
      <ItemCode>7290000211442</ItemCode>
      <ItemType>1</ItemType>
      <ItemName>אורז פרסי אחד אחד  .</ItemName>
      <ManufacturerName>סוגת</ManufacturerName>
      <ManufactureCountry>לא ידוע</ManufactureCountry>
      <ManufacturerItemDescription>אורז פרסי אחד אחד1 קג</ManufacturerItemDescription>
      <UnitQty>קילוגרמים</UnitQty>
      <Quantity>1.00</Quantity>
      <UnitOfMeasure>ק"ג</UnitOfMeasure>
      <bIsWeighted>0</bIsWeighted>
      <QtyInPackage>1</QtyInPackage>
      <ItemPrice>9.50</ItemPrice>
      <UnitOfMeasurePrice>9.5000</UnitOfMeasurePrice>
      <AllowDiscount>1</AllowDiscount>
      <ItemStatus>1</ItemStatus>
      <ItemId>1475</ItemId>
    </Item>
    <Item>
      <PriceUpdateDate>2016-07-20 13:20:59</PriceUpdateDate>
      <ItemCode>7290000211503</ItemCode>
      <ItemType>1</ItemType>
      <ItemName>סוכר לבן ארוז בשקית</ItemName>
      <ManufacturerName>סוגת</ManufacturerName>
      <ManufactureCountry>לא ידוע</ManufactureCountry>
      <ManufacturerItemDescription>סוכר לבן ארוז בשקית 1 ק"ג</ManufacturerItemDescription>
      <UnitQty>קילוגרמים</UnitQty>
      <Quantity>1.00</Quantity>
      <UnitOfMeasure>ק"ג</UnitOfMeasure>
      <bIsWeighted>0</bIsWeighted>
      <QtyInPackage>1</QtyInPackage>
      <ItemPrice>4.40</ItemPrice>
      <UnitOfMeasurePrice>4.4000</UnitOfMeasurePrice>
      <AllowDiscount>1</AllowDiscount>
      <ItemStatus>1</ItemStatus>
      <ItemId>1476</ItemId>
    </Item>
    <Item>
      <PriceUpdateDate>2015-01-01 00:00:00</PriceUpdateDate>
      <ItemCode>7290002118398</ItemCode>
      <ItemType>1</ItemType>
      <ItemName>צמרוני אוזניים</ItemName>
      <ManufacturerName>עוזי אקספורט</ManufacturerName>
      <ManufactureCountry>ישראל</ManufactureCountry>
      <ManufacturerItemDescription>צמרוני אוזניים 200 קופ.מרובעת</ManufacturerItemDescription>
      <UnitQty>Unknown </UnitQty>
      <Quantity>0.00</Quantity>
      <UnitOfMeasure>Unknown </UnitOfMeasure>
      <bIsWeighted>0</bIsWeighted>
      <QtyInPackage>1</QtyInPackage>
      <ItemPrice>4.60</ItemPrice>
      <UnitOfMeasurePrice>0.0000</UnitOfMeasurePrice>
      <AllowDiscount>1</AllowDiscount>
      <ItemStatus>1</ItemStatus>
      <ItemId>1482</ItemId>
    </Item>
    <Item>
      <PriceUpdateDate>2016-06-15 07:39:59</PriceUpdateDate>
      <ItemCode>7290014603851</ItemCode>
      <ItemType>1</ItemType>
      <ItemName>קארט דור עוגת גבינה</ItemName>
      <ManufacturerName>שטראוס גלידות</ManufacturerName>
      <ManufactureCountry>ישראל</ManufactureCountry>
      <ManufacturerItemDescription>קארט דור עוגת גבינה</ManufacturerItemDescription>
      <UnitQty>גרמים</UnitQty>
      <Quantity>520.00</Quantity>
      <UnitOfMeasure>100 גרם</UnitOfMeasure>
      <bIsWeighted>0</bIsWeighted>
      <QtyInPackage>1</QtyInPackage>
      <ItemPrice>19.90</ItemPrice>
      <UnitOfMeasurePrice>3.8269</UnitOfMeasurePrice>
      <AllowDiscount>1</AllowDiscount>
      <ItemStatus>1</ItemStatus>
      <ItemId>101871</ItemId>
    </Item>
    <Item>
      <PriceUpdateDate>2015-10-01 06:13:13</PriceUpdateDate>
      <ItemCode>7290002130567</ItemCode>
      <ItemType>1</ItemType>
      <ItemName>דבש דבורים טהור</ItemName>
      <ManufacturerName>שטראוס גרופ</ManufacturerName>
      <ManufactureCountry>ישראל</ManufactureCountry>
      <ManufacturerItemDescription>דבש דבורים טהור350 גר                  .</ManufacturerItemDescription>
      <UnitQty>גרמים</UnitQty>
      <Quantity>350.00</Quantity>
      <UnitOfMeasure>100 גרם</UnitOfMeasure>
      <bIsWeighted>0</bIsWeighted>
      <QtyInPackage>1</QtyInPackage>
      <ItemPrice>22.50</ItemPrice>
      <UnitOfMeasurePrice>6.4286</UnitOfMeasurePrice>
      <AllowDiscount>1</AllowDiscount>
      <ItemStatus>1</ItemStatus>
      <ItemId>1514</ItemId>
    </Item>
    <Item>
      <PriceUpdateDate>2015-10-01 06:13:13</PriceUpdateDate>
      <ItemCode>7290002130574</ItemCode>
      <ItemType>1</ItemType>
      <ItemName>דבש דבורים טהור</ItemName>
      <ManufacturerName>שטראוס גרופ</ManufacturerName>
      <ManufactureCountry>ישראל</ManufactureCountry>
      <ManufacturerItemDescription>דבש דבורים טהור500 גר</ManufacturerItemDescription>
      <UnitQty>גרמים</UnitQty>
      <Quantity>500.00</Quantity>
      <UnitOfMeasure>100 גרם</UnitOfMeasure>
      <bIsWeighted>0</bIsWeighted>
      <QtyInPackage>1</QtyInPackage>
      <ItemPrice>26.60</ItemPrice>
      <UnitOfMeasurePrice>5.3200</UnitOfMeasurePrice>
      <AllowDiscount>1</AllowDiscount>
      <ItemStatus>1</ItemStatus>
      <ItemId>1515</ItemId>
    </Item>
    <Item>
      <PriceUpdateDate>2016-07-20 07:59:37</PriceUpdateDate>
      <ItemCode>7290002132011</ItemCode>
      <ItemType>1</ItemType>
      <ItemName>עוגיות מזרחיות</ItemName>
      <ManufacturerName>עבאדי</ManufacturerName>
      <ManufactureCountry>ישראל</ManufactureCountry>
      <ManufacturerItemDescription>עוגיות מזרחיות עבאדי500 גר             .</ManufacturerItemDescription>
      <UnitQty>גרמים</UnitQty>
      <Quantity>500.00</Quantity>
      <UnitOfMeasure>100 גרם</UnitOfMeasure>
      <bIsWeighted>0</bIsWeighted>
      <QtyInPackage>1</QtyInPackage>
      <ItemPrice>19.90</ItemPrice>
      <UnitOfMeasurePrice>3.9800</UnitOfMeasurePrice>
      <AllowDiscount>1</AllowDiscount>
      <ItemStatus>1</ItemStatus>
      <ItemId>1518</ItemId>
    </Item>
    <Item>
      <PriceUpdateDate>2016-06-07 08:18:52</PriceUpdateDate>
      <ItemCode>7290002196730</ItemCode>
      <ItemType>1</ItemType>
      <ItemName>חרוסת תמרים ואגוזים</ItemName>
      <ManufacturerName>משק לין</ManufacturerName>
      <ManufactureCountry>לא ידוע</ManufactureCountry>
      <ManufacturerItemDescription>חרוסת תמרים ואגוזים 250 גרם</ManufacturerItemDescription>
      <UnitQty>גרמים</UnitQty>
      <Quantity>250.00</Quantity>
      <UnitOfMeasure>100 גרם</UnitOfMeasure>
      <bIsWeighted>0</bIsWeighted>
      <QtyInPackage>1</QtyInPackage>
      <ItemPrice>13.90</ItemPrice>
      <UnitOfMeasurePrice>5.5600</UnitOfMeasurePrice>
      <AllowDiscount>1</AllowDiscount>
      <ItemStatus>1</ItemStatus>
      <ItemId>1571</ItemId>
    </Item>
    <Item>
      <PriceUpdateDate>2015-10-01 06:16:30</PriceUpdateDate>
      <ItemCode>7290000263359</ItemCode>
      <ItemType>1</ItemType>
      <ItemName>חיתולים שלב       1</ItemName>
      <ManufacturerName>קימברלי</ManufacturerName>
      <ManufactureCountry>טורקיה</ManufactureCountry>
      <ManufacturerItemDescription>ח.האגיס מידה 40 1 יחידות</ManufacturerItemDescription>
      <UnitQty>Unknown </UnitQty>
      <Quantity>0.00</Quantity>
      <UnitOfMeasure>Unknown </UnitOfMeasure>
      <bIsWeighted>0</bIsWeighted>
      <QtyInPackage>1</QtyInPackage>
      <ItemPrice>38.50</ItemPrice>
      <UnitOfMeasurePrice>0.0000</UnitOfMeasurePrice>
      <AllowDiscount>1</AllowDiscount>
      <ItemStatus>1</ItemStatus>
      <ItemId>67744</ItemId>
    </Item>
    <Item>
      <PriceUpdateDate>2015-10-01 06:16:13</PriceUpdateDate>
      <ItemCode>7290002253006</ItemCode>
      <ItemType>1</ItemType>
      <ItemName>שום כתוש דורות בצנצנ</ItemName>
      <ManufacturerName>דורות</ManufacturerName>
      <ManufactureCountry>לא ידוע</ManufactureCountry>
      <ManufacturerItemDescription>שום כתוש דורות בצנצנת 200 גר           .</ManufacturerItemDescription>
      <UnitQty>גרמים</UnitQty>
      <Quantity>200.00</Quantity>
      <UnitOfMeasure>100 גרם</UnitOfMeasure>
      <bIsWeighted>0</bIsWeighted>
      <QtyInPackage>1</QtyInPackage>
      <ItemPrice>16.10</ItemPrice>
      <UnitOfMeasurePrice>8.0500</UnitOfMeasurePrice>
      <AllowDiscount>1</AllowDiscount>
      <ItemStatus>1</ItemStatus>
      <ItemId>1693</ItemId>
    </Item>
    <Item>
      <PriceUpdateDate>2015-10-01 06:16:13</PriceUpdateDate>
      <ItemCode>7290002253105</ItemCode>
      <ItemType>1</ItemType>
      <ItemName>שום כתוש מגשית 80 גר</ItemName>
      <ManufacturerName>דורות</ManufacturerName>
      <ManufactureCountry>לא ידוע</ManufactureCountry>
      <ManufacturerItemDescription>שום כתוש מגשית 80 גר                   "</ManufacturerItemDescription>
      <UnitQty>גרמים</UnitQty>
      <Quantity>80.00</Quantity>
      <UnitOfMeasure>100 גרם</UnitOfMeasure>
      <bIsWeighted>0</bIsWeighted>
      <QtyInPackage>1</QtyInPackage>
      <ItemPrice>12.30</ItemPrice>
      <UnitOfMeasurePrice>15.3750</UnitOfMeasurePrice>
      <AllowDiscount>1</AllowDiscount>
      <ItemStatus>1</ItemStatus>
      <ItemId>1694</ItemId>
    </Item>
    <Item>
      <PriceUpdateDate>2015-01-01 00:00:00</PriceUpdateDate>
      <ItemCode>7290002881865</ItemCode>
      <ItemType>1</ItemType>
      <ItemName>פטריות חתוך 8</ItemName>
      <ManufacturerName>Prochamp B.V</ManufacturerName>
      <ManufactureCountry>הולנד</ManufactureCountry>
      <ManufacturerItemDescription>פטריות חתוך 8</ManufacturerItemDescription>
      <UnitQty>יחידה   </UnitQty>
      <Quantity>1.00</Quantity>
      <UnitOfMeasure>יחידה   </UnitOfMeasure>
      <bIsWeighted>0</bIsWeighted>
      <QtyInPackage>1</QtyInPackage>
      <ItemPrice>6.00</ItemPrice>
      <UnitOfMeasurePrice>6.0000</UnitOfMeasurePrice>
      <AllowDiscount>1</AllowDiscount>
      <ItemStatus>1</ItemStatus>
      <ItemId>70011</ItemId>
    </Item>
    <Item>
      <PriceUpdateDate>2016-06-07 08:18:49</PriceUpdateDate>
      <ItemCode>7290002327042</ItemCode>
      <ItemType>1</ItemType>
      <ItemName>בורקס תפוא</ItemName>
      <ManufacturerName>אופרה</ManufacturerName>
      <ManufactureCountry>לא ידוע</ManufactureCountry>
      <ManufacturerItemDescription>בורקס תפוא 800 גר</ManufacturerItemDescription>
      <UnitQty>גרמים</UnitQty>
      <Quantity>800.00</Quantity>
      <UnitOfMeasure>100 גרם</UnitOfMeasure>
      <bIsWeighted>0</bIsWeighted>
      <QtyInPackage>1</QtyInPackage>
      <ItemPrice>23.70</ItemPrice>
      <UnitOfMeasurePrice>2.9625</UnitOfMeasurePrice>
      <AllowDiscount>1</AllowDiscount>
      <ItemStatus>1</ItemStatus>
      <ItemId>1834</ItemId>
    </Item>
    <Item>
      <PriceUpdateDate>2015-01-01 00:00:00</PriceUpdateDate>
      <ItemCode>7290002331025</ItemCode>
      <ItemType>1</ItemType>
      <ItemName>נביעות 1/2 ליטר</ItemName>
      <ManufacturerName>נביעות</ManufacturerName>
      <ManufactureCountry>לא ידוע</ManufactureCountry>
      <ManufacturerItemDescription>נביעות1/2 ל.ספורט</ManufacturerItemDescription>
      <UnitQty>מיליליטרים</UnitQty>
      <Quantity>500.00</Quantity>
      <UnitOfMeasure>100 מ"ל</UnitOfMeasure>
      <bIsWeighted>0</bIsWeighted>
      <QtyInPackage>1</QtyInPackage>
      <ItemPrice>5.30</ItemPrice>
      <UnitOfMeasurePrice>1.0600</UnitOfMeasurePrice>
      <AllowDiscount>1</AllowDiscount>
      <ItemStatus>1</ItemStatus>
      <ItemId>1841</ItemId>
    </Item>
    <Item>
      <PriceUpdateDate>2015-01-01 00:00:00</PriceUpdateDate>
      <ItemCode>7290002331094</ItemCode>
      <ItemType>1</ItemType>
      <ItemName>נביעות        TO GO</ItemName>
      <ManufacturerName>נביעות</ManufacturerName>
      <ManufactureCountry>לא ידוע</ManufactureCountry>
      <ManufacturerItemDescription>נביעות755 TO GO מל מים מינרלים</ManufacturerItemDescription>
      <UnitQty>מיליליטרים</UnitQty>
      <Quantity>755.00</Quantity>
      <UnitOfMeasure>100 מ"ל</UnitOfMeasure>
      <bIsWeighted>0</bIsWeighted>
      <QtyInPackage>1</QtyInPackage>
      <ItemPrice>5.40</ItemPrice>
      <UnitOfMeasurePrice>0.7152</UnitOfMeasurePrice>
      <AllowDiscount>1</AllowDiscount>
      <ItemStatus>1</ItemStatus>
      <ItemId>1842</ItemId>
    </Item>
    <Item>
      <PriceUpdateDate>2015-06-08 13:31:53</PriceUpdateDate>
      <ItemCode>7290002331162</ItemCode>
      <ItemType>1</ItemType>
      <ItemName>נביעות 1.5 ליטר</ItemName>
      <ManufacturerName>נביעות</ManufacturerName>
      <ManufactureCountry>ישראל</ManufactureCountry>
      <ManufacturerItemDescription>נביעות1.5 ל .מים מינרלים</ManufacturerItemDescription>
      <UnitQty>ליטרים</UnitQty>
      <Quantity>1.50</Quantity>
      <UnitOfMeasure>ליטר</UnitOfMeasure>
      <bIsWeighted>0</bIsWeighted>
      <QtyInPackage>1</QtyInPackage>
      <ItemPrice>3.30</ItemPrice>
      <UnitOfMeasurePrice>2.2000</UnitOfMeasurePrice>
      <AllowDiscount>1</AllowDiscount>
      <ItemStatus>1</ItemStatus>
      <ItemId>1843</ItemId>
    </Item>
    <Item>
      <PriceUpdateDate>2015-01-01 00:00:00</PriceUpdateDate>
      <ItemCode>7290002331322</ItemCode>
      <ItemType>1</ItemType>
      <ItemName>מים מינרלים     1/6</ItemName>
      <ManufacturerName>נביעות</ManufacturerName>
      <ManufactureCountry>ישראל</ManufactureCountry>
      <ManufacturerItemDescription>נביעות 1.5 1/6 מים מינרלים</ManufacturerItemDescription>
      <UnitQty>ליטרים</UnitQty>
      <Quantity>9.00</Quantity>
      <UnitOfMeasure>ליטר</UnitOfMeasure>
      <bIsWeighted>0</bIsWeighted>
      <QtyInPackage>1</QtyInPackage>
      <ItemPrice>11.90</ItemPrice>
      <UnitOfMeasurePrice>1.3222</UnitOfMeasurePrice>
      <AllowDiscount>1</AllowDiscount>
      <ItemStatus>1</ItemStatus>
      <ItemId>1846</ItemId>
    </Item>
    <Item>
      <PriceUpdateDate>2015-01-01 00:00:00</PriceUpdateDate>
      <ItemCode>7290002331360</ItemCode>
      <ItemType>1</ItemType>
      <ItemName>נביעות        TO GO</ItemName>
      <ManufacturerName>נביעות</ManufacturerName>
      <ManufactureCountry>ישראל</ManufactureCountry>
      <ManufacturerItemDescription>נביעות TO GO מל                 500 1/6</ManufacturerItemDescription>
      <UnitQty>ליטרים</UnitQty>
      <Quantity>3.00</Quantity>
      <UnitOfMeasure>ליטר</UnitOfMeasure>
      <bIsWeighted>0</bIsWeighted>
      <QtyInPackage>1</QtyInPackage>
      <ItemPrice>16.70</ItemPrice>
      <UnitOfMeasurePrice>5.5667</UnitOfMeasurePrice>
      <AllowDiscount>1</AllowDiscount>
      <ItemStatus>1</ItemStatus>
      <ItemId>1847</ItemId>
    </Item>
    <Item>
      <PriceUpdateDate>2015-01-01 00:00:00</PriceUpdateDate>
      <ItemCode>7290002331421</ItemCode>
      <ItemType>1</ItemType>
      <ItemName>נביעות    1/6 TO GO</ItemName>
      <ManufacturerName>נביעות</ManufacturerName>
      <ManufactureCountry>ישראל</ManufactureCountry>
      <ManufacturerItemDescription>נביעות755 1/6 TO GO מל</ManufacturerItemDescription>
      <UnitQty>ליטרים</UnitQty>
      <Quantity>4.53</Quantity>
      <UnitOfMeasure>ליטר</UnitOfMeasure>
      <bIsWeighted>0</bIsWeighted>
      <QtyInPackage>1</QtyInPackage>
      <ItemPrice>20.60</ItemPrice>
      <UnitOfMeasurePrice>4.5475</UnitOfMeasurePrice>
      <AllowDiscount>1</AllowDiscount>
      <ItemStatus>1</ItemStatus>
      <ItemId>1848</ItemId>
    </Item>
    <Item>
      <PriceUpdateDate>2015-10-02 09:08:55</PriceUpdateDate>
      <ItemCode>7290002348061</ItemCode>
      <ItemType>1</ItemType>
      <ItemName>פטריות חתוכות הודו ו</ItemName>
      <ManufacturerName>פרנס שמפיניון</ManufacturerName>
      <ManufactureCountry>צרפת</ManufactureCountry>
      <ManufacturerItemDescription>פטריות חתוכות הודו ויליגר400גר</ManufacturerItemDescription>
      <UnitQty>גרמים</UnitQty>
      <Quantity>400.00</Quantity>
      <UnitOfMeasure>100 גרם</UnitOfMeasure>
      <bIsWeighted>0</bIsWeighted>
      <QtyInPackage>1</QtyInPackage>
      <ItemPrice>5.70</ItemPrice>
      <UnitOfMeasurePrice>1.4250</UnitOfMeasurePrice>
      <AllowDiscount>1</AllowDiscount>
      <ItemStatus>1</ItemStatus>
      <ItemId>1879</ItemId>
    </Item>
    <Item>
      <PriceUpdateDate>2016-02-15 09:04:47</PriceUpdateDate>
      <ItemCode>7290002353324</ItemCode>
      <ItemType>1</ItemType>
      <ItemName>עוגיות אוראו</ItemName>
      <ManufacturerName>פרוקטר &amp; גמבל</ManufacturerName>
      <ManufactureCountry>אנגליה</ManufactureCountry>
      <ManufacturerItemDescription>עוגיות אוראו176 גר.נביסקו</ManufacturerItemDescription>
      <UnitQty>גרמים</UnitQty>
      <Quantity>176.00</Quantity>
      <UnitOfMeasure>100 גרם</UnitOfMeasure>
      <bIsWeighted>0</bIsWeighted>
      <QtyInPackage>1</QtyInPackage>
      <ItemPrice>10.90</ItemPrice>
      <UnitOfMeasurePrice>6.1932</UnitOfMeasurePrice>
      <AllowDiscount>1</AllowDiscount>
      <ItemStatus>1</ItemStatus>
      <ItemId>1882</ItemId>
    </Item>
    <Item>
      <PriceUpdateDate>2016-05-19 11:18:06</PriceUpdateDate>
      <ItemCode>7290002353836</ItemCode>
      <ItemType>1</ItemType>
      <ItemName>סרדין רוברט בשמן זית</ItemName>
      <ManufacturerName>קונסרבס</ManufacturerName>
      <ManufactureCountry>פורטוגל</ManufactureCountry>
      <ManufacturerItemDescription>סרדין רוברט בשמן זית 115 גר            .</ManufacturerItemDescription>
      <UnitQty>גרמים</UnitQty>
      <Quantity>115.00</Quantity>
      <UnitOfMeasure>100 גרם</UnitOfMeasure>
      <bIsWeighted>0</bIsWeighted>
      <QtyInPackage>1</QtyInPackage>
      <ItemPrice>9.50</ItemPrice>
      <UnitOfMeasurePrice>8.2609</UnitOfMeasurePrice>
      <AllowDiscount>1</AllowDiscount>
      <ItemStatus>1</ItemStatus>
      <ItemId>1885</ItemId>
    </Item>
    <Item>
      <PriceUpdateDate>2015-10-01 06:14:59</PriceUpdateDate>
      <ItemCode>7290002360285</ItemCode>
      <ItemType>1</ItemType>
      <ItemName>תה חליטת צמחים 1/20</ItemName>
      <ManufacturerName>TEEKANNE GMBH &amp; CO.</ManufacturerName>
      <ManufactureCountry>גרמניה</ManufactureCountry>
      <ManufacturerItemDescription>תה חליטת צמחים קמומיל              1/20</ManufacturerItemDescription>
      <UnitQty>גרמים</UnitQty>
      <Quantity>30.00</Quantity>
      <UnitOfMeasure>100 גרם</UnitOfMeasure>
      <bIsWeighted>0</bIsWeighted>
      <QtyInPackage>1</QtyInPackage>
      <ItemPrice>19.50</ItemPrice>
      <UnitOfMeasurePrice>65.0000</UnitOfMeasurePrice>
      <AllowDiscount>1</AllowDiscount>
      <ItemStatus>1</ItemStatus>
      <ItemId>1923</ItemId>
    </Item>
    <Item>
      <PriceUpdateDate>2016-02-10 16:53:25</PriceUpdateDate>
      <ItemCode>7290002374312</ItemCode>
      <ItemType>1</ItemType>
      <ItemName>שמן קנולה        6%</ItemName>
      <ManufacturerName>שמן תעשיות</ManufacturerName>
      <ManufactureCountry>ישראל</ManufactureCountry>
      <ManufacturerItemDescription>שמן קנולה 6% מילומור1 ל</ManufacturerItemDescription>
      <UnitQty>ליטרים</UnitQty>
      <Quantity>1.00</Quantity>
      <UnitOfMeasure>ליטר</UnitOfMeasure>
      <bIsWeighted>0</bIsWeighted>
      <QtyInPackage>1</QtyInPackage>
      <ItemPrice>8.90</ItemPrice>
      <UnitOfMeasurePrice>8.9000</UnitOfMeasurePrice>
      <AllowDiscount>1</AllowDiscount>
      <ItemStatus>1</ItemStatus>
      <ItemId>1937</ItemId>
    </Item>
    <Item>
      <PriceUpdateDate>2015-10-01 06:16:50</PriceUpdateDate>
      <ItemCode>7290000238029</ItemCode>
      <ItemType>1</ItemType>
      <ItemName>בצק עלים</ItemName>
      <ManufacturerName>מעדנות</ManufacturerName>
      <ManufactureCountry>ישראל</ManufactureCountry>
      <ManufacturerItemDescription>בצק עלים 1 קג                          .</ManufacturerItemDescription>
      <UnitQty>קילוגרמים</UnitQty>
      <Quantity>1.00</Quantity>
      <UnitOfMeasure>ק"ג</UnitOfMeasure>
      <bIsWeighted>0</bIsWeighted>
      <QtyInPackage>1</QtyInPackage>
      <ItemPrice>25.40</ItemPrice>
      <UnitOfMeasurePrice>25.4000</UnitOfMeasurePrice>
      <AllowDiscount>1</AllowDiscount>
      <ItemStatus>1</ItemStatus>
      <ItemId>1940</ItemId>
    </Item>
    <Item>
      <PriceUpdateDate>2015-10-01 06:16:50</PriceUpdateDate>
      <ItemCode>7290000238036</ItemCode>
      <ItemType>1</ItemType>
      <ItemName>מלווח 700 גר</ItemName>
      <ManufacturerName>מעדנות</ManufacturerName>
      <ManufactureCountry>לא ידוע</ManufactureCountry>
      <ManufacturerItemDescription>מלווח 700 גר                           .</ManufacturerItemDescription>
      <UnitQty>גרמים</UnitQty>
      <Quantity>700.00</Quantity>
      <UnitOfMeasure>100 גרם</UnitOfMeasure>
      <bIsWeighted>0</bIsWeighted>
      <QtyInPackage>1</QtyInPackage>
      <ItemPrice>18.70</ItemPrice>
      <UnitOfMeasurePrice>2.6714</UnitOfMeasurePrice>
      <AllowDiscount>1</AllowDiscount>
      <ItemStatus>1</ItemStatus>
      <ItemId>1941</ItemId>
    </Item>
    <Item>
      <PriceUpdateDate>2015-10-01 06:15:13</PriceUpdateDate>
      <ItemCode>7290000023809</ItemCode>
      <ItemType>1</ItemType>
      <ItemName>יין קברנה סובניון</ItemName>
      <ManufacturerName>ברקן סגל</ManufacturerName>
      <ManufactureCountry>ישראל</ManufactureCountry>
      <ManufacturerItemDescription>יין קלאסיק קברנה סוביניון           750</ManufacturerItemDescription>
      <UnitQty>מיליליטרים</UnitQty>
      <Quantity>750.00</Quantity>
      <UnitOfMeasure>100 מ"ל</UnitOfMeasure>
      <bIsWeighted>0</bIsWeighted>
      <QtyInPackage>1</QtyInPackage>
      <ItemPrice>37.50</ItemPrice>
      <UnitOfMeasurePrice>5.0000</UnitOfMeasurePrice>
      <AllowDiscount>1</AllowDiscount>
      <ItemStatus>1</ItemStatus>
      <ItemId>1942</ItemId>
    </Item>
    <Item>
      <PriceUpdateDate>2015-10-01 06:16:50</PriceUpdateDate>
      <ItemCode>7290000238173</ItemCode>
      <ItemType>1</ItemType>
      <ItemName>בורקס גבינה</ItemName>
      <ManufacturerName>מעדנות</ManufacturerName>
      <ManufactureCountry>ישראל</ManufactureCountry>
      <ManufacturerItemDescription>בורקס גבינה 800 גרם</ManufacturerItemDescription>
      <UnitQty>גרמים</UnitQty>
      <Quantity>800.00</Quantity>
      <UnitOfMeasure>100 גרם</UnitOfMeasure>
      <bIsWeighted>0</bIsWeighted>
      <QtyInPackage>1</QtyInPackage>
      <ItemPrice>24.50</ItemPrice>
      <UnitOfMeasurePrice>3.0625</UnitOfMeasurePrice>
      <AllowDiscount>1</AllowDiscount>
      <ItemStatus>1</ItemStatus>
      <ItemId>1944</ItemId>
    </Item>
    <Item>
      <PriceUpdateDate>2015-10-01 06:16:50</PriceUpdateDate>
      <ItemCode>7290000238180</ItemCode>
      <ItemType>1</ItemType>
      <ItemName>בורקס תפוא</ItemName>
      <ManufacturerName>מעדנות</ManufacturerName>
      <ManufactureCountry>ישראל</ManufactureCountry>
      <ManufacturerItemDescription>בורקס תפוא800 גר .יחידה</ManufacturerItemDescription>
      <UnitQty>גרמים</UnitQty>
      <Quantity>800.00</Quantity>
      <UnitOfMeasure>100 גרם</UnitOfMeasure>
      <bIsWeighted>0</bIsWeighted>
      <QtyInPackage>1</QtyInPackage>
      <ItemPrice>22.50</ItemPrice>
      <UnitOfMeasurePrice>2.8125</UnitOfMeasurePrice>
      <AllowDiscount>1</AllowDiscount>
      <ItemStatus>1</ItemStatus>
      <ItemId>1945</ItemId>
    </Item>
    <Item>
      <PriceUpdateDate>2015-10-01 06:15:13</PriceUpdateDate>
      <ItemCode>7290000023977</ItemCode>
      <ItemType>1</ItemType>
      <ItemName>יין מרלו</ItemName>
      <ManufacturerName>ברקן סגל</ManufacturerName>
      <ManufactureCountry>ישראל</ManufactureCountry>
      <ManufacturerItemDescription>יין קלאסיק מרלו 750 מל</ManufacturerItemDescription>
      <UnitQty>מיליליטרים</UnitQty>
      <Quantity>750.00</Quantity>
      <UnitOfMeasure>100 מ"ל</UnitOfMeasure>
      <bIsWeighted>0</bIsWeighted>
      <QtyInPackage>1</QtyInPackage>
      <ItemPrice>39.50</ItemPrice>
      <UnitOfMeasurePrice>5.2667</UnitOfMeasurePrice>
      <AllowDiscount>1</AllowDiscount>
      <ItemStatus>1</ItemStatus>
      <ItemId>1953</ItemId>
    </Item>
    <Item>
      <PriceUpdateDate>2015-01-01 00:00:00</PriceUpdateDate>
      <ItemCode>50173167</ItemCode>
      <ItemType>1</ItemType>
      <ItemName>א. מיני מנטה ואקליפט</ItemName>
      <ManufacturerName>ריגלי</ManufacturerName>
      <ManufactureCountry>פולין</ManufactureCountry>
      <ManufacturerItemDescription>א. מיני מנטה ואקליפטוס</ManufacturerItemDescription>
      <UnitQty>Unknown </UnitQty>
      <Quantity>0.00</Quantity>
      <UnitOfMeasure>Unknown </UnitOfMeasure>
      <bIsWeighted>0</bIsWeighted>
      <QtyInPackage>1</QtyInPackage>
      <ItemPrice>2.30</ItemPrice>
      <UnitOfMeasurePrice>0.0000</UnitOfMeasurePrice>
      <AllowDiscount>1</AllowDiscount>
      <ItemStatus>1</ItemStatus>
      <ItemId>95864</ItemId>
    </Item>
    <Item>
      <PriceUpdateDate>2015-01-01 00:00:00</PriceUpdateDate>
      <ItemCode>7290000244761</ItemCode>
      <ItemType>1</ItemType>
      <ItemName>קרם ולוטה</ItemName>
      <ManufacturerName>טרופיקל דגיל</ManufacturerName>
      <ManufactureCountry>ישראל</ManufactureCountry>
      <ManufacturerItemDescription>קרם ולוטה 80 גר</ManufacturerItemDescription>
      <UnitQty>גרמים</UnitQty>
      <Quantity>80.00</Quantity>
      <UnitOfMeasure>100 גרם</UnitOfMeasure>
      <bIsWeighted>0</bIsWeighted>
      <QtyInPackage>1</QtyInPackage>
      <ItemPrice>13.90</ItemPrice>
      <UnitOfMeasurePrice>17.3750</UnitOfMeasurePrice>
      <AllowDiscount>1</AllowDiscount>
      <ItemStatus>1</ItemStatus>
      <ItemId>2016</ItemId>
    </Item>
    <Item>
      <PriceUpdateDate>2015-01-01 00:00:00</PriceUpdateDate>
      <ItemCode>7290000245270</ItemCode>
      <ItemType>1</ItemType>
      <ItemName>אב.כביסה פרסיל סופרה</ItemName>
      <ManufacturerName>הנקל סוד</ManufacturerName>
      <ManufactureCountry>ישראל</ManufactureCountry>
      <ManufacturerItemDescription>אב.כביסה פרסיל סופרה 1.25 קג</ManufacturerItemDescription>
      <UnitQty>קילוגרמים</UnitQty>
      <Quantity>1.25</Quantity>
      <UnitOfMeasure>ק"ג</UnitOfMeasure>
      <bIsWeighted>0</bIsWeighted>
      <QtyInPackage>1</QtyInPackage>
      <ItemPrice>20.80</ItemPrice>
      <UnitOfMeasurePrice>16.6400</UnitOfMeasurePrice>
      <AllowDiscount>1</AllowDiscount>
      <ItemStatus>1</ItemStatus>
      <ItemId>2028</ItemId>
    </Item>
    <Item>
      <PriceUpdateDate>2015-10-01 06:15:26</PriceUpdateDate>
      <ItemCode>7290000245287</ItemCode>
      <ItemType>1</ItemType>
      <ItemName>אב.כביסה פרסיל קולור</ItemName>
      <ManufacturerName>דיפלומט</ManufacturerName>
      <ManufactureCountry>ישראל</ManufactureCountry>
      <ManufacturerItemDescription>אב.כביסה פרסיל קולור 1.25 קג</ManufacturerItemDescription>
      <UnitQty>קילוגרמים</UnitQty>
      <Quantity>1.25</Quantity>
      <UnitOfMeasure>ק"ג</UnitOfMeasure>
      <bIsWeighted>0</bIsWeighted>
      <QtyInPackage>1</QtyInPackage>
      <ItemPrice>20.60</ItemPrice>
      <UnitOfMeasurePrice>16.4800</UnitOfMeasurePrice>
      <AllowDiscount>1</AllowDiscount>
      <ItemStatus>1</ItemStatus>
      <ItemId>2029</ItemId>
    </Item>
    <Item>
      <PriceUpdateDate>2015-10-01 06:15:16</PriceUpdateDate>
      <ItemCode>7290002475019</ItemCode>
      <ItemType>1</ItemType>
      <ItemName>גפילטע פיש-קציצות</ItemName>
      <ManufacturerName>דג טעים (משווק ע"י א</ManufacturerName>
      <ManufactureCountry>ישראל</ManufactureCountry>
      <ManufacturerItemDescription>גפילטע פיש מיטל קציצות 400 גר</ManufacturerItemDescription>
      <UnitQty>גרמים</UnitQty>
      <Quantity>400.00</Quantity>
      <UnitOfMeasure>100 גרם</UnitOfMeasure>
      <bIsWeighted>0</bIsWeighted>
      <QtyInPackage>1</QtyInPackage>
      <ItemPrice>21.10</ItemPrice>
      <UnitOfMeasurePrice>5.2750</UnitOfMeasurePrice>
      <AllowDiscount>1</AllowDiscount>
      <ItemStatus>1</ItemStatus>
      <ItemId>2049</ItemId>
    </Item>
    <Item>
      <PriceUpdateDate>2015-10-01 06:16:14</PriceUpdateDate>
      <ItemCode>7290002515371</ItemCode>
      <ItemType>1</ItemType>
      <ItemName>קמיל בלו אל סבון 1 ל</ItemName>
      <ManufacturerName>ד"ר פישר</ManufacturerName>
      <ManufactureCountry>ישראל</ManufactureCountry>
      <ManufacturerItemDescription>קמיל בלו אלסבון 1 ל                    .</ManufacturerItemDescription>
      <UnitQty>ליטרים</UnitQty>
      <Quantity>1.00</Quantity>
      <UnitOfMeasure>ליטר</UnitOfMeasure>
      <bIsWeighted>0</bIsWeighted>
      <QtyInPackage>1</QtyInPackage>
      <ItemPrice>32.60</ItemPrice>
      <UnitOfMeasurePrice>32.6000</UnitOfMeasurePrice>
      <AllowDiscount>1</AllowDiscount>
      <ItemStatus>1</ItemStatus>
      <ItemId>2099</ItemId>
    </Item>
    <Item>
      <PriceUpdateDate>2015-08-13 07:56:49</PriceUpdateDate>
      <ItemCode>7290000253220</ItemCode>
      <ItemType>1</ItemType>
      <ItemName>שוקולד ציפס</ItemName>
      <ManufacturerName>אופנהיימר</ManufacturerName>
      <ManufactureCountry>ישראל</ManufactureCountry>
      <ManufacturerItemDescription>שוקולד ציפס חום 300 גר                 "</ManufacturerItemDescription>
      <UnitQty>גרמים</UnitQty>
      <Quantity>300.00</Quantity>
      <UnitOfMeasure>100 גרם</UnitOfMeasure>
      <bIsWeighted>0</bIsWeighted>
      <QtyInPackage>1</QtyInPackage>
      <ItemPrice>11.70</ItemPrice>
      <UnitOfMeasurePrice>3.9000</UnitOfMeasurePrice>
      <AllowDiscount>1</AllowDiscount>
      <ItemStatus>1</ItemStatus>
      <ItemId>2102</ItemId>
    </Item>
    <Item>
      <PriceUpdateDate>2015-08-13 07:56:49</PriceUpdateDate>
      <ItemCode>7290000253251</ItemCode>
      <ItemType>1</ItemType>
      <ItemName>שוקולד ציפס אופנהיימ</ItemName>
      <ManufacturerName>אופנהיימר</ManufacturerName>
      <ManufactureCountry>ישראל</ManufactureCountry>
      <ManufacturerItemDescription>שוקולד ציפס אופנהיימר לבן300גר</ManufacturerItemDescription>
      <UnitQty>גרמים</UnitQty>
      <Quantity>300.00</Quantity>
      <UnitOfMeasure>100 גרם</UnitOfMeasure>
      <bIsWeighted>0</bIsWeighted>
      <QtyInPackage>1</QtyInPackage>
      <ItemPrice>11.70</ItemPrice>
      <UnitOfMeasurePrice>3.9000</UnitOfMeasurePrice>
      <AllowDiscount>1</AllowDiscount>
      <ItemStatus>1</ItemStatus>
      <ItemId>2103</ItemId>
    </Item>
    <Item>
      <PriceUpdateDate>2015-10-01 06:14:59</PriceUpdateDate>
      <ItemCode>7290002541370</ItemCode>
      <ItemType>1</ItemType>
      <ItemName>משקה סויה          .</ItemName>
      <ManufacturerName>ALPRO N.V.</ManufacturerName>
      <ManufactureCountry>לא ידוע</ManufactureCountry>
      <ManufacturerItemDescription>משקה סויה טעם טבעי 1 ל                 .</ManufacturerItemDescription>
      <UnitQty>ליטרים</UnitQty>
      <Quantity>1.00</Quantity>
      <UnitOfMeasure>ליטר</UnitOfMeasure>
      <bIsWeighted>0</bIsWeighted>
      <QtyInPackage>1</QtyInPackage>
      <ItemPrice>15.30</ItemPrice>
      <UnitOfMeasurePrice>15.3000</UnitOfMeasurePrice>
      <AllowDiscount>1</AllowDiscount>
      <ItemStatus>1</ItemStatus>
      <ItemId>2107</ItemId>
    </Item>
    <Item>
      <PriceUpdateDate>2016-02-05 07:25:34</PriceUpdateDate>
      <ItemCode>7290002541479</ItemCode>
      <ItemType>1</ItemType>
      <ItemName>משקה פולי סויה שוקו.</ItemName>
      <ManufacturerName>ALPRO N.V.</ManufacturerName>
      <ManufactureCountry>בלגיה</ManufactureCountry>
      <ManufacturerItemDescription>סויה שוקו250 1/3 מל                    .</ManufacturerItemDescription>
      <UnitQty>מיליליטרים</UnitQty>
      <Quantity>750.00</Quantity>
      <UnitOfMeasure>100 מ"ל</UnitOfMeasure>
      <bIsWeighted>0</bIsWeighted>
      <QtyInPackage>1</QtyInPackage>
      <ItemPrice>16.90</ItemPrice>
      <UnitOfMeasurePrice>2.2533</UnitOfMeasurePrice>
      <AllowDiscount>1</AllowDiscount>
      <ItemStatus>1</ItemStatus>
      <ItemId>2109</ItemId>
    </Item>
    <Item>
      <PriceUpdateDate>2015-10-01 06:14:59</PriceUpdateDate>
      <ItemCode>7290002541981</ItemCode>
      <ItemType>1</ItemType>
      <ItemName>משקה סויה ללא סוכר .</ItemName>
      <ManufacturerName>ALPRO N.V.</ManufacturerName>
      <ManufactureCountry>בלגיה</ManufactureCountry>
      <ManufacturerItemDescription>משקה סויה ללא סוכר 1 ל                 .</ManufacturerItemDescription>
      <UnitQty>ליטרים</UnitQty>
      <Quantity>1.00</Quantity>
      <UnitOfMeasure>ליטר</UnitOfMeasure>
      <bIsWeighted>0</bIsWeighted>
      <QtyInPackage>1</QtyInPackage>
      <ItemPrice>15.30</ItemPrice>
      <UnitOfMeasurePrice>15.3000</UnitOfMeasurePrice>
      <AllowDiscount>1</AllowDiscount>
      <ItemStatus>1</ItemStatus>
      <ItemId>2116</ItemId>
    </Item>
    <Item>
      <PriceUpdateDate>2015-10-01 06:14:59</PriceUpdateDate>
      <ItemCode>7290002543237</ItemCode>
      <ItemType>1</ItemType>
      <ItemName>קורנפלקס750 גר</ItemName>
      <ManufacturerName>חברת קלוגס גרמניה</ManufacturerName>
      <ManufactureCountry>גרמניה</ManufactureCountry>
      <ManufacturerItemDescription>קורנפלקס קלוגס 750 גר                  .</ManufacturerItemDescription>
      <UnitQty>גרמים</UnitQty>
      <Quantity>750.00</Quantity>
      <UnitOfMeasure>100 גרם</UnitOfMeasure>
      <bIsWeighted>0</bIsWeighted>
      <QtyInPackage>1</QtyInPackage>
      <ItemPrice>25.60</ItemPrice>
      <UnitOfMeasurePrice>3.4133</UnitOfMeasurePrice>
      <AllowDiscount>1</AllowDiscount>
      <ItemStatus>1</ItemStatus>
      <ItemId>2128</ItemId>
    </Item>
    <Item>
      <PriceUpdateDate>2015-11-09 15:21:59</PriceUpdateDate>
      <ItemCode>7290002551003</ItemCode>
      <ItemType>1</ItemType>
      <ItemName>טונה סטארקיסט בשמן</ItemName>
      <ManufacturerName>סטארקיסט</ManufacturerName>
      <ManufactureCountry>ישראל</ManufactureCountry>
      <ManufacturerItemDescription>טונה סטארקיסט בשמן160 גר</ManufacturerItemDescription>
      <UnitQty>גרמים</UnitQty>
      <Quantity>160.00</Quantity>
      <UnitOfMeasure>100 גרם</UnitOfMeasure>
      <bIsWeighted>0</bIsWeighted>
      <QtyInPackage>1</QtyInPackage>
      <ItemPrice>6.90</ItemPrice>
      <UnitOfMeasurePrice>4.3125</UnitOfMeasurePrice>
      <AllowDiscount>1</AllowDiscount>
      <ItemStatus>1</ItemStatus>
      <ItemId>2136</ItemId>
    </Item>
    <Item>
      <PriceUpdateDate>2015-11-09 15:21:59</PriceUpdateDate>
      <ItemCode>7290002551010</ItemCode>
      <ItemType>1</ItemType>
      <ItemName>טונה סטארקיסט במים</ItemName>
      <ManufacturerName>סטארקיסט</ManufacturerName>
      <ManufactureCountry>ישראל</ManufactureCountry>
      <ManufacturerItemDescription>טונה סטארקיסט במים160 גר</ManufacturerItemDescription>
      <UnitQty>גרמים</UnitQty>
      <Quantity>160.00</Quantity>
      <UnitOfMeasure>100 גרם</UnitOfMeasure>
      <bIsWeighted>0</bIsWeighted>
      <QtyInPackage>1</QtyInPackage>
      <ItemPrice>6.90</ItemPrice>
      <UnitOfMeasurePrice>4.3125</UnitOfMeasurePrice>
      <AllowDiscount>1</AllowDiscount>
      <ItemStatus>1</ItemStatus>
      <ItemId>2137</ItemId>
    </Item>
    <Item>
      <PriceUpdateDate>2015-10-01 06:13:05</PriceUpdateDate>
      <ItemCode>4801234145125</ItemCode>
      <ItemType>1</ItemType>
      <ItemName>גלייד נטול גז אושן ב</ItemName>
      <ManufacturerName>SC Jonson</ManufacturerName>
      <ManufactureCountry>סין</ManufactureCountry>
      <ManufacturerItemDescription>גלייד נטול גז אושן בריז</ManufacturerItemDescription>
      <UnitQty>מיליליטרים</UnitQty>
      <Quantity>400.00</Quantity>
      <UnitOfMeasure>100 מ"ל</UnitOfMeasure>
      <bIsWeighted>0</bIsWeighted>
      <QtyInPackage>1</QtyInPackage>
      <ItemPrice>13.80</ItemPrice>
      <UnitOfMeasurePrice>3.4500</UnitOfMeasurePrice>
      <AllowDiscount>1</AllowDiscount>
      <ItemStatus>1</ItemStatus>
      <ItemId>98733</ItemId>
    </Item>
    <Item>
      <PriceUpdateDate>2015-10-01 06:13:13</PriceUpdateDate>
      <ItemCode>7290000255897</ItemCode>
      <ItemType>1</ItemType>
      <ItemName>שוקולד פרה+פצפוצים</ItemName>
      <ManufacturerName>שטראוס גרופ</ManufacturerName>
      <ManufactureCountry>ישראל</ManufactureCountry>
      <ManufacturerItemDescription>שוקולד חלב פרה+פצפוצי אורז</ManufacturerItemDescription>
      <UnitQty>גרמים</UnitQty>
      <Quantity>100.00</Quantity>
      <UnitOfMeasure>100 גרם</UnitOfMeasure>
      <bIsWeighted>0</bIsWeighted>
      <QtyInPackage>1</QtyInPackage>
      <ItemPrice>6.60</ItemPrice>
      <UnitOfMeasurePrice>6.6000</UnitOfMeasurePrice>
      <AllowDiscount>1</AllowDiscount>
      <ItemStatus>1</ItemStatus>
      <ItemId>2141</ItemId>
    </Item>
    <Item>
      <PriceUpdateDate>2016-05-19 11:19:45</PriceUpdateDate>
      <ItemCode>7290000256085</ItemCode>
      <ItemType>1</ItemType>
      <ItemName>גליל רול עדין 100 גר</ItemName>
      <ManufacturerName>עדין בע"מ</ManufacturerName>
      <ManufactureCountry>ישראל</ManufactureCountry>
      <ManufacturerItemDescription>גליל רול עדין 100 גרם</ManufacturerItemDescription>
      <UnitQty>גרמים</UnitQty>
      <Quantity>100.00</Quantity>
      <UnitOfMeasure>100 גרם</UnitOfMeasure>
      <bIsWeighted>0</bIsWeighted>
      <QtyInPackage>1</QtyInPackage>
      <ItemPrice>3.90</ItemPrice>
      <UnitOfMeasurePrice>3.9000</UnitOfMeasurePrice>
      <AllowDiscount>1</AllowDiscount>
      <ItemStatus>1</ItemStatus>
      <ItemId>2142</ItemId>
    </Item>
    <Item>
      <PriceUpdateDate>2015-10-01 06:14:43</PriceUpdateDate>
      <ItemCode>7290013268662</ItemCode>
      <ItemType>1</ItemType>
      <ItemName>כיף מרכך       GLOW</ItemName>
      <ManufacturerName>קוסמופארם</ManufacturerName>
      <ManufactureCountry>ישראל</ManufactureCountry>
      <ManufacturerItemDescription>כיף מרכך 750 GLOW מל</ManufacturerItemDescription>
      <UnitQty>מיליליטרים</UnitQty>
      <Quantity>750.00</Quantity>
      <UnitOfMeasure>100 מ"ל</UnitOfMeasure>
      <bIsWeighted>0</bIsWeighted>
      <QtyInPackage>1</QtyInPackage>
      <ItemPrice>11.80</ItemPrice>
      <UnitOfMeasurePrice>1.5733</UnitOfMeasurePrice>
      <AllowDiscount>1</AllowDiscount>
      <ItemStatus>1</ItemStatus>
      <ItemId>73914</ItemId>
    </Item>
    <Item>
      <PriceUpdateDate>2015-10-01 06:16:30</PriceUpdateDate>
      <ItemCode>7290000188065</ItemCode>
      <ItemType>1</ItemType>
      <ItemName>מגן תחתון סילק לייט</ItemName>
      <ManufacturerName>KC China</ManufacturerName>
      <ManufactureCountry>סין</ManufactureCountry>
      <ManufacturerItemDescription>קוטקס מגן תחתון סילק לייט 62 י</ManufacturerItemDescription>
      <UnitQty>Unknown </UnitQty>
      <Quantity>0.00</Quantity>
      <UnitOfMeasure>Unknown </UnitOfMeasure>
      <bIsWeighted>0</bIsWeighted>
      <QtyInPackage>1</QtyInPackage>
      <ItemPrice>22.70</ItemPrice>
      <UnitOfMeasurePrice>0.0000</UnitOfMeasurePrice>
      <AllowDiscount>1</AllowDiscount>
      <ItemStatus>1</ItemStatus>
      <ItemId>72236</ItemId>
    </Item>
    <Item>
      <PriceUpdateDate>2015-10-01 06:15:16</PriceUpdateDate>
      <ItemCode>7290002581536</ItemCode>
      <ItemType>1</ItemType>
      <ItemName>וופל ללא סוכר</ItemName>
      <ManufacturerName>גילרו</ManufacturerName>
      <ManufactureCountry>ישראל</ManufactureCountry>
      <ManufacturerItemDescription>וופל ללא סוכר 250 גרם הדר</ManufacturerItemDescription>
      <UnitQty>גרמים</UnitQty>
      <Quantity>250.00</Quantity>
      <UnitOfMeasure>100 גרם</UnitOfMeasure>
      <bIsWeighted>0</bIsWeighted>
      <QtyInPackage>1</QtyInPackage>
      <ItemPrice>7.30</ItemPrice>
      <UnitOfMeasurePrice>2.9200</UnitOfMeasurePrice>
      <AllowDiscount>1</AllowDiscount>
      <ItemStatus>1</ItemStatus>
      <ItemId>2147</ItemId>
    </Item>
    <Item>
      <PriceUpdateDate>2015-07-26 13:18:36</PriceUpdateDate>
      <ItemCode>7290002651116</ItemCode>
      <ItemType>1</ItemType>
      <ItemName>גחנון חמסי</ItemName>
      <ManufacturerName>מעדני הטלה</ManufacturerName>
      <ManufactureCountry>לא ידוע</ManufactureCountry>
      <ManufacturerItemDescription>ג"חנון חמסי צלחות 1 ק"ג</ManufacturerItemDescription>
      <UnitQty>קילוגרמים</UnitQty>
      <Quantity>1.00</Quantity>
      <UnitOfMeasure>ק"ג</UnitOfMeasure>
      <bIsWeighted>0</bIsWeighted>
      <QtyInPackage>1</QtyInPackage>
      <ItemPrice>14.90</ItemPrice>
      <UnitOfMeasurePrice>14.9000</UnitOfMeasurePrice>
      <AllowDiscount>1</AllowDiscount>
      <ItemStatus>1</ItemStatus>
      <ItemId>2177</ItemId>
    </Item>
    <Item>
      <PriceUpdateDate>2015-01-01 00:00:00</PriceUpdateDate>
      <ItemCode>7290000267029</ItemCode>
      <ItemType>1</ItemType>
      <ItemName>שקד מולבן חצוי</ItemName>
      <ManufacturerName>דין שיווק וקליה בע"מ</ManufacturerName>
      <ManufactureCountry>ארצות הברית</ManufactureCountry>
      <ManufacturerItemDescription>שקד טבעי מולבן חצוי 100 גרם</ManufacturerItemDescription>
      <UnitQty>גרמים</UnitQty>
      <Quantity>100.00</Quantity>
      <UnitOfMeasure>100 גרם</UnitOfMeasure>
      <bIsWeighted>0</bIsWeighted>
      <QtyInPackage>1</QtyInPackage>
      <ItemPrice>12.70</ItemPrice>
      <UnitOfMeasurePrice>12.7000</UnitOfMeasurePrice>
      <AllowDiscount>1</AllowDiscount>
      <ItemStatus>1</ItemStatus>
      <ItemId>2209</ItemId>
    </Item>
    <Item>
      <PriceUpdateDate>2015-01-01 00:00:00</PriceUpdateDate>
      <ItemCode>7290000267050</ItemCode>
      <ItemType>1</ItemType>
      <ItemName>שקדים טחונים 100 גרם</ItemName>
      <ManufacturerName>דין שיווק וקליה בע"מ</ManufacturerName>
      <ManufactureCountry>ארצות הברית</ManufactureCountry>
      <ManufacturerItemDescription>שקדים טחונים 100 גרם</ManufacturerItemDescription>
      <UnitQty>גרמים</UnitQty>
      <Quantity>100.00</Quantity>
      <UnitOfMeasure>100 גרם</UnitOfMeasure>
      <bIsWeighted>0</bIsWeighted>
      <QtyInPackage>1</QtyInPackage>
      <ItemPrice>12.70</ItemPrice>
      <UnitOfMeasurePrice>12.7000</UnitOfMeasurePrice>
      <AllowDiscount>0</AllowDiscount>
      <ItemStatus>1</ItemStatus>
      <ItemId>2212</ItemId>
    </Item>
    <Item>
      <PriceUpdateDate>2015-01-01 00:00:00</PriceUpdateDate>
      <ItemCode>7290000267104</ItemCode>
      <ItemType>1</ItemType>
      <ItemName>שקד מולבן מרוסק</ItemName>
      <ManufacturerName>דין שיווק וקליה בע"מ</ManufacturerName>
      <ManufactureCountry>ארצות הברית</ManufactureCountry>
      <ManufacturerItemDescription>שקד מולבן מרוסק 100 גרם</ManufacturerItemDescription>
      <UnitQty>גרמים</UnitQty>
      <Quantity>100.00</Quantity>
      <UnitOfMeasure>100 גרם</UnitOfMeasure>
      <bIsWeighted>0</bIsWeighted>
      <QtyInPackage>1</QtyInPackage>
      <ItemPrice>12.70</ItemPrice>
      <UnitOfMeasurePrice>12.7000</UnitOfMeasurePrice>
      <AllowDiscount>1</AllowDiscount>
      <ItemStatus>1</ItemStatus>
      <ItemId>2213</ItemId>
    </Item>
    <Item>
      <PriceUpdateDate>2015-10-15 09:10:00</PriceUpdateDate>
      <ItemCode>7290103742003</ItemCode>
      <ItemType>1</ItemType>
      <ItemName>מגבת מטבח טאצ 6 גליל</ItemName>
      <ManufacturerName>שניב תעשיות נייר בע"</ManufacturerName>
      <ManufactureCountry>ישראל</ManufactureCountry>
      <ManufacturerItemDescription>מגבת מטבח טאצ 6 גלילים</ManufacturerItemDescription>
      <UnitQty>Unknown </UnitQty>
      <Quantity>0.00</Quantity>
      <UnitOfMeasure>Unknown </UnitOfMeasure>
      <bIsWeighted>0</bIsWeighted>
      <QtyInPackage>1</QtyInPackage>
      <ItemPrice>11.90</ItemPrice>
      <UnitOfMeasurePrice>0.0000</UnitOfMeasurePrice>
      <AllowDiscount>1</AllowDiscount>
      <ItemStatus>1</ItemStatus>
      <ItemId>71068</ItemId>
    </Item>
    <Item>
      <PriceUpdateDate>2015-10-02 09:08:58</PriceUpdateDate>
      <ItemCode>7290002715504</ItemCode>
      <ItemType>1</ItemType>
      <ItemName>תבשיל מגיק עוף בכוס</ItemName>
      <ManufacturerName>טאט פוי פוד</ManufacturerName>
      <ManufactureCountry>סינגפור</ManufactureCountry>
      <ManufacturerItemDescription>תבשיל מגיק בכוס עוף 70 ג               "</ManufacturerItemDescription>
      <UnitQty>גרמים</UnitQty>
      <Quantity>70.00</Quantity>
      <UnitOfMeasure>100 גרם</UnitOfMeasure>
      <bIsWeighted>0</bIsWeighted>
      <QtyInPackage>1</QtyInPackage>
      <ItemPrice>4.60</ItemPrice>
      <UnitOfMeasurePrice>6.5714</UnitOfMeasurePrice>
      <AllowDiscount>1</AllowDiscount>
      <ItemStatus>1</ItemStatus>
      <ItemId>2244</ItemId>
    </Item>
    <Item>
      <PriceUpdateDate>2015-10-02 09:08:58</PriceUpdateDate>
      <ItemCode>7290002715511</ItemCode>
      <ItemType>1</ItemType>
      <ItemName>תבשיל בקר בכוס</ItemName>
      <ManufacturerName>טאט פוי פוד</ManufacturerName>
      <ManufactureCountry>סינגפור</ManufactureCountry>
      <ManufacturerItemDescription>תבשיל מגיק בכוס בקר 70 גר              "</ManufacturerItemDescription>
      <UnitQty>גרמים</UnitQty>
      <Quantity>70.00</Quantity>
      <UnitOfMeasure>100 גרם</UnitOfMeasure>
      <bIsWeighted>0</bIsWeighted>
      <QtyInPackage>1</QtyInPackage>
      <ItemPrice>4.60</ItemPrice>
      <UnitOfMeasurePrice>6.5714</UnitOfMeasurePrice>
      <AllowDiscount>1</AllowDiscount>
      <ItemStatus>1</ItemStatus>
      <ItemId>2245</ItemId>
    </Item>
    <Item>
      <PriceUpdateDate>2015-10-02 09:08:58</PriceUpdateDate>
      <ItemCode>7290002715528</ItemCode>
      <ItemType>1</ItemType>
      <ItemName>תבשיל מגיק ירקות כוס</ItemName>
      <ManufacturerName>טאט פוי פוד</ManufacturerName>
      <ManufactureCountry>סינגפור</ManufactureCountry>
      <ManufacturerItemDescription>תבשיל מגיק בכוס ירקות 70 גר</ManufacturerItemDescription>
      <UnitQty>גרמים</UnitQty>
      <Quantity>70.00</Quantity>
      <UnitOfMeasure>100 גרם</UnitOfMeasure>
      <bIsWeighted>0</bIsWeighted>
      <QtyInPackage>1</QtyInPackage>
      <ItemPrice>4.60</ItemPrice>
      <UnitOfMeasurePrice>6.5714</UnitOfMeasurePrice>
      <AllowDiscount>1</AllowDiscount>
      <ItemStatus>1</ItemStatus>
      <ItemId>2246</ItemId>
    </Item>
    <Item>
      <PriceUpdateDate>2015-10-01 06:14:52</PriceUpdateDate>
      <ItemCode>7290000272344</ItemCode>
      <ItemType>1</ItemType>
      <ItemName>סירופ בטעם פטל</ItemName>
      <ManufacturerName>עסיס</ManufacturerName>
      <ManufactureCountry>לא ידוע</ManufactureCountry>
      <ManufacturerItemDescription>סירופ בטעם פטל 2 ל                     .</ManufacturerItemDescription>
      <UnitQty>ליטרים</UnitQty>
      <Quantity>2.00</Quantity>
      <UnitOfMeasure>ליטר</UnitOfMeasure>
      <bIsWeighted>0</bIsWeighted>
      <QtyInPackage>1</QtyInPackage>
      <ItemPrice>23.30</ItemPrice>
      <UnitOfMeasurePrice>11.6500</UnitOfMeasurePrice>
      <AllowDiscount>1</AllowDiscount>
      <ItemStatus>1</ItemStatus>
      <ItemId>2264</ItemId>
    </Item>
    <Item>
      <PriceUpdateDate>2016-04-03 10:20:03</PriceUpdateDate>
      <ItemCode>7290002730262</ItemCode>
      <ItemType>1</ItemType>
      <ItemName>פלמוליב כלים קלאסי 7</ItemName>
      <ManufacturerName>COLGATE (Greece)-PAL</ManufacturerName>
      <ManufactureCountry>יוון</ManufactureCountry>
      <ManufacturerItemDescription>פלמוליב כלים קלאסי 750 מל</ManufacturerItemDescription>
      <UnitQty>מיליליטרים</UnitQty>
      <Quantity>750.00</Quantity>
      <UnitOfMeasure>100 מ"ל</UnitOfMeasure>
      <bIsWeighted>0</bIsWeighted>
      <QtyInPackage>1</QtyInPackage>
      <ItemPrice>12.90</ItemPrice>
      <UnitOfMeasurePrice>1.7200</UnitOfMeasurePrice>
      <AllowDiscount>1</AllowDiscount>
      <ItemStatus>1</ItemStatus>
      <ItemId>2281</ItemId>
    </Item>
    <Item>
      <PriceUpdateDate>2015-08-27 07:32:30</PriceUpdateDate>
      <ItemCode>7290002730675</ItemCode>
      <ItemType>1</ItemType>
      <ItemName>מ.שיניים משפחתי אדום</ItemName>
      <ManufacturerName>Colgate (Euro)-Palmo</ManufacturerName>
      <ManufactureCountry>פולין</ManufactureCountry>
      <ManufacturerItemDescription>קולגייט אדומה 100 מל משפחתית</ManufacturerItemDescription>
      <UnitQty>מיליליטרים</UnitQty>
      <Quantity>100.00</Quantity>
      <UnitOfMeasure>100 מ"ל</UnitOfMeasure>
      <bIsWeighted>0</bIsWeighted>
      <QtyInPackage>1</QtyInPackage>
      <ItemPrice>14.90</ItemPrice>
      <UnitOfMeasurePrice>14.9000</UnitOfMeasurePrice>
      <AllowDiscount>1</AllowDiscount>
      <ItemStatus>1</ItemStatus>
      <ItemId>2286</ItemId>
    </Item>
    <Item>
      <PriceUpdateDate>2015-10-01 06:14:59</PriceUpdateDate>
      <ItemCode>7290002730910</ItemCode>
      <ItemType>1</ItemType>
      <ItemName>פלמוליב סבון מוצק</ItemName>
      <ManufacturerName>COLGATE ($) -PALMOLI</ManufacturerName>
      <ManufactureCountry>לא ידוע</ManufactureCountry>
      <ManufacturerItemDescription>פלמוליב סבון מוצק 1/4 פרי הדר</ManufacturerItemDescription>
      <UnitQty>גרמים</UnitQty>
      <Quantity>400.00</Quantity>
      <UnitOfMeasure>100 גרם</UnitOfMeasure>
      <bIsWeighted>0</bIsWeighted>
      <QtyInPackage>1</QtyInPackage>
      <ItemPrice>17.70</ItemPrice>
      <UnitOfMeasurePrice>4.4250</UnitOfMeasurePrice>
      <AllowDiscount>1</AllowDiscount>
      <ItemStatus>1</ItemStatus>
      <ItemId>2290</ItemId>
    </Item>
    <Item>
      <PriceUpdateDate>2015-10-01 06:14:59</PriceUpdateDate>
      <ItemCode>7290002730927</ItemCode>
      <ItemType>1</ItemType>
      <ItemName>פלמוליב סבון מוצק</ItemName>
      <ManufacturerName>COLGATE ($) -PALMOLI</ManufacturerName>
      <ManufactureCountry>טורקיה</ManufactureCountry>
      <ManufacturerItemDescription>פלמוליב סבון מוצק 1/4 חלב ודבש</ManufacturerItemDescription>
      <UnitQty>גרמים</UnitQty>
      <Quantity>400.00</Quantity>
      <UnitOfMeasure>100 גרם</UnitOfMeasure>
      <bIsWeighted>0</bIsWeighted>
      <QtyInPackage>4</QtyInPackage>
      <ItemPrice>17.70</ItemPrice>
      <UnitOfMeasurePrice>4.4250</UnitOfMeasurePrice>
      <AllowDiscount>1</AllowDiscount>
      <ItemStatus>1</ItemStatus>
      <ItemId>2291</ItemId>
    </Item>
    <Item>
      <PriceUpdateDate>2015-10-01 06:14:59</PriceUpdateDate>
      <ItemCode>7290002730958</ItemCode>
      <ItemType>1</ItemType>
      <ItemName>פלמוליב סבון מוצק</ItemName>
      <ManufacturerName>COLGATE ($) -PALMOLI</ManufacturerName>
      <ManufactureCountry>טורקיה</ManufactureCountry>
      <ManufacturerItemDescription>פלמוליב סבון מוצק 1/4 זיתים</ManufacturerItemDescription>
      <UnitQty>גרמים</UnitQty>
      <Quantity>400.00</Quantity>
      <UnitOfMeasure>100 גרם</UnitOfMeasure>
      <bIsWeighted>0</bIsWeighted>
      <QtyInPackage>4</QtyInPackage>
      <ItemPrice>17.70</ItemPrice>
      <UnitOfMeasurePrice>4.4250</UnitOfMeasurePrice>
      <AllowDiscount>1</AllowDiscount>
      <ItemStatus>1</ItemStatus>
      <ItemId>2292</ItemId>
    </Item>
    <Item>
      <PriceUpdateDate>2015-01-01 00:00:00</PriceUpdateDate>
      <ItemCode>7290002752332</ItemCode>
      <ItemType>1</ItemType>
      <ItemName>סוכריות מנטוס פירות</ItemName>
      <ManufacturerName>פרפטי ואן מלה</ManufacturerName>
      <ManufactureCountry>לא ידוע</ManufactureCountry>
      <ManufacturerItemDescription>סוכריות מנטוס פירות 37.5 גר            .</ManufacturerItemDescription>
      <UnitQty>Unknown </UnitQty>
      <Quantity>0.00</Quantity>
      <UnitOfMeasure>Unknown </UnitOfMeasure>
      <bIsWeighted>0</bIsWeighted>
      <QtyInPackage>1</QtyInPackage>
      <ItemPrice>3.90</ItemPrice>
      <UnitOfMeasurePrice>0.0000</UnitOfMeasurePrice>
      <AllowDiscount>1</AllowDiscount>
      <ItemStatus>1</ItemStatus>
      <ItemId>2296</ItemId>
    </Item>
    <Item>
      <PriceUpdateDate>2015-10-01 06:14:29</PriceUpdateDate>
      <ItemCode>7290002768043</ItemCode>
      <ItemType>1</ItemType>
      <ItemName>מי פה תיא+פלאורד ענק</ItemName>
      <ManufacturerName>אמיליה קוסמטיקס</ManufacturerName>
      <ManufactureCountry>ישראל</ManufactureCountry>
      <ManufacturerItemDescription>מי פה תיאד+פלואוריד ענק</ManufacturerItemDescription>
      <UnitQty>מיליליטרים</UnitQty>
      <Quantity>150.00</Quantity>
      <UnitOfMeasure>100 מ"ל</UnitOfMeasure>
      <bIsWeighted>0</bIsWeighted>
      <QtyInPackage>1</QtyInPackage>
      <ItemPrice>17.70</ItemPrice>
      <UnitOfMeasurePrice>11.8000</UnitOfMeasurePrice>
      <AllowDiscount>1</AllowDiscount>
      <ItemStatus>1</ItemStatus>
      <ItemId>2303</ItemId>
    </Item>
    <Item>
      <PriceUpdateDate>2016-05-04 08:37:21</PriceUpdateDate>
      <ItemCode>7290002814928</ItemCode>
      <ItemType>1</ItemType>
      <ItemName>סיגריות פרלמנט קצר ח</ItemName>
      <ManufacturerName>פיליפ מוריס</ManufacturerName>
      <ManufactureCountry>לא ידוע</ManufactureCountry>
      <ManufacturerItemDescription>סיגריות פרלמנט קצר בודד</ManufacturerItemDescription>
      <UnitQty>Unknown </UnitQty>
      <Quantity>0.00</Quantity>
      <UnitOfMeasure>Unknown </UnitOfMeasure>
      <bIsWeighted>0</bIsWeighted>
      <QtyInPackage>1</QtyInPackage>
      <ItemPrice>39.10</ItemPrice>
      <UnitOfMeasurePrice>0.0000</UnitOfMeasurePrice>
      <AllowDiscount>0</AllowDiscount>
      <ItemStatus>1</ItemStatus>
      <ItemId>2352</ItemId>
    </Item>
    <Item>
      <PriceUpdateDate>2015-08-03 11:02:11</PriceUpdateDate>
      <ItemCode>7290003411948</ItemCode>
      <ItemType>1</ItemType>
      <ItemName>צמר גפן 100 גרם</ItemName>
      <ManufacturerName>ינה תעשיות בע"מ</ManufacturerName>
      <ManufactureCountry>ישראל</ManufactureCountry>
      <ManufacturerItemDescription>צמר גפן 100 גרם</ManufacturerItemDescription>
      <UnitQty>גרמים</UnitQty>
      <Quantity>10000.00</Quantity>
      <UnitOfMeasure>100 גרם</UnitOfMeasure>
      <bIsWeighted>0</bIsWeighted>
      <QtyInPackage>1</QtyInPackage>
      <ItemPrice>5.40</ItemPrice>
      <UnitOfMeasurePrice>0.0540</UnitOfMeasurePrice>
      <AllowDiscount>1</AllowDiscount>
      <ItemStatus>1</ItemStatus>
      <ItemId>98118</ItemId>
    </Item>
    <Item>
      <PriceUpdateDate>2016-02-19 07:49:46</PriceUpdateDate>
      <ItemCode>7290002824183</ItemCode>
      <ItemType>1</ItemType>
      <ItemName>גבינה-סקי        5%</ItemName>
      <ManufacturerName>שטראוס גרופ</ManufacturerName>
      <ManufactureCountry>ישראל</ManufactureCountry>
      <ManufacturerItemDescription>גבינה סקי 500 5% גרם</ManufacturerItemDescription>
      <UnitQty>גרמים</UnitQty>
      <Quantity>500.00</Quantity>
      <UnitOfMeasure>100 גרם</UnitOfMeasure>
      <bIsWeighted>0</bIsWeighted>
      <QtyInPackage>1</QtyInPackage>
      <ItemPrice>9.20</ItemPrice>
      <UnitOfMeasurePrice>1.8400</UnitOfMeasurePrice>
      <AllowDiscount>1</AllowDiscount>
      <ItemStatus>1</ItemStatus>
      <ItemId>2364</ItemId>
    </Item>
    <Item>
      <PriceUpdateDate>2015-08-12 06:10:41</PriceUpdateDate>
      <ItemCode>7290002824466</ItemCode>
      <ItemType>1</ItemType>
      <ItemName>יוגורט דנונה     0%</ItemName>
      <ManufacturerName>שטראוס גרופ</ManufacturerName>
      <ManufactureCountry>ישראל</ManufactureCountry>
      <ManufacturerItemDescription>דנונה 200 -0% גרם                      .</ManufacturerItemDescription>
      <UnitQty>גרמים</UnitQty>
      <Quantity>200.00</Quantity>
      <UnitOfMeasure>100 גרם</UnitOfMeasure>
      <bIsWeighted>0</bIsWeighted>
      <QtyInPackage>1</QtyInPackage>
      <ItemPrice>3.80</ItemPrice>
      <UnitOfMeasurePrice>1.9000</UnitOfMeasurePrice>
      <AllowDiscount>1</AllowDiscount>
      <ItemStatus>1</ItemStatus>
      <ItemId>2365</ItemId>
    </Item>
    <Item>
      <PriceUpdateDate>2016-02-19 07:49:46</PriceUpdateDate>
      <ItemCode>7290002824640</ItemCode>
      <ItemType>1</ItemType>
      <ItemName>גבינה סקי        5%</ItemName>
      <ManufacturerName>שטראוס גרופ</ManufacturerName>
      <ManufactureCountry>ישראל</ManufactureCountry>
      <ManufacturerItemDescription>גבינה סקי 250 5% גר   .פיקוח</ManufacturerItemDescription>
      <UnitQty>גרמים</UnitQty>
      <Quantity>250.00</Quantity>
      <UnitOfMeasure>100 גרם</UnitOfMeasure>
      <bIsWeighted>0</bIsWeighted>
      <QtyInPackage>1</QtyInPackage>
      <ItemPrice>4.60</ItemPrice>
      <UnitOfMeasurePrice>1.8400</UnitOfMeasurePrice>
      <AllowDiscount>1</AllowDiscount>
      <ItemStatus>1</ItemStatus>
      <ItemId>2367</ItemId>
    </Item>
    <Item>
      <PriceUpdateDate>2015-10-01 06:13:13</PriceUpdateDate>
      <ItemCode>7290002825722</ItemCode>
      <ItemType>1</ItemType>
      <ItemName>סלט כרוב אדום אחלה</ItemName>
      <ManufacturerName>שטראוס גרופ</ManufacturerName>
      <ManufactureCountry>ישראל</ManufactureCountry>
      <ManufacturerItemDescription>סלט כרוב אדום אחלה 500 גרם</ManufacturerItemDescription>
      <UnitQty>גרמים</UnitQty>
      <Quantity>500.00</Quantity>
      <UnitOfMeasure>100 גרם</UnitOfMeasure>
      <bIsWeighted>0</bIsWeighted>
      <QtyInPackage>1</QtyInPackage>
      <ItemPrice>15.80</ItemPrice>
      <UnitOfMeasurePrice>3.1600</UnitOfMeasurePrice>
      <AllowDiscount>1</AllowDiscount>
      <ItemStatus>1</ItemStatus>
      <ItemId>2372</ItemId>
    </Item>
    <Item>
      <PriceUpdateDate>2015-10-01 06:15:10</PriceUpdateDate>
      <ItemCode>7290002826477</ItemCode>
      <ItemType>1</ItemType>
      <ItemName>שלגון בומבה</ItemName>
      <ManufacturerName>שטראוס גלידות</ManufacturerName>
      <ManufactureCountry>ישראל</ManufactureCountry>
      <ManufacturerItemDescription>שלגון בומבה</ManufacturerItemDescription>
      <UnitQty>גרמים</UnitQty>
      <Quantity>94.00</Quantity>
      <UnitOfMeasure>100 גרם</UnitOfMeasure>
      <bIsWeighted>0</bIsWeighted>
      <QtyInPackage>1</QtyInPackage>
      <ItemPrice>7.80</ItemPrice>
      <UnitOfMeasurePrice>8.2979</UnitOfMeasurePrice>
      <AllowDiscount>1</AllowDiscount>
      <ItemStatus>1</ItemStatus>
      <ItemId>2373</ItemId>
    </Item>
    <Item>
      <PriceUpdateDate>2016-08-28 13:51:14</PriceUpdateDate>
      <ItemCode>7290002833525</ItemCode>
      <ItemType>1</ItemType>
      <ItemName>סיגריות מרלבורו קצר</ItemName>
      <ManufacturerName>פיליפ מוריס</ManufacturerName>
      <ManufactureCountry>לא ידוע</ManufactureCountry>
      <ManufacturerItemDescription>סיגריות מרלבורו קצר בודד</ManufacturerItemDescription>
      <UnitQty>Unknown </UnitQty>
      <Quantity>0.00</Quantity>
      <UnitOfMeasure>Unknown </UnitOfMeasure>
      <bIsWeighted>0</bIsWeighted>
      <QtyInPackage>1</QtyInPackage>
      <ItemPrice>36.90</ItemPrice>
      <UnitOfMeasurePrice>0.0000</UnitOfMeasurePrice>
      <AllowDiscount>0</AllowDiscount>
      <ItemStatus>1</ItemStatus>
      <ItemId>2374</ItemId>
    </Item>
    <Item>
      <PriceUpdateDate>2015-10-01 06:15:29</PriceUpdateDate>
      <ItemCode>7290000284316</ItemCode>
      <ItemType>1</ItemType>
      <ItemName>קוקה-קולה בקבוק</ItemName>
      <ManufacturerName>החברה המרכזית למשקאו</ManufacturerName>
      <ManufactureCountry>לא ידוע</ManufactureCountry>
      <ManufacturerItemDescription>קוקה קולה 1.5 ליטר</ManufacturerItemDescription>
      <UnitQty>ליטרים</UnitQty>
      <Quantity>1.50</Quantity>
      <UnitOfMeasure>ליטר</UnitOfMeasure>
      <bIsWeighted>0</bIsWeighted>
      <QtyInPackage>1</QtyInPackage>
      <ItemPrice>6.60</ItemPrice>
      <UnitOfMeasurePrice>4.4000</UnitOfMeasurePrice>
      <AllowDiscount>1</AllowDiscount>
      <ItemStatus>1</ItemStatus>
      <ItemId>2380</ItemId>
    </Item>
    <Item>
      <PriceUpdateDate>2015-01-01 00:00:00</PriceUpdateDate>
      <ItemCode>7290000284347</ItemCode>
      <ItemType>1</ItemType>
      <ItemName>קינלי סודה בקבוק</ItemName>
      <ManufacturerName>החברה המרכזית למשקאו</ManufacturerName>
      <ManufactureCountry>ישראל</ManufactureCountry>
      <ManufacturerItemDescription>סודה קינלי 1.5 ליטר</ManufacturerItemDescription>
      <UnitQty>ליטרים</UnitQty>
      <Quantity>1.50</Quantity>
      <UnitOfMeasure>ליטר</UnitOfMeasure>
      <bIsWeighted>0</bIsWeighted>
      <QtyInPackage>1</QtyInPackage>
      <ItemPrice>4.40</ItemPrice>
      <UnitOfMeasurePrice>2.9333</UnitOfMeasurePrice>
      <AllowDiscount>1</AllowDiscount>
      <ItemStatus>1</ItemStatus>
      <ItemId>2381</ItemId>
    </Item>
    <Item>
      <PriceUpdateDate>2015-10-01 06:15:29</PriceUpdateDate>
      <ItemCode>7290000284361</ItemCode>
      <ItemType>1</ItemType>
      <ItemName>דיאט קוקה-קולה בקבוק</ItemName>
      <ManufacturerName>החברה המרכזית למשקאו</ManufacturerName>
      <ManufactureCountry>ישראל</ManufactureCountry>
      <ManufacturerItemDescription>קולה דיאט 1.5 ל                        .</ManufacturerItemDescription>
      <UnitQty>ליטרים</UnitQty>
      <Quantity>1.50</Quantity>
      <UnitOfMeasure>ליטר</UnitOfMeasure>
      <bIsWeighted>0</bIsWeighted>
      <QtyInPackage>1</QtyInPackage>
      <ItemPrice>6.70</ItemPrice>
      <UnitOfMeasurePrice>4.4667</UnitOfMeasurePrice>
      <AllowDiscount>1</AllowDiscount>
      <ItemStatus>1</ItemStatus>
      <ItemId>2383</ItemId>
    </Item>
    <Item>
      <PriceUpdateDate>2016-05-04 08:37:21</PriceUpdateDate>
      <ItemCode>7290002852724</ItemCode>
      <ItemType>1</ItemType>
      <ItemName>סיגריות L.M בלו לייב</ItemName>
      <ManufacturerName>פיליפ מוריס</ManufacturerName>
      <ManufactureCountry>לא ידוע</ManufactureCountry>
      <ManufacturerItemDescription>סיגריות L.M בלו לייבל קרצ</ManufacturerItemDescription>
      <UnitQty>Unknown </UnitQty>
      <Quantity>0.00</Quantity>
      <UnitOfMeasure>Unknown </UnitOfMeasure>
      <bIsWeighted>0</bIsWeighted>
      <QtyInPackage>1</QtyInPackage>
      <ItemPrice>33.80</ItemPrice>
      <UnitOfMeasurePrice>0.0000</UnitOfMeasurePrice>
      <AllowDiscount>0</AllowDiscount>
      <ItemStatus>1</ItemStatus>
      <ItemId>2390</ItemId>
    </Item>
    <Item>
      <PriceUpdateDate>2015-10-01 06:14:29</PriceUpdateDate>
      <ItemCode>7290000286228</ItemCode>
      <ItemType>1</ItemType>
      <ItemName>כרית יפנית סנו סושי</ItemName>
      <ManufacturerName>סדובסקי</ManufacturerName>
      <ManufactureCountry>ישראל</ManufactureCountry>
      <ManufacturerItemDescription>כרית יפנית סנו סושי                 1/6</ManufacturerItemDescription>
      <UnitQty>Unknown </UnitQty>
      <Quantity>0.00</Quantity>
      <UnitOfMeasure>Unknown </UnitOfMeasure>
      <bIsWeighted>0</bIsWeighted>
      <QtyInPackage>6</QtyInPackage>
      <ItemPrice>11.80</ItemPrice>
      <UnitOfMeasurePrice>0.0000</UnitOfMeasurePrice>
      <AllowDiscount>1</AllowDiscount>
      <ItemStatus>1</ItemStatus>
      <ItemId>2404</ItemId>
    </Item>
    <Item>
      <PriceUpdateDate>2015-10-01 06:14:29</PriceUpdateDate>
      <ItemCode>7290000286297</ItemCode>
      <ItemType>1</ItemType>
      <ItemName>מסיר אבן מקומקום</ItemName>
      <ManufacturerName>סנו</ManufacturerName>
      <ManufactureCountry>ישראל</ManufactureCountry>
      <ManufacturerItemDescription>מסיר אבן מקומקום/פרקולטור700מל</ManufacturerItemDescription>
      <UnitQty>מיליליטרים</UnitQty>
      <Quantity>700.00</Quantity>
      <UnitOfMeasure>100 מ"ל</UnitOfMeasure>
      <bIsWeighted>0</bIsWeighted>
      <QtyInPackage>1</QtyInPackage>
      <ItemPrice>14.80</ItemPrice>
      <UnitOfMeasurePrice>2.1143</UnitOfMeasurePrice>
      <AllowDiscount>1</AllowDiscount>
      <ItemStatus>1</ItemStatus>
      <ItemId>2407</ItemId>
    </Item>
    <Item>
      <PriceUpdateDate>2015-10-01 06:14:29</PriceUpdateDate>
      <ItemCode>7290000286488</ItemCode>
      <ItemType>1</ItemType>
      <ItemName>ספוג כיף פיראט</ItemName>
      <ManufacturerName>קוסמופארם</ManufacturerName>
      <ManufactureCountry>ישראל</ManufactureCountry>
      <ManufacturerItemDescription>ספוג כיף פיראט</ManufacturerItemDescription>
      <UnitQty>Unknown </UnitQty>
      <Quantity>0.00</Quantity>
      <UnitOfMeasure>Unknown </UnitOfMeasure>
      <bIsWeighted>0</bIsWeighted>
      <QtyInPackage>1</QtyInPackage>
      <ItemPrice>6.00</ItemPrice>
      <UnitOfMeasurePrice>0.0000</UnitOfMeasurePrice>
      <AllowDiscount>1</AllowDiscount>
      <ItemStatus>1</ItemStatus>
      <ItemId>2410</ItemId>
    </Item>
    <Item>
      <PriceUpdateDate>2015-10-01 06:14:29</PriceUpdateDate>
      <ItemCode>7290000286549</ItemCode>
      <ItemType>1</ItemType>
      <ItemName>מטלית סנו סושי</ItemName>
      <ManufacturerName>נועם אורים</ManufacturerName>
      <ManufactureCountry>ישראל</ManufactureCountry>
      <ManufacturerItemDescription>מטלית סנו סושי לכל 9 יח                .</ManufacturerItemDescription>
      <UnitQty>Unknown </UnitQty>
      <Quantity>0.00</Quantity>
      <UnitOfMeasure>Unknown </UnitOfMeasure>
      <bIsWeighted>0</bIsWeighted>
      <QtyInPackage>9</QtyInPackage>
      <ItemPrice>11.80</ItemPrice>
      <UnitOfMeasurePrice>0.0000</UnitOfMeasurePrice>
      <AllowDiscount>1</AllowDiscount>
      <ItemStatus>1</ItemStatus>
      <ItemId>2413</ItemId>
    </Item>
    <Item>
      <PriceUpdateDate>2015-10-01 06:14:29</PriceUpdateDate>
      <ItemCode>7290000286594</ItemCode>
      <ItemType>1</ItemType>
      <ItemName>חול לניקוי סנו Xלימו</ItemName>
      <ManufacturerName>סנו</ManufacturerName>
      <ManufactureCountry>ישראל</ManufactureCountry>
      <ManufacturerItemDescription>חול לניקוי סנו Xלימון קופסא          600</ManufacturerItemDescription>
      <UnitQty>גרמים</UnitQty>
      <Quantity>600.00</Quantity>
      <UnitOfMeasure>100 גרם</UnitOfMeasure>
      <bIsWeighted>0</bIsWeighted>
      <QtyInPackage>1</QtyInPackage>
      <ItemPrice>11.80</ItemPrice>
      <UnitOfMeasurePrice>1.9667</UnitOfMeasurePrice>
      <AllowDiscount>1</AllowDiscount>
      <ItemStatus>1</ItemStatus>
      <ItemId>2414</ItemId>
    </Item>
    <Item>
      <PriceUpdateDate>2015-10-01 06:14:29</PriceUpdateDate>
      <ItemCode>7290000286761</ItemCode>
      <ItemType>1</ItemType>
      <ItemName>ניילון נצמד סנו</ItemName>
      <ManufacturerName>FV.HK</ManufacturerName>
      <ManufactureCountry>סין</ManufactureCountry>
      <ManufacturerItemDescription>ניילון נצמד סנו צמדX2 מ              .15</ManufacturerItemDescription>
      <UnitQty>מטרים</UnitQty>
      <Quantity>3000.00</Quantity>
      <UnitOfMeasure>מטר</UnitOfMeasure>
      <bIsWeighted>0</bIsWeighted>
      <QtyInPackage>2</QtyInPackage>
      <ItemPrice>13.20</ItemPrice>
      <UnitOfMeasurePrice>0.0044</UnitOfMeasurePrice>
      <AllowDiscount>1</AllowDiscount>
      <ItemStatus>1</ItemStatus>
      <ItemId>2416</ItemId>
    </Item>
    <Item>
      <PriceUpdateDate>2015-10-01 06:16:11</PriceUpdateDate>
      <ItemCode>7290002868446</ItemCode>
      <ItemType>1</ItemType>
      <ItemName>גבינה ניו יורק</ItemName>
      <ManufacturerName>טרה</ManufacturerName>
      <ManufactureCountry>ישראל</ManufactureCountry>
      <ManufacturerItemDescription>גבינה מותכת ניו יורק 100 16% ג</ManufacturerItemDescription>
      <UnitQty>גרמים</UnitQty>
      <Quantity>100.00</Quantity>
      <UnitOfMeasure>100 גרם</UnitOfMeasure>
      <bIsWeighted>0</bIsWeighted>
      <QtyInPackage>1</QtyInPackage>
      <ItemPrice>7.40</ItemPrice>
      <UnitOfMeasurePrice>7.4000</UnitOfMeasurePrice>
      <AllowDiscount>1</AllowDiscount>
      <ItemStatus>1</ItemStatus>
      <ItemId>2418</ItemId>
    </Item>
    <Item>
      <PriceUpdateDate>2015-10-01 06:14:29</PriceUpdateDate>
      <ItemCode>7290000286877</ItemCode>
      <ItemType>1</ItemType>
      <ItemName>לניקוי סנו רב מתכת</ItemName>
      <ManufacturerName>סנו</ManufacturerName>
      <ManufactureCountry>ישראל</ManufactureCountry>
      <ManufacturerItemDescription>לניקוי סנו רב מתכת</ManufacturerItemDescription>
      <UnitQty>מיליליטרים</UnitQty>
      <Quantity>300.00</Quantity>
      <UnitOfMeasure>100 מ"ל</UnitOfMeasure>
      <bIsWeighted>0</bIsWeighted>
      <QtyInPackage>1</QtyInPackage>
      <ItemPrice>25.30</ItemPrice>
      <UnitOfMeasurePrice>8.4333</UnitOfMeasurePrice>
      <AllowDiscount>1</AllowDiscount>
      <ItemStatus>1</ItemStatus>
      <ItemId>2421</ItemId>
    </Item>
    <Item>
      <PriceUpdateDate>2016-08-29 12:24:27</PriceUpdateDate>
      <ItemCode>7290000286907</ItemCode>
      <ItemType>1</ItemType>
      <ItemName>סנו ספריי הסרת כתמים</ItemName>
      <ManufacturerName>סנו</ManufacturerName>
      <ManufactureCountry>לא ידוע</ManufactureCountry>
      <ManufacturerItemDescription>מסיר כתמים סנו ספריי 170 מל</ManufacturerItemDescription>
      <UnitQty>מיליליטרים</UnitQty>
      <Quantity>170.00</Quantity>
      <UnitOfMeasure>100 מ"ל</UnitOfMeasure>
      <bIsWeighted>0</bIsWeighted>
      <QtyInPackage>1</QtyInPackage>
      <ItemPrice>26.90</ItemPrice>
      <UnitOfMeasurePrice>15.8235</UnitOfMeasurePrice>
      <AllowDiscount>1</AllowDiscount>
      <ItemStatus>1</ItemStatus>
      <ItemId>2426</ItemId>
    </Item>
    <Item>
      <PriceUpdateDate>2015-10-01 06:14:29</PriceUpdateDate>
      <ItemCode>7290000286945</ItemCode>
      <ItemType>1</ItemType>
      <ItemName>סנו רהיט מרסס</ItemName>
      <ManufacturerName>סנו</ManufacturerName>
      <ManufactureCountry>ישראל</ManufactureCountry>
      <ManufacturerItemDescription>לרהיטים סנורהיט מרסס 500 מל            .</ManufacturerItemDescription>
      <UnitQty>מיליליטרים</UnitQty>
      <Quantity>500.00</Quantity>
      <UnitOfMeasure>100 מ"ל</UnitOfMeasure>
      <bIsWeighted>0</bIsWeighted>
      <QtyInPackage>1</QtyInPackage>
      <ItemPrice>30.60</ItemPrice>
      <UnitOfMeasurePrice>6.1200</UnitOfMeasurePrice>
      <AllowDiscount>1</AllowDiscount>
      <ItemStatus>1</ItemStatus>
      <ItemId>2428</ItemId>
    </Item>
    <Item>
      <PriceUpdateDate>2015-06-19 07:56:05</PriceUpdateDate>
      <ItemCode>7290000287102</ItemCode>
      <ItemType>1</ItemType>
      <ItemName>סנו שטיחים שמפו</ItemName>
      <ManufacturerName>סנו</ManufacturerName>
      <ManufactureCountry>ישראל</ManufactureCountry>
      <ManufacturerItemDescription>לשטיחים סנו ספרי 600מל                 .</ManufacturerItemDescription>
      <UnitQty>מיליליטרים</UnitQty>
      <Quantity>600.00</Quantity>
      <UnitOfMeasure>100 מ"ל</UnitOfMeasure>
      <bIsWeighted>0</bIsWeighted>
      <QtyInPackage>1</QtyInPackage>
      <ItemPrice>22.40</ItemPrice>
      <UnitOfMeasurePrice>3.7333</UnitOfMeasurePrice>
      <AllowDiscount>1</AllowDiscount>
      <ItemStatus>1</ItemStatus>
      <ItemId>2430</ItemId>
    </Item>
    <Item>
      <PriceUpdateDate>2015-10-06 14:09:49</PriceUpdateDate>
      <ItemCode>7290002871248</ItemCode>
      <ItemType>1</ItemType>
      <ItemName>טובורג בקבוק חוזר</ItemName>
      <ManufacturerName>קרלסברג ישראל</ManufacturerName>
      <ManufactureCountry>ישראל</ManufactureCountry>
      <ManufacturerItemDescription>בירה טובורג0.5 ל.בקבוק חוזר</ManufacturerItemDescription>
      <UnitQty>מיליליטרים</UnitQty>
      <Quantity>500.00</Quantity>
      <UnitOfMeasure>100 מ"ל</UnitOfMeasure>
      <bIsWeighted>0</bIsWeighted>
      <QtyInPackage>1</QtyInPackage>
      <ItemPrice>10.10</ItemPrice>
      <UnitOfMeasurePrice>2.0200</UnitOfMeasurePrice>
      <AllowDiscount>1</AllowDiscount>
      <ItemStatus>1</ItemStatus>
      <ItemId>2431</ItemId>
    </Item>
    <Item>
      <PriceUpdateDate>2015-10-06 14:09:49</PriceUpdateDate>
      <ItemCode>7290002871361</ItemCode>
      <ItemType>1</ItemType>
      <ItemName>קרלסברג בקבוק</ItemName>
      <ManufacturerName>קרלסברג ישראל</ManufacturerName>
      <ManufactureCountry>ישראל</ManufactureCountry>
      <ManufacturerItemDescription>בירה קרלסברג 0.5 ל.בקבוק חוזר</ManufacturerItemDescription>
      <UnitQty>מיליליטרים</UnitQty>
      <Quantity>500.00</Quantity>
      <UnitOfMeasure>100 מ"ל</UnitOfMeasure>
      <bIsWeighted>0</bIsWeighted>
      <QtyInPackage>1</QtyInPackage>
      <ItemPrice>10.70</ItemPrice>
      <UnitOfMeasurePrice>2.1400</UnitOfMeasurePrice>
      <AllowDiscount>1</AllowDiscount>
      <ItemStatus>1</ItemStatus>
      <ItemId>2432</ItemId>
    </Item>
    <Item>
      <PriceUpdateDate>2015-10-01 06:15:29</PriceUpdateDate>
      <ItemCode>7290002871446</ItemCode>
      <ItemType>1</ItemType>
      <ItemName>פריגת ענבים בקבוק</ItemName>
      <ManufacturerName>פריגת</ManufacturerName>
      <ManufactureCountry>ישראל</ManufactureCountry>
      <ManufacturerItemDescription>משקל פריגת ענבים                    1.5</ManufacturerItemDescription>
      <UnitQty>ליטרים</UnitQty>
      <Quantity>1.50</Quantity>
      <UnitOfMeasure>ליטר</UnitOfMeasure>
      <bIsWeighted>0</bIsWeighted>
      <QtyInPackage>1</QtyInPackage>
      <ItemPrice>6.80</ItemPrice>
      <UnitOfMeasurePrice>4.5333</UnitOfMeasurePrice>
      <AllowDiscount>1</AllowDiscount>
      <ItemStatus>1</ItemStatus>
      <ItemId>2433</ItemId>
    </Item>
    <Item>
      <PriceUpdateDate>2015-10-01 06:15:29</PriceUpdateDate>
      <ItemCode>7290002871460</ItemCode>
      <ItemType>1</ItemType>
      <ItemName>פריגת תפוזים בקבוק</ItemName>
      <ManufacturerName>פריגת</ManufacturerName>
      <ManufactureCountry>ישראל</ManufactureCountry>
      <ManufacturerItemDescription>משקל פריגת תפוזים                   1.5</ManufacturerItemDescription>
      <UnitQty>ליטרים</UnitQty>
      <Quantity>1.50</Quantity>
      <UnitOfMeasure>ליטר</UnitOfMeasure>
      <bIsWeighted>0</bIsWeighted>
      <QtyInPackage>1</QtyInPackage>
      <ItemPrice>6.80</ItemPrice>
      <UnitOfMeasurePrice>4.5333</UnitOfMeasurePrice>
      <AllowDiscount>1</AllowDiscount>
      <ItemStatus>1</ItemStatus>
      <ItemId>2434</ItemId>
    </Item>
    <Item>
      <PriceUpdateDate>2015-10-01 06:15:29</PriceUpdateDate>
      <ItemCode>7290002871477</ItemCode>
      <ItemType>1</ItemType>
      <ItemName>פריגת אשכוליות בקבוק</ItemName>
      <ManufacturerName>פריגת</ManufacturerName>
      <ManufactureCountry>ישראל</ManufactureCountry>
      <ManufacturerItemDescription>משקל פריגת אשכוליות                 1.5</ManufacturerItemDescription>
      <UnitQty>ליטרים</UnitQty>
      <Quantity>1.50</Quantity>
      <UnitOfMeasure>ליטר</UnitOfMeasure>
      <bIsWeighted>0</bIsWeighted>
      <QtyInPackage>1</QtyInPackage>
      <ItemPrice>6.80</ItemPrice>
      <UnitOfMeasurePrice>4.5333</UnitOfMeasurePrice>
      <AllowDiscount>1</AllowDiscount>
      <ItemStatus>1</ItemStatus>
      <ItemId>2435</ItemId>
    </Item>
    <Item>
      <PriceUpdateDate>2015-10-01 06:15:29</PriceUpdateDate>
      <ItemCode>7290002871491</ItemCode>
      <ItemType>1</ItemType>
      <ItemName>פריגת דיאט אשכול בק</ItemName>
      <ManufacturerName>פריגת</ManufacturerName>
      <ManufactureCountry>ישראל</ManufactureCountry>
      <ManufacturerItemDescription>משקל פריגת דיאט אשכוליות            1.5</ManufacturerItemDescription>
      <UnitQty>ליטרים</UnitQty>
      <Quantity>1.50</Quantity>
      <UnitOfMeasure>ליטר</UnitOfMeasure>
      <bIsWeighted>0</bIsWeighted>
      <QtyInPackage>1</QtyInPackage>
      <ItemPrice>6.80</ItemPrice>
      <UnitOfMeasurePrice>4.5333</UnitOfMeasurePrice>
      <AllowDiscount>1</AllowDiscount>
      <ItemStatus>1</ItemStatus>
      <ItemId>2437</ItemId>
    </Item>
    <Item>
      <PriceUpdateDate>2015-10-01 06:14:29</PriceUpdateDate>
      <ItemCode>7290000287195</ItemCode>
      <ItemType>1</ItemType>
      <ItemName>סנורהיט ספריי לרהיט</ItemName>
      <ManufacturerName>סנו</ManufacturerName>
      <ManufactureCountry>ישראל</ManufactureCountry>
      <ManufacturerItemDescription>לרהיטים סנורהיט ספריי 305 מל           .</ManufacturerItemDescription>
      <UnitQty>מיליליטרים</UnitQty>
      <Quantity>305.00</Quantity>
      <UnitOfMeasure>100 מ"ל</UnitOfMeasure>
      <bIsWeighted>0</bIsWeighted>
      <QtyInPackage>1</QtyInPackage>
      <ItemPrice>16.70</ItemPrice>
      <UnitOfMeasurePrice>5.4754</UnitOfMeasurePrice>
      <AllowDiscount>1</AllowDiscount>
      <ItemStatus>1</ItemStatus>
      <ItemId>2438</ItemId>
    </Item>
    <Item>
      <PriceUpdateDate>2015-10-01 06:14:29</PriceUpdateDate>
      <ItemCode>7290000287492</ItemCode>
      <ItemType>1</ItemType>
      <ItemName>סנובון נוזלי לימון</ItemName>
      <ManufacturerName>סנו</ManufacturerName>
      <ManufactureCountry>ישראל</ManufactureCountry>
      <ManufacturerItemDescription>סנובון נוזלי לימון 750 מל</ManufacturerItemDescription>
      <UnitQty>מיליליטרים</UnitQty>
      <Quantity>750.00</Quantity>
      <UnitOfMeasure>100 מ"ל</UnitOfMeasure>
      <bIsWeighted>0</bIsWeighted>
      <QtyInPackage>1</QtyInPackage>
      <ItemPrice>13.80</ItemPrice>
      <UnitOfMeasurePrice>1.8400</UnitOfMeasurePrice>
      <AllowDiscount>1</AllowDiscount>
      <ItemStatus>1</ItemStatus>
      <ItemId>2442</ItemId>
    </Item>
    <Item>
      <PriceUpdateDate>2015-10-01 06:14:30</PriceUpdateDate>
      <ItemCode>7290000288017</ItemCode>
      <ItemType>1</ItemType>
      <ItemName>אקונומיקה JAVEL ל.לי</ItemName>
      <ManufacturerName>סנו</ManufacturerName>
      <ManufactureCountry>ישראל</ManufactureCountry>
      <ManufacturerItemDescription>אקונומיקה JAVEL ל.לימון               1</ManufacturerItemDescription>
      <UnitQty>ליטרים</UnitQty>
      <Quantity>1.00</Quantity>
      <UnitOfMeasure>ליטר</UnitOfMeasure>
      <bIsWeighted>0</bIsWeighted>
      <QtyInPackage>1</QtyInPackage>
      <ItemPrice>8.80</ItemPrice>
      <UnitOfMeasurePrice>8.8000</UnitOfMeasurePrice>
      <AllowDiscount>1</AllowDiscount>
      <ItemStatus>1</ItemStatus>
      <ItemId>2450</ItemId>
    </Item>
    <Item>
      <PriceUpdateDate>2015-10-01 06:14:30</PriceUpdateDate>
      <ItemCode>7290000288024</ItemCode>
      <ItemType>1</ItemType>
      <ItemName>אקונומיקה     JAVEL</ItemName>
      <ManufacturerName>סנו</ManufacturerName>
      <ManufactureCountry>ישראל</ManufactureCountry>
      <ManufacturerItemDescription>אקונומיקה JAVEL ל .לימון              4</ManufacturerItemDescription>
      <UnitQty>ליטרים</UnitQty>
      <Quantity>4.00</Quantity>
      <UnitOfMeasure>ליטר</UnitOfMeasure>
      <bIsWeighted>0</bIsWeighted>
      <QtyInPackage>1</QtyInPackage>
      <ItemPrice>15.70</ItemPrice>
      <UnitOfMeasurePrice>3.9250</UnitOfMeasurePrice>
      <AllowDiscount>1</AllowDiscount>
      <ItemStatus>1</ItemStatus>
      <ItemId>2451</ItemId>
    </Item>
    <Item>
      <PriceUpdateDate>2015-10-01 06:14:30</PriceUpdateDate>
      <ItemCode>7290000288109</ItemCode>
      <ItemType>1</ItemType>
      <ItemName>אבק.כביסה קומפקט מקס</ItemName>
      <ManufacturerName>סנו</ManufacturerName>
      <ManufactureCountry>ישראל</ManufactureCountry>
      <ManufacturerItemDescription>אבק.כביסה קומפקט מקסימה</ManufacturerItemDescription>
      <UnitQty>קילוגרמים</UnitQty>
      <Quantity>1.25</Quantity>
      <UnitOfMeasure>ק"ג</UnitOfMeasure>
      <bIsWeighted>0</bIsWeighted>
      <QtyInPackage>1</QtyInPackage>
      <ItemPrice>19.70</ItemPrice>
      <UnitOfMeasurePrice>15.7600</UnitOfMeasurePrice>
      <AllowDiscount>1</AllowDiscount>
      <ItemStatus>1</ItemStatus>
      <ItemId>2454</ItemId>
    </Item>
    <Item>
      <PriceUpdateDate>2015-10-01 06:14:30</PriceUpdateDate>
      <ItemCode>7290000288253</ItemCode>
      <ItemType>1</ItemType>
      <ItemName>משמיד מעופפים K400 ס</ItemName>
      <ManufacturerName>סנו</ManufacturerName>
      <ManufactureCountry>ישראל</ManufactureCountry>
      <ManufacturerItemDescription>משמיד מעופפים K400 סמק             630</ManufacturerItemDescription>
      <UnitQty>מיליליטרים</UnitQty>
      <Quantity>630.00</Quantity>
      <UnitOfMeasure>100 מ"ל</UnitOfMeasure>
      <bIsWeighted>0</bIsWeighted>
      <QtyInPackage>1</QtyInPackage>
      <ItemPrice>24.20</ItemPrice>
      <UnitOfMeasurePrice>3.8413</UnitOfMeasurePrice>
      <AllowDiscount>1</AllowDiscount>
      <ItemStatus>1</ItemStatus>
      <ItemId>2456</ItemId>
    </Item>
    <Item>
      <PriceUpdateDate>2015-01-01 00:00:00</PriceUpdateDate>
      <ItemCode>7290000288352</ItemCode>
      <ItemType>1</ItemType>
      <ItemName>משמיד חרקים K300 סמ"</ItemName>
      <ManufacturerName>סנו</ManufacturerName>
      <ManufactureCountry>ישראל</ManufactureCountry>
      <ManufacturerItemDescription>משמיד חרקים K300 סמ"ק               630</ManufacturerItemDescription>
      <UnitQty>מיליליטרים</UnitQty>
      <Quantity>630.00</Quantity>
      <UnitOfMeasure>100 מ"ל</UnitOfMeasure>
      <bIsWeighted>0</bIsWeighted>
      <QtyInPackage>1</QtyInPackage>
      <ItemPrice>22.90</ItemPrice>
      <UnitOfMeasurePrice>3.6349</UnitOfMeasurePrice>
      <AllowDiscount>1</AllowDiscount>
      <ItemStatus>1</ItemStatus>
      <ItemId>2460</ItemId>
    </Item>
    <Item>
      <PriceUpdateDate>2015-10-01 06:14:30</PriceUpdateDate>
      <ItemCode>7290000288383</ItemCode>
      <ItemType>1</ItemType>
      <ItemName>משמיד זוחלים K500 מ"</ItemName>
      <ManufacturerName>סנו</ManufacturerName>
      <ManufactureCountry>ישראל</ManufactureCountry>
      <ManufacturerItemDescription>משמיד זוחלים K500 מ"ל               400</ManufacturerItemDescription>
      <UnitQty>מיליליטרים</UnitQty>
      <Quantity>400.00</Quantity>
      <UnitOfMeasure>100 מ"ל</UnitOfMeasure>
      <bIsWeighted>0</bIsWeighted>
      <QtyInPackage>1</QtyInPackage>
      <ItemPrice>24.70</ItemPrice>
      <UnitOfMeasurePrice>6.1750</UnitOfMeasurePrice>
      <AllowDiscount>1</AllowDiscount>
      <ItemStatus>1</ItemStatus>
      <ItemId>2461</ItemId>
    </Item>
    <Item>
      <PriceUpdateDate>2015-10-01 06:14:30</PriceUpdateDate>
      <ItemCode>7290000288390</ItemCode>
      <ItemType>1</ItemType>
      <ItemName>משמיד זבובים יתושים</ItemName>
      <ManufacturerName>סנו</ManufacturerName>
      <ManufactureCountry>ישראל</ManufactureCountry>
      <ManufacturerItemDescription>משמיד זבובים יתושים K600 יבש</ManufacturerItemDescription>
      <UnitQty>מיליליטרים</UnitQty>
      <Quantity>500.00</Quantity>
      <UnitOfMeasure>100 מ"ל</UnitOfMeasure>
      <bIsWeighted>0</bIsWeighted>
      <QtyInPackage>1</QtyInPackage>
      <ItemPrice>21.70</ItemPrice>
      <UnitOfMeasurePrice>4.3400</UnitOfMeasurePrice>
      <AllowDiscount>1</AllowDiscount>
      <ItemStatus>1</ItemStatus>
      <ItemId>2462</ItemId>
    </Item>
    <Item>
      <PriceUpdateDate>2015-10-01 06:14:30</PriceUpdateDate>
      <ItemCode>7290000288413</ItemCode>
      <ItemType>1</ItemType>
      <ItemName>סנו די דוחה יתושים</ItemName>
      <ManufacturerName>קוסמופארם</ManufacturerName>
      <ManufactureCountry>ישראל</ManufactureCountry>
      <ManufacturerItemDescription>סנו די דוחה יתושים כדורי</ManufacturerItemDescription>
      <UnitQty>מיליליטרים</UnitQty>
      <Quantity>50.00</Quantity>
      <UnitOfMeasure>100 מ"ל</UnitOfMeasure>
      <bIsWeighted>0</bIsWeighted>
      <QtyInPackage>1</QtyInPackage>
      <ItemPrice>20.30</ItemPrice>
      <UnitOfMeasurePrice>40.6000</UnitOfMeasurePrice>
      <AllowDiscount>1</AllowDiscount>
      <ItemStatus>1</ItemStatus>
      <ItemId>2463</ItemId>
    </Item>
    <Item>
      <PriceUpdateDate>2015-10-01 06:14:30</PriceUpdateDate>
      <ItemCode>7290000288420</ItemCode>
      <ItemType>1</ItemType>
      <ItemName>סנו-די דוחה יתושים</ItemName>
      <ManufacturerName>קוסמופארם</ManufacturerName>
      <ManufactureCountry>ישראל</ManufactureCountry>
      <ManufacturerItemDescription>סנו די דוחה יתושיםספרי125ג             .</ManufacturerItemDescription>
      <UnitQty>גרמים</UnitQty>
      <Quantity>125.00</Quantity>
      <UnitOfMeasure>100 גרם</UnitOfMeasure>
      <bIsWeighted>0</bIsWeighted>
      <QtyInPackage>1</QtyInPackage>
      <ItemPrice>20.30</ItemPrice>
      <UnitOfMeasurePrice>16.2400</UnitOfMeasurePrice>
      <AllowDiscount>1</AllowDiscount>
      <ItemStatus>1</ItemStatus>
      <ItemId>2464</ItemId>
    </Item>
    <Item>
      <PriceUpdateDate>2015-10-01 06:14:30</PriceUpdateDate>
      <ItemCode>7290000288642</ItemCode>
      <ItemType>1</ItemType>
      <ItemName>מרכך כביסה מקסימה</ItemName>
      <ManufacturerName>סנו</ManufacturerName>
      <ManufactureCountry>ישראל</ManufactureCountry>
      <ManufacturerItemDescription>מרכך כביסה מקסימה סנסטיב4 ל</ManufacturerItemDescription>
      <UnitQty>ליטרים</UnitQty>
      <Quantity>4.00</Quantity>
      <UnitOfMeasure>ליטר</UnitOfMeasure>
      <bIsWeighted>0</bIsWeighted>
      <QtyInPackage>1</QtyInPackage>
      <ItemPrice>21.70</ItemPrice>
      <UnitOfMeasurePrice>5.4250</UnitOfMeasurePrice>
      <AllowDiscount>1</AllowDiscount>
      <ItemStatus>1</ItemStatus>
      <ItemId>2467</ItemId>
    </Item>
    <Item>
      <PriceUpdateDate>2016-05-22 14:37:44</PriceUpdateDate>
      <ItemCode>7290002886925</ItemCode>
      <ItemType>1</ItemType>
      <ItemName>סיגריות מרלבורו קצר</ItemName>
      <ManufacturerName>פיליפ מוריס</ManufacturerName>
      <ManufactureCountry>לא ידוע</ManufactureCountry>
      <ManufacturerItemDescription>סיגריות מרלבורו קצר בוקס בודד</ManufacturerItemDescription>
      <UnitQty>Unknown </UnitQty>
      <Quantity>0.00</Quantity>
      <UnitOfMeasure>Unknown </UnitOfMeasure>
      <bIsWeighted>0</bIsWeighted>
      <QtyInPackage>1</QtyInPackage>
      <ItemPrice>36.80</ItemPrice>
      <UnitOfMeasurePrice>0.0000</UnitOfMeasurePrice>
      <AllowDiscount>0</AllowDiscount>
      <ItemStatus>1</ItemStatus>
      <ItemId>2468</ItemId>
    </Item>
    <Item>
      <PriceUpdateDate>2015-01-01 00:00:00</PriceUpdateDate>
      <ItemCode>7290000288727</ItemCode>
      <ItemType>1</ItemType>
      <ItemName>אבק.כביסה מקסימהMUS</ItemName>
      <ManufacturerName>סנו</ManufacturerName>
      <ManufactureCountry>ישראל</ManufactureCountry>
      <ManufacturerItemDescription>אבק.כביסה מקסימה MUSK קג</ManufacturerItemDescription>
      <UnitQty>קילוגרמים</UnitQty>
      <Quantity>1.25</Quantity>
      <UnitOfMeasure>ק"ג</UnitOfMeasure>
      <bIsWeighted>0</bIsWeighted>
      <QtyInPackage>1</QtyInPackage>
      <ItemPrice>19.90</ItemPrice>
      <UnitOfMeasurePrice>15.9200</UnitOfMeasurePrice>
      <AllowDiscount>1</AllowDiscount>
      <ItemStatus>1</ItemStatus>
      <ItemId>2471</ItemId>
    </Item>
    <Item>
      <PriceUpdateDate>2015-10-01 06:14:30</PriceUpdateDate>
      <ItemCode>7290000288932</ItemCode>
      <ItemType>1</ItemType>
      <ItemName>מסיר שומנים  קר JAVE</ItemName>
      <ManufacturerName>סנו</ManufacturerName>
      <ManufactureCountry>ישראל</ManufactureCountry>
      <ManufacturerItemDescription>מסיר שומנים  קר JAVEL מתז750מל</ManufacturerItemDescription>
      <UnitQty>מיליליטרים</UnitQty>
      <Quantity>750.00</Quantity>
      <UnitOfMeasure>100 מ"ל</UnitOfMeasure>
      <bIsWeighted>0</bIsWeighted>
      <QtyInPackage>1</QtyInPackage>
      <ItemPrice>21.70</ItemPrice>
      <UnitOfMeasurePrice>2.8933</UnitOfMeasurePrice>
      <AllowDiscount>1</AllowDiscount>
      <ItemStatus>1</ItemStatus>
      <ItemId>2475</ItemId>
    </Item>
    <Item>
      <PriceUpdateDate>2015-10-01 06:14:30</PriceUpdateDate>
      <ItemCode>7290000289069</ItemCode>
      <ItemType>1</ItemType>
      <ItemName>לניקוי כללי סנו JAVE</ItemName>
      <ManufacturerName>סנו</ManufacturerName>
      <ManufactureCountry>ישראל</ManufactureCountry>
      <ManufacturerItemDescription>לניקוי כללי סנו JAVELמתז1לימון</ManufacturerItemDescription>
      <UnitQty>ליטרים</UnitQty>
      <Quantity>1.00</Quantity>
      <UnitOfMeasure>ליטר</UnitOfMeasure>
      <bIsWeighted>0</bIsWeighted>
      <QtyInPackage>1</QtyInPackage>
      <ItemPrice>16.70</ItemPrice>
      <UnitOfMeasurePrice>16.7000</UnitOfMeasurePrice>
      <AllowDiscount>1</AllowDiscount>
      <ItemStatus>1</ItemStatus>
      <ItemId>2476</ItemId>
    </Item>
    <Item>
      <PriceUpdateDate>2015-10-01 06:14:30</PriceUpdateDate>
      <ItemCode>7290000289496</ItemCode>
      <ItemType>1</ItemType>
      <ItemName>לניקוי כללי קרםJAVEL</ItemName>
      <ManufacturerName>סנו</ManufacturerName>
      <ManufactureCountry>ישראל</ManufactureCountry>
      <ManufacturerItemDescription>לניקוי כללי קרםJAVELלימון           750</ManufacturerItemDescription>
      <UnitQty>מיליליטרים</UnitQty>
      <Quantity>750.00</Quantity>
      <UnitOfMeasure>100 מ"ל</UnitOfMeasure>
      <bIsWeighted>0</bIsWeighted>
      <QtyInPackage>1</QtyInPackage>
      <ItemPrice>21.70</ItemPrice>
      <UnitOfMeasurePrice>2.8933</UnitOfMeasurePrice>
      <AllowDiscount>1</AllowDiscount>
      <ItemStatus>1</ItemStatus>
      <ItemId>2480</ItemId>
    </Item>
    <Item>
      <PriceUpdateDate>2015-10-01 06:13:11</PriceUpdateDate>
      <ItemCode>7290000103839</ItemCode>
      <ItemType>1</ItemType>
      <ItemName>מרק כתום קפוא</ItemName>
      <ManufacturerName>סנפרוסט</ManufacturerName>
      <ManufactureCountry>ישראל</ManufactureCountry>
      <ManufacturerItemDescription>מרק כתום קפוא 572 גר</ManufacturerItemDescription>
      <UnitQty>גרמים</UnitQty>
      <Quantity>572.00</Quantity>
      <UnitOfMeasure>100 גרם</UnitOfMeasure>
      <bIsWeighted>0</bIsWeighted>
      <QtyInPackage>1</QtyInPackage>
      <ItemPrice>19.50</ItemPrice>
      <UnitOfMeasurePrice>3.4091</UnitOfMeasurePrice>
      <AllowDiscount>1</AllowDiscount>
      <ItemStatus>1</ItemStatus>
      <ItemId>78384</ItemId>
    </Item>
    <Item>
      <PriceUpdateDate>2015-10-01 06:14:30</PriceUpdateDate>
      <ItemCode>7290000289748</ItemCode>
      <ItemType>1</ItemType>
      <ItemName>סנו פורטה פלוס</ItemName>
      <ManufacturerName>סנו</ManufacturerName>
      <ManufactureCountry>ישראל</ManufactureCountry>
      <ManufacturerItemDescription>מסיר שומנים פורטה פלוס750 מל           .</ManufacturerItemDescription>
      <UnitQty>מיליליטרים</UnitQty>
      <Quantity>750.00</Quantity>
      <UnitOfMeasure>100 מ"ל</UnitOfMeasure>
      <bIsWeighted>0</bIsWeighted>
      <QtyInPackage>1</QtyInPackage>
      <ItemPrice>13.80</ItemPrice>
      <UnitOfMeasurePrice>1.8400</UnitOfMeasurePrice>
      <AllowDiscount>1</AllowDiscount>
      <ItemStatus>1</ItemStatus>
      <ItemId>2481</ItemId>
    </Item>
    <Item>
      <PriceUpdateDate>2015-10-01 06:14:31</PriceUpdateDate>
      <ItemCode>7290002904694</ItemCode>
      <ItemType>1</ItemType>
      <ItemName>דאו "ספריי לגבר</ItemName>
      <ManufacturerName>אמיליה קוסמטיקס</ManufacturerName>
      <ManufactureCountry>ישראל</ManufactureCountry>
      <ManufacturerItemDescription>דאודורנט ספריי טיטניום לגבר          18</ManufacturerItemDescription>
      <UnitQty>מיליליטרים</UnitQty>
      <Quantity>180.00</Quantity>
      <UnitOfMeasure>100 מ"ל</UnitOfMeasure>
      <bIsWeighted>0</bIsWeighted>
      <QtyInPackage>1</QtyInPackage>
      <ItemPrice>21.70</ItemPrice>
      <UnitOfMeasurePrice>12.0556</UnitOfMeasurePrice>
      <AllowDiscount>1</AllowDiscount>
      <ItemStatus>1</ItemStatus>
      <ItemId>2490</ItemId>
    </Item>
    <Item>
      <PriceUpdateDate>2015-10-01 06:14:31</PriceUpdateDate>
      <ItemCode>7290000291857</ItemCode>
      <ItemType>1</ItemType>
      <ItemName>פוליויקס סנרייז</ItemName>
      <ManufacturerName>סנו</ManufacturerName>
      <ManufactureCountry>ישראל</ManufactureCountry>
      <ManufacturerItemDescription>לרצפה פוליויקס סנרייז 2 ליטר</ManufacturerItemDescription>
      <UnitQty>ליטרים</UnitQty>
      <Quantity>2.00</Quantity>
      <UnitOfMeasure>ליטר</UnitOfMeasure>
      <bIsWeighted>0</bIsWeighted>
      <QtyInPackage>1</QtyInPackage>
      <ItemPrice>26.60</ItemPrice>
      <UnitOfMeasurePrice>13.3000</UnitOfMeasurePrice>
      <AllowDiscount>1</AllowDiscount>
      <ItemStatus>1</ItemStatus>
      <ItemId>2495</ItemId>
    </Item>
    <Item>
      <PriceUpdateDate>2015-10-01 06:14:31</PriceUpdateDate>
      <ItemCode>7290000291932</ItemCode>
      <ItemType>1</ItemType>
      <ItemName>סנובון נוזלי לבנדר</ItemName>
      <ManufacturerName>סנו</ManufacturerName>
      <ManufactureCountry>ישראל</ManufactureCountry>
      <ManufacturerItemDescription>סנובון נוזלי לבנדר 750 מל</ManufacturerItemDescription>
      <UnitQty>מיליליטרים</UnitQty>
      <Quantity>750.00</Quantity>
      <UnitOfMeasure>100 מ"ל</UnitOfMeasure>
      <bIsWeighted>0</bIsWeighted>
      <QtyInPackage>1</QtyInPackage>
      <ItemPrice>13.80</ItemPrice>
      <UnitOfMeasurePrice>1.8400</UnitOfMeasurePrice>
      <AllowDiscount>1</AllowDiscount>
      <ItemStatus>1</ItemStatus>
      <ItemId>2497</ItemId>
    </Item>
    <Item>
      <PriceUpdateDate>2015-01-01 00:00:00</PriceUpdateDate>
      <ItemCode>7290000291963</ItemCode>
      <ItemType>1</ItemType>
      <ItemName>אקונומיקה JAVEL ל .ס</ItemName>
      <ManufacturerName>סנו</ManufacturerName>
      <ManufactureCountry>ישראל</ManufactureCountry>
      <ManufacturerItemDescription>אקונומיקה JAVEL ל .סמיכה               1</ManufacturerItemDescription>
      <UnitQty>ליטרים</UnitQty>
      <Quantity>1.00</Quantity>
      <UnitOfMeasure>ליטר</UnitOfMeasure>
      <bIsWeighted>0</bIsWeighted>
      <QtyInPackage>1</QtyInPackage>
      <ItemPrice>8.90</ItemPrice>
      <UnitOfMeasurePrice>8.9000</UnitOfMeasurePrice>
      <AllowDiscount>1</AllowDiscount>
      <ItemStatus>1</ItemStatus>
      <ItemId>2499</ItemId>
    </Item>
    <Item>
      <PriceUpdateDate>2015-10-01 06:17:54</PriceUpdateDate>
      <ItemCode>7290002921165</ItemCode>
      <ItemType>1</ItemType>
      <ItemName>הזלין למוצרי עור</ItemName>
      <ManufacturerName>FRIKE</ManufacturerName>
      <ManufactureCountry>שוויץ</ManufactureCountry>
      <ManufacturerItemDescription>למוצרי עור הזלין 400 מל                .</ManufacturerItemDescription>
      <UnitQty>מיליליטרים</UnitQty>
      <Quantity>400.00</Quantity>
      <UnitOfMeasure>100 מ"ל</UnitOfMeasure>
      <bIsWeighted>0</bIsWeighted>
      <QtyInPackage>1</QtyInPackage>
      <ItemPrice>39.50</ItemPrice>
      <UnitOfMeasurePrice>9.8750</UnitOfMeasurePrice>
      <AllowDiscount>1</AllowDiscount>
      <ItemStatus>1</ItemStatus>
      <ItemId>2503</ItemId>
    </Item>
    <Item>
      <PriceUpdateDate>2016-04-14 07:35:04</PriceUpdateDate>
      <ItemCode>7290002921349</ItemCode>
      <ItemType>1</ItemType>
      <ItemName>דבק סופר גלו לוקטיט</ItemName>
      <ManufacturerName>הנקל</ManufacturerName>
      <ManufactureCountry>טורקיה</ManufactureCountry>
      <ManufacturerItemDescription>דבק סופר גלו לוקטיט</ManufacturerItemDescription>
      <UnitQty>גרמים</UnitQty>
      <Quantity>100.00</Quantity>
      <UnitOfMeasure>100 גרם</UnitOfMeasure>
      <bIsWeighted>0</bIsWeighted>
      <QtyInPackage>1</QtyInPackage>
      <ItemPrice>11.90</ItemPrice>
      <UnitOfMeasurePrice>11.9000</UnitOfMeasurePrice>
      <AllowDiscount>1</AllowDiscount>
      <ItemStatus>1</ItemStatus>
      <ItemId>2506</ItemId>
    </Item>
    <Item>
      <PriceUpdateDate>2015-10-01 06:14:31</PriceUpdateDate>
      <ItemCode>7290000292137</ItemCode>
      <ItemType>1</ItemType>
      <ItemName>סנו לניקוי מוצרי עור</ItemName>
      <ManufacturerName>סנו</ManufacturerName>
      <ManufactureCountry>ישראל</ManufactureCountry>
      <ManufacturerItemDescription>למוצרי עור סנו לניקוי 500 מל           .</ManufacturerItemDescription>
      <UnitQty>מיליליטרים</UnitQty>
      <Quantity>500.00</Quantity>
      <UnitOfMeasure>100 מ"ל</UnitOfMeasure>
      <bIsWeighted>0</bIsWeighted>
      <QtyInPackage>1</QtyInPackage>
      <ItemPrice>32.60</ItemPrice>
      <UnitOfMeasurePrice>6.5200</UnitOfMeasurePrice>
      <AllowDiscount>1</AllowDiscount>
      <ItemStatus>1</ItemStatus>
      <ItemId>2507</ItemId>
    </Item>
    <Item>
      <PriceUpdateDate>2015-10-01 06:14:31</PriceUpdateDate>
      <ItemCode>7290000292311</ItemCode>
      <ItemType>1</ItemType>
      <ItemName>פוליויקס רצפה סחלבים</ItemName>
      <ManufacturerName>סנו</ManufacturerName>
      <ManufactureCountry>ישראל</ManufactureCountry>
      <ManufacturerItemDescription>לרצפה פוליויקס 2 ל.סחלבים</ManufacturerItemDescription>
      <UnitQty>ליטרים</UnitQty>
      <Quantity>2.00</Quantity>
      <UnitOfMeasure>ליטר</UnitOfMeasure>
      <bIsWeighted>0</bIsWeighted>
      <QtyInPackage>1</QtyInPackage>
      <ItemPrice>26.60</ItemPrice>
      <UnitOfMeasurePrice>13.3000</UnitOfMeasurePrice>
      <AllowDiscount>1</AllowDiscount>
      <ItemStatus>1</ItemStatus>
      <ItemId>2510</ItemId>
    </Item>
    <Item>
      <PriceUpdateDate>2015-10-01 06:14:31</PriceUpdateDate>
      <ItemCode>7290000292540</ItemCode>
      <ItemType>1</ItemType>
      <ItemName>סנומט מכשיר + מילוי</ItemName>
      <ManufacturerName>זובאלה</ManufacturerName>
      <ManufactureCountry>לא ידוע</ManufactureCountry>
      <ManufacturerItemDescription>סנומט מכשיר + מילוי 45 לילות</ManufacturerItemDescription>
      <UnitQty>Unknown </UnitQty>
      <Quantity>0.00</Quantity>
      <UnitOfMeasure>Unknown </UnitOfMeasure>
      <bIsWeighted>0</bIsWeighted>
      <QtyInPackage>1</QtyInPackage>
      <ItemPrice>31.60</ItemPrice>
      <UnitOfMeasurePrice>0.0000</UnitOfMeasurePrice>
      <AllowDiscount>1</AllowDiscount>
      <ItemStatus>1</ItemStatus>
      <ItemId>2514</ItemId>
    </Item>
    <Item>
      <PriceUpdateDate>2015-10-01 06:14:31</PriceUpdateDate>
      <ItemCode>7290000292915</ItemCode>
      <ItemType>1</ItemType>
      <ItemName>סנו רסס ונגב750 מל</ItemName>
      <ManufacturerName>סנו</ManufacturerName>
      <ManufactureCountry>ישראל</ManufactureCountry>
      <ManufacturerItemDescription>לניקוי כללי רסס ונגב750 מל</ManufacturerItemDescription>
      <UnitQty>מיליליטרים</UnitQty>
      <Quantity>750.00</Quantity>
      <UnitOfMeasure>100 מ"ל</UnitOfMeasure>
      <bIsWeighted>0</bIsWeighted>
      <QtyInPackage>1</QtyInPackage>
      <ItemPrice>14.80</ItemPrice>
      <UnitOfMeasurePrice>1.9733</UnitOfMeasurePrice>
      <AllowDiscount>1</AllowDiscount>
      <ItemStatus>1</ItemStatus>
      <ItemId>2519</ItemId>
    </Item>
    <Item>
      <PriceUpdateDate>2015-10-01 06:14:31</PriceUpdateDate>
      <ItemCode>7290000293073</ItemCode>
      <ItemType>1</ItemType>
      <ItemName>מרכך כביסה מקסימה בי</ItemName>
      <ManufacturerName>סנו</ManufacturerName>
      <ManufactureCountry>ישראל</ManufactureCountry>
      <ManufacturerItemDescription>מרכך כביסה מקסימה ביו 4  ל</ManufacturerItemDescription>
      <UnitQty>ליטרים</UnitQty>
      <Quantity>4.00</Quantity>
      <UnitOfMeasure>ליטר</UnitOfMeasure>
      <bIsWeighted>0</bIsWeighted>
      <QtyInPackage>1</QtyInPackage>
      <ItemPrice>21.70</ItemPrice>
      <UnitOfMeasurePrice>5.4250</UnitOfMeasurePrice>
      <AllowDiscount>1</AllowDiscount>
      <ItemStatus>1</ItemStatus>
      <ItemId>2521</ItemId>
    </Item>
    <Item>
      <PriceUpdateDate>2015-01-01 00:00:00</PriceUpdateDate>
      <ItemCode>7290000293943</ItemCode>
      <ItemType>1</ItemType>
      <ItemName>מסיר אבנית אנטיקאלק</ItemName>
      <ManufacturerName>סנו</ManufacturerName>
      <ManufactureCountry>ישראל</ManufactureCountry>
      <ManufacturerItemDescription>מסיר אבנית אנטיקאלק מתז1 ל             .</ManufacturerItemDescription>
      <UnitQty>ליטרים</UnitQty>
      <Quantity>1.00</Quantity>
      <UnitOfMeasure>ליטר</UnitOfMeasure>
      <bIsWeighted>0</bIsWeighted>
      <QtyInPackage>1</QtyInPackage>
      <ItemPrice>17.90</ItemPrice>
      <UnitOfMeasurePrice>17.9000</UnitOfMeasurePrice>
      <AllowDiscount>1</AllowDiscount>
      <ItemStatus>1</ItemStatus>
      <ItemId>2527</ItemId>
    </Item>
    <Item>
      <PriceUpdateDate>2015-10-01 06:14:31</PriceUpdateDate>
      <ItemCode>7290000294780</ItemCode>
      <ItemType>1</ItemType>
      <ItemName>אקונומיקה JAVEL ל .ס</ItemName>
      <ManufacturerName>סנו</ManufacturerName>
      <ManufactureCountry>ישראל</ManufactureCountry>
      <ManufacturerItemDescription>אקונומיקה JAVEL ל .סמיכה               4</ManufacturerItemDescription>
      <UnitQty>ליטרים</UnitQty>
      <Quantity>4.00</Quantity>
      <UnitOfMeasure>ליטר</UnitOfMeasure>
      <bIsWeighted>0</bIsWeighted>
      <QtyInPackage>1</QtyInPackage>
      <ItemPrice>15.70</ItemPrice>
      <UnitOfMeasurePrice>3.9250</UnitOfMeasurePrice>
      <AllowDiscount>1</AllowDiscount>
      <ItemStatus>1</ItemStatus>
      <ItemId>2537</ItemId>
    </Item>
    <Item>
      <PriceUpdateDate>2015-10-01 06:14:31</PriceUpdateDate>
      <ItemCode>7290000295299</ItemCode>
      <ItemType>1</ItemType>
      <ItemName>כרית הפלא</ItemName>
      <ManufacturerName>סדובסקי</ManufacturerName>
      <ManufactureCountry>ישראל</ManufactureCountry>
      <ManufacturerItemDescription>כרית הפלא סנו סושי                  1/4</ManufacturerItemDescription>
      <UnitQty>Unknown </UnitQty>
      <Quantity>0.00</Quantity>
      <UnitOfMeasure>Unknown </UnitOfMeasure>
      <bIsWeighted>0</bIsWeighted>
      <QtyInPackage>4</QtyInPackage>
      <ItemPrice>11.80</ItemPrice>
      <UnitOfMeasurePrice>0.0000</UnitOfMeasurePrice>
      <AllowDiscount>1</AllowDiscount>
      <ItemStatus>1</ItemStatus>
      <ItemId>2539</ItemId>
    </Item>
    <Item>
      <PriceUpdateDate>2015-01-01 00:00:00</PriceUpdateDate>
      <ItemCode>7290000295343</ItemCode>
      <ItemType>1</ItemType>
      <ItemName>אבק.כביסה קומ MAXIMA</ItemName>
      <ManufacturerName>סנו</ManufacturerName>
      <ManufactureCountry>ישראל</ManufactureCountry>
      <ManufacturerItemDescription>אבק.כביסה קומ MAXIMA ביו1.25קג</ManufacturerItemDescription>
      <UnitQty>קילוגרמים</UnitQty>
      <Quantity>1.25</Quantity>
      <UnitOfMeasure>ק"ג</UnitOfMeasure>
      <bIsWeighted>0</bIsWeighted>
      <QtyInPackage>1</QtyInPackage>
      <ItemPrice>19.90</ItemPrice>
      <UnitOfMeasurePrice>15.9200</UnitOfMeasurePrice>
      <AllowDiscount>1</AllowDiscount>
      <ItemStatus>1</ItemStatus>
      <ItemId>2541</ItemId>
    </Item>
    <Item>
      <PriceUpdateDate>2016-03-22 10:06:42</PriceUpdateDate>
      <ItemCode>7290000295367</ItemCode>
      <ItemType>1</ItemType>
      <ItemName>א.כביסה מקסימה</ItemName>
      <ManufacturerName>סנו</ManufacturerName>
      <ManufactureCountry>ישראל</ManufactureCountry>
      <ManufacturerItemDescription>אבק.כביסה מקסימה זאוול 2.5 קג</ManufacturerItemDescription>
      <UnitQty>קילוגרמים</UnitQty>
      <Quantity>2.50</Quantity>
      <UnitOfMeasure>ק"ג</UnitOfMeasure>
      <bIsWeighted>0</bIsWeighted>
      <QtyInPackage>1</QtyInPackage>
      <ItemPrice>25.60</ItemPrice>
      <UnitOfMeasurePrice>10.2400</UnitOfMeasurePrice>
      <AllowDiscount>1</AllowDiscount>
      <ItemStatus>1</ItemStatus>
      <ItemId>2542</ItemId>
    </Item>
    <Item>
      <PriceUpdateDate>2015-10-01 06:14:31</PriceUpdateDate>
      <ItemCode>7290000295404</ItemCode>
      <ItemType>1</ItemType>
      <ItemName>שקיות אשפה סנו סושי</ItemName>
      <ManufacturerName>אשפלסט</ManufacturerName>
      <ManufactureCountry>ישראל</ManufactureCountry>
      <ManufacturerItemDescription>שקיות אשפה סנו סושי60 יח          54*65</ManufacturerItemDescription>
      <UnitQty>Unknown </UnitQty>
      <Quantity>0.00</Quantity>
      <UnitOfMeasure>Unknown </UnitOfMeasure>
      <bIsWeighted>0</bIsWeighted>
      <QtyInPackage>1</QtyInPackage>
      <ItemPrice>23.70</ItemPrice>
      <UnitOfMeasurePrice>0.0000</UnitOfMeasurePrice>
      <AllowDiscount>1</AllowDiscount>
      <ItemStatus>1</ItemStatus>
      <ItemId>2543</ItemId>
    </Item>
    <Item>
      <PriceUpdateDate>2015-10-01 06:14:31</PriceUpdateDate>
      <ItemCode>7290000295442</ItemCode>
      <ItemType>1</ItemType>
      <ItemName>אטבי כביסה איכות20 י</ItemName>
      <ManufacturerName>מ.א ייצור</ManufacturerName>
      <ManufactureCountry>לא ידוע</ManufactureCountry>
      <ManufacturerItemDescription>אטבי כביסה איכות20 יח                  .</ManufacturerItemDescription>
      <UnitQty>Unknown </UnitQty>
      <Quantity>0.00</Quantity>
      <UnitOfMeasure>Unknown </UnitOfMeasure>
      <bIsWeighted>0</bIsWeighted>
      <QtyInPackage>1</QtyInPackage>
      <ItemPrice>7.90</ItemPrice>
      <UnitOfMeasurePrice>0.0000</UnitOfMeasurePrice>
      <AllowDiscount>1</AllowDiscount>
      <ItemStatus>1</ItemStatus>
      <ItemId>2544</ItemId>
    </Item>
    <Item>
      <PriceUpdateDate>2015-10-01 06:14:31</PriceUpdateDate>
      <ItemCode>7290000295503</ItemCode>
      <ItemType>1</ItemType>
      <ItemName>שקיות אוכל סנו סושי</ItemName>
      <ManufacturerName>אשפלסט</ManufacturerName>
      <ManufactureCountry>ישראל</ManufactureCountry>
      <ManufacturerItemDescription>שקיות אוכל סנו סושי150יח          19*25</ManufacturerItemDescription>
      <UnitQty>Unknown </UnitQty>
      <Quantity>0.00</Quantity>
      <UnitOfMeasure>Unknown </UnitOfMeasure>
      <bIsWeighted>0</bIsWeighted>
      <QtyInPackage>1</QtyInPackage>
      <ItemPrice>12.20</ItemPrice>
      <UnitOfMeasurePrice>0.0000</UnitOfMeasurePrice>
      <AllowDiscount>1</AllowDiscount>
      <ItemStatus>1</ItemStatus>
      <ItemId>2545</ItemId>
    </Item>
    <Item>
      <PriceUpdateDate>2015-10-01 06:14:31</PriceUpdateDate>
      <ItemCode>7290000295572</ItemCode>
      <ItemType>1</ItemType>
      <ItemName>מנקה אסלות 00 זוג</ItemName>
      <ManufacturerName>סנו</ManufacturerName>
      <ManufactureCountry>ישראל</ManufactureCountry>
      <ManufacturerItemDescription>מנקה אסלות 750 "00" סמ"ק זוג</ManufacturerItemDescription>
      <UnitQty>ליטרים</UnitQty>
      <Quantity>1.50</Quantity>
      <UnitOfMeasure>ליטר</UnitOfMeasure>
      <bIsWeighted>0</bIsWeighted>
      <QtyInPackage>1</QtyInPackage>
      <ItemPrice>16.70</ItemPrice>
      <UnitOfMeasurePrice>11.1333</UnitOfMeasurePrice>
      <AllowDiscount>1</AllowDiscount>
      <ItemStatus>1</ItemStatus>
      <ItemId>2548</ItemId>
    </Item>
    <Item>
      <PriceUpdateDate>2015-10-01 06:14:31</PriceUpdateDate>
      <ItemCode>7290000295749</ItemCode>
      <ItemType>1</ItemType>
      <ItemName>ספוג כיף סאקי מסאג</ItemName>
      <ManufacturerName>קוסמופארם</ManufacturerName>
      <ManufactureCountry>ישראל</ManufactureCountry>
      <ManufacturerItemDescription>ספוג כיף סאקי מסאז</ManufacturerItemDescription>
      <UnitQty>Unknown </UnitQty>
      <Quantity>0.00</Quantity>
      <UnitOfMeasure>Unknown </UnitOfMeasure>
      <bIsWeighted>0</bIsWeighted>
      <QtyInPackage>1</QtyInPackage>
      <ItemPrice>11.20</ItemPrice>
      <UnitOfMeasurePrice>0.0000</UnitOfMeasurePrice>
      <AllowDiscount>1</AllowDiscount>
      <ItemStatus>1</ItemStatus>
      <ItemId>2549</ItemId>
    </Item>
    <Item>
      <PriceUpdateDate>2015-10-01 06:13:13</PriceUpdateDate>
      <ItemCode>7290002987963</ItemCode>
      <ItemType>1</ItemType>
      <ItemName>סלט חומוס אחלה</ItemName>
      <ManufacturerName>שטראוס גרופ</ManufacturerName>
      <ManufactureCountry>ישראל</ManufactureCountry>
      <ManufacturerItemDescription>סלט חומוס אחלה 1 ק"ג</ManufacturerItemDescription>
      <UnitQty>קילוגרמים</UnitQty>
      <Quantity>1.00</Quantity>
      <UnitOfMeasure>ק"ג</UnitOfMeasure>
      <bIsWeighted>0</bIsWeighted>
      <QtyInPackage>1</QtyInPackage>
      <ItemPrice>15.70</ItemPrice>
      <UnitOfMeasurePrice>15.7000</UnitOfMeasurePrice>
      <AllowDiscount>1</AllowDiscount>
      <ItemStatus>1</ItemStatus>
      <ItemId>2560</ItemId>
    </Item>
    <Item>
      <PriceUpdateDate>2015-01-01 00:00:00</PriceUpdateDate>
      <ItemCode>7290000300139</ItemCode>
      <ItemType>1</ItemType>
      <ItemName>המבורגר צמחי טבעול</ItemName>
      <ManufacturerName>טבעול</ManufacturerName>
      <ManufactureCountry>לא ידוע</ManufactureCountry>
      <ManufacturerItemDescription>המבורגר צמחי 750 ג                     "</ManufacturerItemDescription>
      <UnitQty>גרמים</UnitQty>
      <Quantity>750.00</Quantity>
      <UnitOfMeasure>100 גרם</UnitOfMeasure>
      <bIsWeighted>0</bIsWeighted>
      <QtyInPackage>1</QtyInPackage>
      <ItemPrice>37.90</ItemPrice>
      <UnitOfMeasurePrice>5.0533</UnitOfMeasurePrice>
      <AllowDiscount>1</AllowDiscount>
      <ItemStatus>1</ItemStatus>
      <ItemId>2600</ItemId>
    </Item>
    <Item>
      <PriceUpdateDate>2015-01-01 00:00:00</PriceUpdateDate>
      <ItemCode>7290000300689</ItemCode>
      <ItemType>1</ItemType>
      <ItemName>שניצל ברוקולי טבעול</ItemName>
      <ManufacturerName>טבעול</ManufacturerName>
      <ManufactureCountry>לא ידוע</ManufactureCountry>
      <ManufacturerItemDescription>שניצל ברוקולי 750 ג                    "</ManufacturerItemDescription>
      <UnitQty>גרמים</UnitQty>
      <Quantity>750.00</Quantity>
      <UnitOfMeasure>100 גרם</UnitOfMeasure>
      <bIsWeighted>0</bIsWeighted>
      <QtyInPackage>1</QtyInPackage>
      <ItemPrice>38.00</ItemPrice>
      <UnitOfMeasurePrice>5.0667</UnitOfMeasurePrice>
      <AllowDiscount>1</AllowDiscount>
      <ItemStatus>1</ItemStatus>
      <ItemId>2607</ItemId>
    </Item>
    <Item>
      <PriceUpdateDate>2015-08-09 08:03:34</PriceUpdateDate>
      <ItemCode>7290000300900</ItemCode>
      <ItemType>1</ItemType>
      <ItemName>שניצל תירס טבעול  .</ItemName>
      <ManufacturerName>טבעול</ManufacturerName>
      <ManufactureCountry>לא ידוע</ManufactureCountry>
      <ManufacturerItemDescription>שניצל תירס 750 גרם טבעול</ManufacturerItemDescription>
      <UnitQty>גרמים</UnitQty>
      <Quantity>750.00</Quantity>
      <UnitOfMeasure>100 גרם</UnitOfMeasure>
      <bIsWeighted>0</bIsWeighted>
      <QtyInPackage>1</QtyInPackage>
      <ItemPrice>29.70</ItemPrice>
      <UnitOfMeasurePrice>3.9600</UnitOfMeasurePrice>
      <AllowDiscount>1</AllowDiscount>
      <ItemStatus>1</ItemStatus>
      <ItemId>2623</ItemId>
    </Item>
    <Item>
      <PriceUpdateDate>2015-10-01 06:17:26</PriceUpdateDate>
      <ItemCode>3014260221614</ItemCode>
      <ItemType>1</ItemType>
      <ItemName>ס.ג בלו IIאולטרא גרי</ItemName>
      <ManufacturerName>פרוקטר אנד גמבל</ManufacturerName>
      <ManufactureCountry>פולין</ManufactureCountry>
      <ManufacturerItemDescription>ס.ג בלו IIאולטרא גריפ              1/10</ManufacturerItemDescription>
      <UnitQty>Unknown </UnitQty>
      <Quantity>0.00</Quantity>
      <UnitOfMeasure>Unknown </UnitOfMeasure>
      <bIsWeighted>0</bIsWeighted>
      <QtyInPackage>1</QtyInPackage>
      <ItemPrice>31.60</ItemPrice>
      <UnitOfMeasurePrice>0.0000</UnitOfMeasurePrice>
      <AllowDiscount>1</AllowDiscount>
      <ItemStatus>1</ItemStatus>
      <ItemId>2647</ItemId>
    </Item>
    <Item>
      <PriceUpdateDate>2015-10-01 06:17:26</PriceUpdateDate>
      <ItemCode>3014260243531</ItemCode>
      <ItemType>1</ItemType>
      <ItemName>סכיני גילוח מאך   3</ItemName>
      <ManufacturerName>פרוקטר אנד גמבל</ManufacturerName>
      <ManufactureCountry>פולין</ManufactureCountry>
      <ManufacturerItemDescription>סכיני גילוח מאך                   3 1/4</ManufacturerItemDescription>
      <UnitQty>Unknown </UnitQty>
      <Quantity>0.00</Quantity>
      <UnitOfMeasure>Unknown </UnitOfMeasure>
      <bIsWeighted>0</bIsWeighted>
      <QtyInPackage>1</QtyInPackage>
      <ItemPrice>52.40</ItemPrice>
      <UnitOfMeasurePrice>0.0000</UnitOfMeasurePrice>
      <AllowDiscount>1</AllowDiscount>
      <ItemStatus>1</ItemStatus>
      <ItemId>2648</ItemId>
    </Item>
    <Item>
      <PriceUpdateDate>2015-10-01 06:17:36</PriceUpdateDate>
      <ItemCode>3014260262709</ItemCode>
      <ItemType>1</ItemType>
      <ItemName>סכיני גילוח וונוס X</ItemName>
      <ManufacturerName>פרוקטר אנד גמבל</ManufacturerName>
      <ManufactureCountry>פולין</ManufactureCountry>
      <ManufacturerItemDescription>סכיני גילוח וונוס                     X</ManufacturerItemDescription>
      <UnitQty>Unknown </UnitQty>
      <Quantity>0.00</Quantity>
      <UnitOfMeasure>Unknown </UnitOfMeasure>
      <bIsWeighted>0</bIsWeighted>
      <QtyInPackage>1</QtyInPackage>
      <ItemPrice>52.40</ItemPrice>
      <UnitOfMeasurePrice>0.0000</UnitOfMeasurePrice>
      <AllowDiscount>1</AllowDiscount>
      <ItemStatus>1</ItemStatus>
      <ItemId>2656</ItemId>
    </Item>
    <Item>
      <PriceUpdateDate>2015-10-01 06:17:26</PriceUpdateDate>
      <ItemCode>3014260274856</ItemCode>
      <ItemType>1</ItemType>
      <ItemName>מכשיר גילוח מאך 2+3</ItemName>
      <ManufacturerName>פרוקטר אנד גמבל</ManufacturerName>
      <ManufactureCountry>פולין</ManufactureCountry>
      <ManufacturerItemDescription>מכשיר גילוח מאך טורבו 2+3 סג</ManufacturerItemDescription>
      <UnitQty>Unknown </UnitQty>
      <Quantity>0.00</Quantity>
      <UnitOfMeasure>Unknown </UnitOfMeasure>
      <bIsWeighted>0</bIsWeighted>
      <QtyInPackage>1</QtyInPackage>
      <ItemPrice>52.40</ItemPrice>
      <UnitOfMeasurePrice>0.0000</UnitOfMeasurePrice>
      <AllowDiscount>1</AllowDiscount>
      <ItemStatus>1</ItemStatus>
      <ItemId>2663</ItemId>
    </Item>
    <Item>
      <PriceUpdateDate>2015-10-01 06:15:16</PriceUpdateDate>
      <ItemCode>7290000024523</ItemCode>
      <ItemType>1</ItemType>
      <ItemName>מיץ ענבים תירוש סגל</ItemName>
      <ManufacturerName>ברקן סגל</ManufacturerName>
      <ManufactureCountry>לא ידוע</ManufactureCountry>
      <ManufacturerItemDescription>מיץ ענבים תירוש 1 ליטר כשלפ</ManufacturerItemDescription>
      <UnitQty>ליטרים</UnitQty>
      <Quantity>1.00</Quantity>
      <UnitOfMeasure>ליטר</UnitOfMeasure>
      <bIsWeighted>0</bIsWeighted>
      <QtyInPackage>1</QtyInPackage>
      <ItemPrice>15.10</ItemPrice>
      <UnitOfMeasurePrice>15.1000</UnitOfMeasurePrice>
      <AllowDiscount>1</AllowDiscount>
      <ItemStatus>1</ItemStatus>
      <ItemId>101364</ItemId>
    </Item>
    <Item>
      <PriceUpdateDate>2015-10-01 06:17:26</PriceUpdateDate>
      <ItemCode>3014260274924</ItemCode>
      <ItemType>1</ItemType>
      <ItemName>סכיני גילוח מאך3 1/8</ItemName>
      <ManufacturerName>פרוקטר אנד גמבל</ManufacturerName>
      <ManufactureCountry>גרמניה</ManufactureCountry>
      <ManufacturerItemDescription>סכיני גילוח מאך 3 טורבו             1/8</ManufacturerItemDescription>
      <UnitQty>Unknown </UnitQty>
      <Quantity>0.00</Quantity>
      <UnitOfMeasure>Unknown </UnitOfMeasure>
      <bIsWeighted>0</bIsWeighted>
      <QtyInPackage>1</QtyInPackage>
      <ItemPrice>113.90</ItemPrice>
      <UnitOfMeasurePrice>0.0000</UnitOfMeasurePrice>
      <AllowDiscount>1</AllowDiscount>
      <ItemStatus>1</ItemStatus>
      <ItemId>2665</ItemId>
    </Item>
    <Item>
      <PriceUpdateDate>2015-10-01 06:14:31</PriceUpdateDate>
      <ItemCode>7290003015672</ItemCode>
      <ItemType>1</ItemType>
      <ItemName>מפיות דו שכבתי</ItemName>
      <ManufacturerName>חיי נייר</ManufacturerName>
      <ManufactureCountry>ישראל</ManufactureCountry>
      <ManufacturerItemDescription>מפיות דו שכבתי 50 יחי סנו סושי</ManufacturerItemDescription>
      <UnitQty>Unknown </UnitQty>
      <Quantity>0.00</Quantity>
      <UnitOfMeasure>Unknown </UnitOfMeasure>
      <bIsWeighted>0</bIsWeighted>
      <QtyInPackage>1</QtyInPackage>
      <ItemPrice>9.10</ItemPrice>
      <UnitOfMeasurePrice>0.0000</UnitOfMeasurePrice>
      <AllowDiscount>1</AllowDiscount>
      <ItemStatus>1</ItemStatus>
      <ItemId>2679</ItemId>
    </Item>
    <Item>
      <PriceUpdateDate>2015-01-01 00:00:00</PriceUpdateDate>
      <ItemCode>7290000301655</ItemCode>
      <ItemType>1</ItemType>
      <ItemName>חטיפי תירס 600 גרם</ItemName>
      <ManufacturerName>טבעול</ManufacturerName>
      <ManufactureCountry>לא ידוע</ManufactureCountry>
      <ManufacturerItemDescription>חטיפי תירס 600 גר</ManufacturerItemDescription>
      <UnitQty>גרמים</UnitQty>
      <Quantity>600.00</Quantity>
      <UnitOfMeasure>100 גרם</UnitOfMeasure>
      <bIsWeighted>0</bIsWeighted>
      <QtyInPackage>1</QtyInPackage>
      <ItemPrice>28.90</ItemPrice>
      <UnitOfMeasurePrice>4.8167</UnitOfMeasurePrice>
      <AllowDiscount>1</AllowDiscount>
      <ItemStatus>1</ItemStatus>
      <ItemId>2681</ItemId>
    </Item>
    <Item>
      <PriceUpdateDate>2015-10-01 06:13:13</PriceUpdateDate>
      <ItemCode>7290003023165</ItemCode>
      <ItemType>1</ItemType>
      <ItemName>שוקו בכד יוטבתה</ItemName>
      <ManufacturerName>שטראוס גרופ</ManufacturerName>
      <ManufactureCountry>ישראל</ManufactureCountry>
      <ManufacturerItemDescription>שוקו2 ל.בכד פלסטיק</ManufacturerItemDescription>
      <UnitQty>ליטרים</UnitQty>
      <Quantity>2.00</Quantity>
      <UnitOfMeasure>ליטר</UnitOfMeasure>
      <bIsWeighted>0</bIsWeighted>
      <QtyInPackage>1</QtyInPackage>
      <ItemPrice>21.70</ItemPrice>
      <UnitOfMeasurePrice>10.8500</UnitOfMeasurePrice>
      <AllowDiscount>1</AllowDiscount>
      <ItemStatus>1</ItemStatus>
      <ItemId>2706</ItemId>
    </Item>
    <Item>
      <PriceUpdateDate>2015-10-01 06:13:14</PriceUpdateDate>
      <ItemCode>7290003029181</ItemCode>
      <ItemType>1</ItemType>
      <ItemName>שוקו יוטבתה בקבוק</ItemName>
      <ManufacturerName>שטראוס גרופ</ManufacturerName>
      <ManufactureCountry>ישראל</ManufactureCountry>
      <ManufacturerItemDescription>שוקו יוטבתה1 ל.בקבוק</ManufacturerItemDescription>
      <UnitQty>ליטרים</UnitQty>
      <Quantity>1.00</Quantity>
      <UnitOfMeasure>ליטר</UnitOfMeasure>
      <bIsWeighted>0</bIsWeighted>
      <QtyInPackage>1</QtyInPackage>
      <ItemPrice>12.80</ItemPrice>
      <UnitOfMeasurePrice>12.8000</UnitOfMeasurePrice>
      <AllowDiscount>1</AllowDiscount>
      <ItemStatus>1</ItemStatus>
      <ItemId>2721</ItemId>
    </Item>
    <Item>
      <PriceUpdateDate>2015-06-19 07:57:43</PriceUpdateDate>
      <ItemCode>7290003029433</ItemCode>
      <ItemType>1</ItemType>
      <ItemName>שוקו יטבתה ספורט</ItemName>
      <ManufacturerName>שטראוס גרופ</ManufacturerName>
      <ManufactureCountry>ישראל</ManufactureCountry>
      <ManufacturerItemDescription>שוקו יטבתה ספורטאים 250 מ"ל</ManufacturerItemDescription>
      <UnitQty>מיליליטרים</UnitQty>
      <Quantity>250.00</Quantity>
      <UnitOfMeasure>100 מ"ל</UnitOfMeasure>
      <bIsWeighted>0</bIsWeighted>
      <QtyInPackage>1</QtyInPackage>
      <ItemPrice>5.50</ItemPrice>
      <UnitOfMeasurePrice>2.2000</UnitOfMeasurePrice>
      <AllowDiscount>1</AllowDiscount>
      <ItemStatus>1</ItemStatus>
      <ItemId>2728</ItemId>
    </Item>
    <Item>
      <PriceUpdateDate>2015-08-02 08:17:45</PriceUpdateDate>
      <ItemCode>7290000303581</ItemCode>
      <ItemType>1</ItemType>
      <ItemName>פול מצרי         A2</ItemName>
      <ManufacturerName>ויטה פרי גליל</ManufacturerName>
      <ManufactureCountry>ישראל</ManufactureCountry>
      <ManufacturerItemDescription>פול מצרי A2 גר                     560</ManufacturerItemDescription>
      <UnitQty>גרמים</UnitQty>
      <Quantity>560.00</Quantity>
      <UnitOfMeasure>100 גרם</UnitOfMeasure>
      <bIsWeighted>0</bIsWeighted>
      <QtyInPackage>1</QtyInPackage>
      <ItemPrice>6.70</ItemPrice>
      <UnitOfMeasurePrice>1.1964</UnitOfMeasurePrice>
      <AllowDiscount>1</AllowDiscount>
      <ItemStatus>1</ItemStatus>
      <ItemId>2733</ItemId>
    </Item>
    <Item>
      <PriceUpdateDate>2015-10-01 06:17:38</PriceUpdateDate>
      <ItemCode>7290000304663</ItemCode>
      <ItemType>1</ItemType>
      <ItemName>סלט טונה נון</ItemName>
      <ManufacturerName>יכין</ManufacturerName>
      <ManufactureCountry>לא ידוע</ManufactureCountry>
      <ManufacturerItemDescription>סלט טונה180 גר      .נון</ManufacturerItemDescription>
      <UnitQty>גרמים</UnitQty>
      <Quantity>160.00</Quantity>
      <UnitOfMeasure>100 גרם</UnitOfMeasure>
      <bIsWeighted>0</bIsWeighted>
      <QtyInPackage>1</QtyInPackage>
      <ItemPrice>6.80</ItemPrice>
      <UnitOfMeasurePrice>4.2500</UnitOfMeasurePrice>
      <AllowDiscount>1</AllowDiscount>
      <ItemStatus>1</ItemStatus>
      <ItemId>2739</ItemId>
    </Item>
    <Item>
      <PriceUpdateDate>2015-10-01 06:16:16</PriceUpdateDate>
      <ItemCode>3046920028004</ItemCode>
      <ItemType>1</ItemType>
      <ItemName>שוקולד אקסלנס   70%</ItemName>
      <ManufacturerName>לינדט</ManufacturerName>
      <ManufactureCountry>צרפת</ManufactureCountry>
      <ManufacturerItemDescription>שוקולד לינדט אקסלנס 100 70% ג</ManufacturerItemDescription>
      <UnitQty>גרמים</UnitQty>
      <Quantity>100.00</Quantity>
      <UnitOfMeasure>100 גרם</UnitOfMeasure>
      <bIsWeighted>0</bIsWeighted>
      <QtyInPackage>1</QtyInPackage>
      <ItemPrice>17.30</ItemPrice>
      <UnitOfMeasurePrice>17.3000</UnitOfMeasurePrice>
      <AllowDiscount>1</AllowDiscount>
      <ItemStatus>1</ItemStatus>
      <ItemId>2741</ItemId>
    </Item>
    <Item>
      <PriceUpdateDate>2016-07-20 08:00:31</PriceUpdateDate>
      <ItemCode>7290003054213</ItemCode>
      <ItemType>1</ItemType>
      <ItemName>לחם שיפון כפרי</ItemName>
      <ManufacturerName>מסטמכר</ManufacturerName>
      <ManufactureCountry>גרמניה</ManufactureCountry>
      <ManufacturerItemDescription>לחם שיפון כפרי מסטמכר 500 גר           .</ManufacturerItemDescription>
      <UnitQty>גרמים</UnitQty>
      <Quantity>500.00</Quantity>
      <UnitOfMeasure>100 גרם</UnitOfMeasure>
      <bIsWeighted>0</bIsWeighted>
      <QtyInPackage>1</QtyInPackage>
      <ItemPrice>13.80</ItemPrice>
      <UnitOfMeasurePrice>2.7600</UnitOfMeasurePrice>
      <AllowDiscount>1</AllowDiscount>
      <ItemStatus>1</ItemStatus>
      <ItemId>2772</ItemId>
    </Item>
    <Item>
      <PriceUpdateDate>2015-11-02 13:27:55</PriceUpdateDate>
      <ItemCode>7290003054657</ItemCode>
      <ItemType>1</ItemType>
      <ItemName>חרדל דיז"ון 370 גרם</ItemName>
      <ManufacturerName>ריין דה דיזון</ManufacturerName>
      <ManufactureCountry>צרפת</ManufactureCountry>
      <ManufacturerItemDescription>חרדל דיז"ון אקסטרא פורטה 370 ג</ManufacturerItemDescription>
      <UnitQty>גרמים</UnitQty>
      <Quantity>370.00</Quantity>
      <UnitOfMeasure>100 גרם</UnitOfMeasure>
      <bIsWeighted>0</bIsWeighted>
      <QtyInPackage>1</QtyInPackage>
      <ItemPrice>11.90</ItemPrice>
      <UnitOfMeasurePrice>3.2162</UnitOfMeasurePrice>
      <AllowDiscount>1</AllowDiscount>
      <ItemStatus>1</ItemStatus>
      <ItemId>2776</ItemId>
    </Item>
    <Item>
      <PriceUpdateDate>2015-08-02 08:15:42</PriceUpdateDate>
      <ItemCode>7290000305882</ItemCode>
      <ItemType>1</ItemType>
      <ItemName>דגי אס קוליאס</ItemName>
      <ManufacturerName>סטארקיסט</ManufacturerName>
      <ManufactureCountry>לא ידוע</ManufactureCountry>
      <ManufacturerItemDescription>דגי אס קוליאס 120 פ.קלנון</ManufacturerItemDescription>
      <UnitQty>גרמים</UnitQty>
      <Quantity>120.00</Quantity>
      <UnitOfMeasure>100 גרם</UnitOfMeasure>
      <bIsWeighted>0</bIsWeighted>
      <QtyInPackage>1</QtyInPackage>
      <ItemPrice>5.90</ItemPrice>
      <UnitOfMeasurePrice>4.9167</UnitOfMeasurePrice>
      <AllowDiscount>1</AllowDiscount>
      <ItemStatus>1</ItemStatus>
      <ItemId>2784</ItemId>
    </Item>
    <Item>
      <PriceUpdateDate>2015-07-08 06:55:30</PriceUpdateDate>
      <ItemCode>7290003060009</ItemCode>
      <ItemType>1</ItemType>
      <ItemName>קמח לבן</ItemName>
      <ManufacturerName>טחנות ישראל</ManufacturerName>
      <ManufactureCountry>ישראל</ManufactureCountry>
      <ManufacturerItemDescription>קמח לבן1 קג</ManufacturerItemDescription>
      <UnitQty>קילוגרמים</UnitQty>
      <Quantity>1.00</Quantity>
      <UnitOfMeasure>ק"ג</UnitOfMeasure>
      <bIsWeighted>0</bIsWeighted>
      <QtyInPackage>1</QtyInPackage>
      <ItemPrice>3.90</ItemPrice>
      <UnitOfMeasurePrice>3.9000</UnitOfMeasurePrice>
      <AllowDiscount>1</AllowDiscount>
      <ItemStatus>1</ItemStatus>
      <ItemId>2794</ItemId>
    </Item>
    <Item>
      <PriceUpdateDate>2015-01-01 00:00:00</PriceUpdateDate>
      <ItemCode>7290003060023</ItemCode>
      <ItemType>1</ItemType>
      <ItemName>סולת 1 קג</ItemName>
      <ManufacturerName>טחנות ישראל</ManufacturerName>
      <ManufactureCountry>ישראל</ManufactureCountry>
      <ManufacturerItemDescription>סולת 1 קג</ManufacturerItemDescription>
      <UnitQty>קילוגרמים</UnitQty>
      <Quantity>1.00</Quantity>
      <UnitOfMeasure>ק"ג</UnitOfMeasure>
      <bIsWeighted>0</bIsWeighted>
      <QtyInPackage>1</QtyInPackage>
      <ItemPrice>4.10</ItemPrice>
      <UnitOfMeasurePrice>4.1000</UnitOfMeasurePrice>
      <AllowDiscount>1</AllowDiscount>
      <ItemStatus>1</ItemStatus>
      <ItemId>2795</ItemId>
    </Item>
    <Item>
      <PriceUpdateDate>2015-08-02 08:17:45</PriceUpdateDate>
      <ItemCode>7290000307015</ItemCode>
      <ItemType>1</ItemType>
      <ItemName>אפונה בינונית</ItemName>
      <ManufacturerName>פרי הגליל בעמ</ManufacturerName>
      <ManufactureCountry>ישראל</ManufactureCountry>
      <ManufacturerItemDescription>אפונה בינונית 550 גרם</ManufacturerItemDescription>
      <UnitQty>גרמים</UnitQty>
      <Quantity>550.00</Quantity>
      <UnitOfMeasure>100 גרם</UnitOfMeasure>
      <bIsWeighted>0</bIsWeighted>
      <QtyInPackage>1</QtyInPackage>
      <ItemPrice>7.20</ItemPrice>
      <UnitOfMeasurePrice>1.3091</UnitOfMeasurePrice>
      <AllowDiscount>1</AllowDiscount>
      <ItemStatus>1</ItemStatus>
      <ItemId>2797</ItemId>
    </Item>
    <Item>
      <PriceUpdateDate>2015-08-02 08:17:45</PriceUpdateDate>
      <ItemCode>7290000307046</ItemCode>
      <ItemType>1</ItemType>
      <ItemName>אפונה וגזר</ItemName>
      <ManufacturerName>ויטה פרי גליל</ManufacturerName>
      <ManufactureCountry>ישראל</ManufactureCountry>
      <ManufacturerItemDescription>אפונה וגזר550 גר</ManufacturerItemDescription>
      <UnitQty>גרמים</UnitQty>
      <Quantity>550.00</Quantity>
      <UnitOfMeasure>100 גרם</UnitOfMeasure>
      <bIsWeighted>0</bIsWeighted>
      <QtyInPackage>1</QtyInPackage>
      <ItemPrice>7.20</ItemPrice>
      <UnitOfMeasurePrice>1.3091</UnitOfMeasurePrice>
      <AllowDiscount>1</AllowDiscount>
      <ItemStatus>1</ItemStatus>
      <ItemId>2798</ItemId>
    </Item>
    <Item>
      <PriceUpdateDate>2016-03-23 12:12:23</PriceUpdateDate>
      <ItemCode>7290000307237</ItemCode>
      <ItemType>1</ItemType>
      <ItemName>תירס גרעינים550 גר .</ItemName>
      <ManufacturerName>ויטה פרי גליל</ManufacturerName>
      <ManufactureCountry>ישראל</ManufactureCountry>
      <ManufacturerItemDescription>תירס גרעינים 550 גר.פריגלי</ManufacturerItemDescription>
      <UnitQty>גרמים</UnitQty>
      <Quantity>550.00</Quantity>
      <UnitOfMeasure>100 גרם</UnitOfMeasure>
      <bIsWeighted>0</bIsWeighted>
      <QtyInPackage>1</QtyInPackage>
      <ItemPrice>7.90</ItemPrice>
      <UnitOfMeasurePrice>1.4364</UnitOfMeasurePrice>
      <AllowDiscount>1</AllowDiscount>
      <ItemStatus>1</ItemStatus>
      <ItemId>2800</ItemId>
    </Item>
    <Item>
      <PriceUpdateDate>2016-06-15 07:40:00</PriceUpdateDate>
      <ItemCode>7290014603547</ItemCode>
      <ItemType>1</ItemType>
      <ItemName>קרמיסימו סנדיי וניל</ItemName>
      <ManufacturerName>שטראוס גלידות</ManufacturerName>
      <ManufactureCountry>ישראל</ManufactureCountry>
      <ManufacturerItemDescription>קרמיסימו סנדיי וניל שוקולד</ManufacturerItemDescription>
      <UnitQty>ליטרים</UnitQty>
      <Quantity>1.33</Quantity>
      <UnitOfMeasure>ליטר</UnitOfMeasure>
      <bIsWeighted>0</bIsWeighted>
      <QtyInPackage>1</QtyInPackage>
      <ItemPrice>23.90</ItemPrice>
      <UnitOfMeasurePrice>17.9699</UnitOfMeasurePrice>
      <AllowDiscount>1</AllowDiscount>
      <ItemStatus>1</ItemStatus>
      <ItemId>92691</ItemId>
    </Item>
    <Item>
      <PriceUpdateDate>2015-01-01 00:00:00</PriceUpdateDate>
      <ItemCode>7290104506819</ItemCode>
      <ItemType>1</ItemType>
      <ItemName>קראנץ רולס</ItemName>
      <ManufacturerName>אסם</ManufacturerName>
      <ManufactureCountry>לא ידוע</ManufactureCountry>
      <ManufacturerItemDescription>קראנץ רולס 370 גר כשלפ</ManufacturerItemDescription>
      <UnitQty>גרמים</UnitQty>
      <Quantity>370.00</Quantity>
      <UnitOfMeasure>100 גרם</UnitOfMeasure>
      <bIsWeighted>0</bIsWeighted>
      <QtyInPackage>1</QtyInPackage>
      <ItemPrice>19.90</ItemPrice>
      <UnitOfMeasurePrice>5.3784</UnitOfMeasurePrice>
      <AllowDiscount>1</AllowDiscount>
      <ItemStatus>1</ItemStatus>
      <ItemId>73509</ItemId>
    </Item>
    <Item>
      <PriceUpdateDate>2015-08-02 08:17:45</PriceUpdateDate>
      <ItemCode>7290000307343</ItemCode>
      <ItemType>1</ItemType>
      <ItemName>שעועית ירוקה</ItemName>
      <ManufacturerName>ויטה פרי גליל</ManufacturerName>
      <ManufactureCountry>ישראל</ManufactureCountry>
      <ManufacturerItemDescription>שע ירוקה א -2פג</ManufacturerItemDescription>
      <UnitQty>גרמים</UnitQty>
      <Quantity>550.00</Quantity>
      <UnitOfMeasure>100 גרם</UnitOfMeasure>
      <bIsWeighted>0</bIsWeighted>
      <QtyInPackage>1</QtyInPackage>
      <ItemPrice>7.70</ItemPrice>
      <UnitOfMeasurePrice>1.4000</UnitOfMeasurePrice>
      <AllowDiscount>1</AllowDiscount>
      <ItemStatus>1</ItemStatus>
      <ItemId>2805</ItemId>
    </Item>
    <Item>
      <PriceUpdateDate>2015-07-22 06:40:46</PriceUpdateDate>
      <ItemCode>7290000311203</ItemCode>
      <ItemType>1</ItemType>
      <ItemName>וופל שוקולד</ItemName>
      <ManufacturerName>רוקחמן בע"מ</ManufacturerName>
      <ManufactureCountry>ישראל</ManufactureCountry>
      <ManufacturerItemDescription>וופל שוקו200 גר                        .</ManufacturerItemDescription>
      <UnitQty>גרמים</UnitQty>
      <Quantity>200.00</Quantity>
      <UnitOfMeasure>100 גרם</UnitOfMeasure>
      <bIsWeighted>0</bIsWeighted>
      <QtyInPackage>1</QtyInPackage>
      <ItemPrice>4.90</ItemPrice>
      <UnitOfMeasurePrice>2.4500</UnitOfMeasurePrice>
      <AllowDiscount>1</AllowDiscount>
      <ItemStatus>1</ItemStatus>
      <ItemId>2824</ItemId>
    </Item>
    <Item>
      <PriceUpdateDate>2015-08-02 08:17:29</PriceUpdateDate>
      <ItemCode>835811005964</ItemCode>
      <ItemType>1</ItemType>
      <ItemName>תבנית אלומיניום אינג</ItemName>
      <ManufacturerName>ווינפאק</ManufacturerName>
      <ManufactureCountry>לא ידוע</ManufactureCountry>
      <ManufacturerItemDescription>תבנית אלומיניום אינגליש2 יח            "</ManufacturerItemDescription>
      <UnitQty>גרמים</UnitQty>
      <Quantity>100.00</Quantity>
      <UnitOfMeasure>100 גרם</UnitOfMeasure>
      <bIsWeighted>0</bIsWeighted>
      <QtyInPackage>1</QtyInPackage>
      <ItemPrice>12.90</ItemPrice>
      <UnitOfMeasurePrice>12.9000</UnitOfMeasurePrice>
      <AllowDiscount>1</AllowDiscount>
      <ItemStatus>1</ItemStatus>
      <ItemId>86127</ItemId>
    </Item>
    <Item>
      <PriceUpdateDate>2015-01-01 00:00:00</PriceUpdateDate>
      <ItemCode>7290003119165</ItemCode>
      <ItemType>1</ItemType>
      <ItemName>קוקה קולה דיאט  1/6</ItemName>
      <ManufacturerName>החברה המרכזית למשקאו</ManufacturerName>
      <ManufactureCountry>ישראל</ManufactureCountry>
      <ManufacturerItemDescription>קוקה קולה דיאט1.5 ל                 1/6.</ManufacturerItemDescription>
      <UnitQty>ליטרים</UnitQty>
      <Quantity>9.00</Quantity>
      <UnitOfMeasure>ליטר</UnitOfMeasure>
      <bIsWeighted>0</bIsWeighted>
      <QtyInPackage>1</QtyInPackage>
      <ItemPrice>37.90</ItemPrice>
      <UnitOfMeasurePrice>4.2111</UnitOfMeasurePrice>
      <AllowDiscount>1</AllowDiscount>
      <ItemStatus>1</ItemStatus>
      <ItemId>2832</ItemId>
    </Item>
    <Item>
      <PriceUpdateDate>2015-01-01 00:00:00</PriceUpdateDate>
      <ItemCode>7290003121090</ItemCode>
      <ItemType>1</ItemType>
      <ItemName>תבשיל מרק בשקית ירק</ItemName>
      <ManufacturerName>טאט פוי פוד</ManufacturerName>
      <ManufactureCountry>ישראל</ManufactureCountry>
      <ManufacturerItemDescription>תבשילמגיק בשקית ירקות             X30</ManufacturerItemDescription>
      <UnitQty>גרמים</UnitQty>
      <Quantity>85.00</Quantity>
      <UnitOfMeasure>100 גרם</UnitOfMeasure>
      <bIsWeighted>0</bIsWeighted>
      <QtyInPackage>1</QtyInPackage>
      <ItemPrice>3.20</ItemPrice>
      <UnitOfMeasurePrice>3.7647</UnitOfMeasurePrice>
      <AllowDiscount>1</AllowDiscount>
      <ItemStatus>1</ItemStatus>
      <ItemId>2842</ItemId>
    </Item>
    <Item>
      <PriceUpdateDate>2015-01-01 00:00:00</PriceUpdateDate>
      <ItemCode>7290003121106</ItemCode>
      <ItemType>1</ItemType>
      <ItemName>תבשיל מרק בשקית עוף</ItemName>
      <ManufacturerName>טאט פוי פוד</ManufacturerName>
      <ManufactureCountry>ישראל</ManufactureCountry>
      <ManufacturerItemDescription>תבשילמגיק בשקית עוף85 ג             X30</ManufacturerItemDescription>
      <UnitQty>גרמים</UnitQty>
      <Quantity>85.00</Quantity>
      <UnitOfMeasure>100 גרם</UnitOfMeasure>
      <bIsWeighted>0</bIsWeighted>
      <QtyInPackage>1</QtyInPackage>
      <ItemPrice>3.20</ItemPrice>
      <UnitOfMeasurePrice>3.7647</UnitOfMeasurePrice>
      <AllowDiscount>1</AllowDiscount>
      <ItemStatus>1</ItemStatus>
      <ItemId>2843</ItemId>
    </Item>
    <Item>
      <PriceUpdateDate>2015-01-01 00:00:00</PriceUpdateDate>
      <ItemCode>661625951117</ItemCode>
      <ItemType>1</ItemType>
      <ItemName>עוגיות ביס קרם שוקו</ItemName>
      <ManufacturerName>אימיסק איטאלאט - מינ</ManufacturerName>
      <ManufactureCountry>לא ידוע</ManufactureCountry>
      <ManufacturerItemDescription>עוגיות מינואט ביס קרם שוקולד</ManufacturerItemDescription>
      <UnitQty>גרמים</UnitQty>
      <Quantity>95.00</Quantity>
      <UnitOfMeasure>100 גרם</UnitOfMeasure>
      <bIsWeighted>0</bIsWeighted>
      <QtyInPackage>1</QtyInPackage>
      <ItemPrice>2.90</ItemPrice>
      <UnitOfMeasurePrice>3.0526</UnitOfMeasurePrice>
      <AllowDiscount>1</AllowDiscount>
      <ItemStatus>1</ItemStatus>
      <ItemId>99373</ItemId>
    </Item>
    <Item>
      <PriceUpdateDate>2015-08-09 08:03:28</PriceUpdateDate>
      <ItemCode>7290000313283</ItemCode>
      <ItemType>1</ItemType>
      <ItemName>נודלס אטריות ביצים</ItemName>
      <ManufacturerName>זארה</ManufacturerName>
      <ManufactureCountry>איטליה</ManufactureCountry>
      <ManufacturerItemDescription>נודלס אטריות ביצים 300 גר</ManufacturerItemDescription>
      <UnitQty>גרמים</UnitQty>
      <Quantity>300.00</Quantity>
      <UnitOfMeasure>100 גרם</UnitOfMeasure>
      <bIsWeighted>0</bIsWeighted>
      <QtyInPackage>1</QtyInPackage>
      <ItemPrice>13.70</ItemPrice>
      <UnitOfMeasurePrice>4.5667</UnitOfMeasurePrice>
      <AllowDiscount>1</AllowDiscount>
      <ItemStatus>1</ItemStatus>
      <ItemId>2861</ItemId>
    </Item>
    <Item>
      <PriceUpdateDate>2015-06-14 11:54:15</PriceUpdateDate>
      <ItemCode>3161911229199</ItemCode>
      <ItemType>1</ItemType>
      <ItemName>חמאה רכה אלוויר</ItemName>
      <ManufacturerName>אלל אה וויר</ManufacturerName>
      <ManufactureCountry>צרפת</ManufactureCountry>
      <ManufacturerItemDescription>חמאה רכה אלוויר250 גר                  .</ManufacturerItemDescription>
      <UnitQty>גרמים</UnitQty>
      <Quantity>250.00</Quantity>
      <UnitOfMeasure>100 גרם</UnitOfMeasure>
      <bIsWeighted>0</bIsWeighted>
      <QtyInPackage>1</QtyInPackage>
      <ItemPrice>21.30</ItemPrice>
      <UnitOfMeasurePrice>8.5200</UnitOfMeasurePrice>
      <AllowDiscount>1</AllowDiscount>
      <ItemStatus>1</ItemStatus>
      <ItemId>2885</ItemId>
    </Item>
    <Item>
      <PriceUpdateDate>2015-06-14 11:54:16</PriceUpdateDate>
      <ItemCode>3161911366429</ItemCode>
      <ItemType>1</ItemType>
      <ItemName>חמאה רכה מלוחה</ItemName>
      <ManufacturerName>נטו מלינדה סיימן</ManufacturerName>
      <ManufactureCountry>ישראל</ManufactureCountry>
      <ManufacturerItemDescription>חמאה רכה מלוחה250 גר                   .</ManufacturerItemDescription>
      <UnitQty>גרמים</UnitQty>
      <Quantity>250.00</Quantity>
      <UnitOfMeasure>100 גרם</UnitOfMeasure>
      <bIsWeighted>0</bIsWeighted>
      <QtyInPackage>1</QtyInPackage>
      <ItemPrice>21.30</ItemPrice>
      <UnitOfMeasurePrice>8.5200</UnitOfMeasurePrice>
      <AllowDiscount>1</AllowDiscount>
      <ItemStatus>1</ItemStatus>
      <ItemId>2887</ItemId>
    </Item>
    <Item>
      <PriceUpdateDate>2015-01-01 00:00:00</PriceUpdateDate>
      <ItemCode>661625951124</ItemCode>
      <ItemType>1</ItemType>
      <ItemName>עוגיות ביס קרם וניל</ItemName>
      <ManufacturerName>אימיסק איטאלאט - מינ</ManufacturerName>
      <ManufactureCountry>לא ידוע</ManufactureCountry>
      <ManufacturerItemDescription>עוגיות מינואט ביס עם קרם וניל</ManufacturerItemDescription>
      <UnitQty>גרמים</UnitQty>
      <Quantity>95.00</Quantity>
      <UnitOfMeasure>100 גרם</UnitOfMeasure>
      <bIsWeighted>0</bIsWeighted>
      <QtyInPackage>1</QtyInPackage>
      <ItemPrice>2.90</ItemPrice>
      <UnitOfMeasurePrice>3.0526</UnitOfMeasurePrice>
      <AllowDiscount>1</AllowDiscount>
      <ItemStatus>1</ItemStatus>
      <ItemId>99374</ItemId>
    </Item>
    <Item>
      <PriceUpdateDate>2015-05-31 08:23:27</PriceUpdateDate>
      <ItemCode>7290003185719</ItemCode>
      <ItemType>1</ItemType>
      <ItemName>קבב רומני</ItemName>
      <ManufacturerName>טיבון ויל</ManufacturerName>
      <ManufactureCountry>ישראל</ManufactureCountry>
      <ManufacturerItemDescription>קבב רומני 500 גר</ManufacturerItemDescription>
      <UnitQty>גרמים</UnitQty>
      <Quantity>500.00</Quantity>
      <UnitOfMeasure>100 גרם</UnitOfMeasure>
      <bIsWeighted>0</bIsWeighted>
      <QtyInPackage>1</QtyInPackage>
      <ItemPrice>17.90</ItemPrice>
      <UnitOfMeasurePrice>3.5800</UnitOfMeasurePrice>
      <AllowDiscount>1</AllowDiscount>
      <ItemStatus>1</ItemStatus>
      <ItemId>2916</ItemId>
    </Item>
    <Item>
      <PriceUpdateDate>2015-05-31 08:23:27</PriceUpdateDate>
      <ItemCode>7290003185726</ItemCode>
      <ItemType>1</ItemType>
      <ItemName>קבב מזרחי</ItemName>
      <ManufacturerName>נטו מלינדה - בשר</ManufacturerName>
      <ManufactureCountry>ישראל</ManufactureCountry>
      <ManufacturerItemDescription>קבב מזרחי 500 גר</ManufacturerItemDescription>
      <UnitQty>גרמים</UnitQty>
      <Quantity>500.00</Quantity>
      <UnitOfMeasure>100 גרם</UnitOfMeasure>
      <bIsWeighted>0</bIsWeighted>
      <QtyInPackage>1</QtyInPackage>
      <ItemPrice>17.90</ItemPrice>
      <UnitOfMeasurePrice>3.5800</UnitOfMeasurePrice>
      <AllowDiscount>1</AllowDiscount>
      <ItemStatus>1</ItemStatus>
      <ItemId>2917</ItemId>
    </Item>
    <Item>
      <PriceUpdateDate>2015-10-01 06:17:50</PriceUpdateDate>
      <ItemCode>7290003229109</ItemCode>
      <ItemType>1</ItemType>
      <ItemName>פסטרמה בפפריקה</ItemName>
      <ManufacturerName>טירת צבי</ManufacturerName>
      <ManufactureCountry>ישראל</ManufactureCountry>
      <ManufacturerItemDescription>פסטרמה בפפריקה 400 גר                  .</ManufacturerItemDescription>
      <UnitQty>גרמים</UnitQty>
      <Quantity>400.00</Quantity>
      <UnitOfMeasure>100 גרם</UnitOfMeasure>
      <bIsWeighted>0</bIsWeighted>
      <QtyInPackage>1</QtyInPackage>
      <ItemPrice>35.50</ItemPrice>
      <UnitOfMeasurePrice>8.8750</UnitOfMeasurePrice>
      <AllowDiscount>1</AllowDiscount>
      <ItemStatus>1</ItemStatus>
      <ItemId>3006</ItemId>
    </Item>
    <Item>
      <PriceUpdateDate>2015-10-01 06:17:50</PriceUpdateDate>
      <ItemCode>7290003229116</ItemCode>
      <ItemType>1</ItemType>
      <ItemName>פסטרמה בדבש</ItemName>
      <ManufacturerName>טירת צבי</ManufacturerName>
      <ManufactureCountry>ישראל</ManufactureCountry>
      <ManufacturerItemDescription>פסטרמה בדבש 400 גר                     .</ManufacturerItemDescription>
      <UnitQty>גרמים</UnitQty>
      <Quantity>400.00</Quantity>
      <UnitOfMeasure>100 גרם</UnitOfMeasure>
      <bIsWeighted>0</bIsWeighted>
      <QtyInPackage>1</QtyInPackage>
      <ItemPrice>35.50</ItemPrice>
      <UnitOfMeasurePrice>8.8750</UnitOfMeasurePrice>
      <AllowDiscount>1</AllowDiscount>
      <ItemStatus>1</ItemStatus>
      <ItemId>3007</ItemId>
    </Item>
    <Item>
      <PriceUpdateDate>2015-10-01 06:17:50</PriceUpdateDate>
      <ItemCode>7290003229123</ItemCode>
      <ItemType>1</ItemType>
      <ItemName>פסטרמה על גחלים</ItemName>
      <ManufacturerName>טירת צבי</ManufacturerName>
      <ManufactureCountry>ישראל</ManufactureCountry>
      <ManufacturerItemDescription>פסטרמה על גחלים 400 גר                 .</ManufacturerItemDescription>
      <UnitQty>גרמים</UnitQty>
      <Quantity>400.00</Quantity>
      <UnitOfMeasure>100 גרם</UnitOfMeasure>
      <bIsWeighted>0</bIsWeighted>
      <QtyInPackage>1</QtyInPackage>
      <ItemPrice>35.50</ItemPrice>
      <UnitOfMeasurePrice>8.8750</UnitOfMeasurePrice>
      <AllowDiscount>1</AllowDiscount>
      <ItemStatus>1</ItemStatus>
      <ItemId>3008</ItemId>
    </Item>
    <Item>
      <PriceUpdateDate>2015-10-01 06:17:50</PriceUpdateDate>
      <ItemCode>7290003229154</ItemCode>
      <ItemType>1</ItemType>
      <ItemName>סלמי קוניאק מובחר</ItemName>
      <ManufacturerName>טירת צבי</ManufacturerName>
      <ManufactureCountry>ישראל</ManufactureCountry>
      <ManufacturerItemDescription>סלמי קוניאק מובחר 300 גר               .</ManufacturerItemDescription>
      <UnitQty>גרמים</UnitQty>
      <Quantity>300.00</Quantity>
      <UnitOfMeasure>100 גרם</UnitOfMeasure>
      <bIsWeighted>0</bIsWeighted>
      <QtyInPackage>1</QtyInPackage>
      <ItemPrice>33.00</ItemPrice>
      <UnitOfMeasurePrice>11.0000</UnitOfMeasurePrice>
      <AllowDiscount>1</AllowDiscount>
      <ItemStatus>1</ItemStatus>
      <ItemId>3010</ItemId>
    </Item>
    <Item>
      <PriceUpdateDate>2015-10-01 06:17:50</PriceUpdateDate>
      <ItemCode>7290003229192</ItemCode>
      <ItemType>1</ItemType>
      <ItemName>כתף בקר מעושן 400 גר</ItemName>
      <ManufacturerName>טירת צבי</ManufacturerName>
      <ManufactureCountry>ישראל</ManufactureCountry>
      <ManufacturerItemDescription>כתף בקר מעושן 400 גר                   .</ManufacturerItemDescription>
      <UnitQty>גרמים</UnitQty>
      <Quantity>400.00</Quantity>
      <UnitOfMeasure>100 גרם</UnitOfMeasure>
      <bIsWeighted>0</bIsWeighted>
      <QtyInPackage>1</QtyInPackage>
      <ItemPrice>37.50</ItemPrice>
      <UnitOfMeasurePrice>9.3750</UnitOfMeasurePrice>
      <AllowDiscount>1</AllowDiscount>
      <ItemStatus>1</ItemStatus>
      <ItemId>3011</ItemId>
    </Item>
    <Item>
      <PriceUpdateDate>2015-10-01 06:15:13</PriceUpdateDate>
      <ItemCode>7290000327372</ItemCode>
      <ItemType>1</ItemType>
      <ItemName>משקל גאמפ אשכ.דיאט</ItemName>
      <ManufacturerName>טמפו</ManufacturerName>
      <ManufactureCountry>ישראל</ManufactureCountry>
      <ManufacturerItemDescription>משקל גאמפ אשכוליות דיאט1.5 ל          .</ManufacturerItemDescription>
      <UnitQty>ליטרים</UnitQty>
      <Quantity>1.50</Quantity>
      <UnitOfMeasure>ליטר</UnitOfMeasure>
      <bIsWeighted>0</bIsWeighted>
      <QtyInPackage>1</QtyInPackage>
      <ItemPrice>5.90</ItemPrice>
      <UnitOfMeasurePrice>3.9333</UnitOfMeasurePrice>
      <AllowDiscount>1</AllowDiscount>
      <ItemStatus>1</ItemStatus>
      <ItemId>3075</ItemId>
    </Item>
    <Item>
      <PriceUpdateDate>2015-01-01 00:00:00</PriceUpdateDate>
      <ItemCode>7290000327624</ItemCode>
      <ItemType>1</ItemType>
      <ItemName>סודה 1.5 ליטר</ItemName>
      <ManufacturerName>טמפו</ManufacturerName>
      <ManufactureCountry>ישראל</ManufactureCountry>
      <ManufacturerItemDescription>סודה 1.5 ליטר</ManufacturerItemDescription>
      <UnitQty>ליטרים</UnitQty>
      <Quantity>1.50</Quantity>
      <UnitOfMeasure>ליטר</UnitOfMeasure>
      <bIsWeighted>0</bIsWeighted>
      <QtyInPackage>1</QtyInPackage>
      <ItemPrice>3.90</ItemPrice>
      <UnitOfMeasurePrice>2.6000</UnitOfMeasurePrice>
      <AllowDiscount>1</AllowDiscount>
      <ItemStatus>1</ItemStatus>
      <ItemId>3078</ItemId>
    </Item>
    <Item>
      <PriceUpdateDate>2016-05-16 09:25:28</PriceUpdateDate>
      <ItemCode>7290003318100</ItemCode>
      <ItemType>1</ItemType>
      <ItemName>ופל מנעמים שוקולד</ItemName>
      <ManufacturerName>מנעמים תעשיות מזון ב</ManufacturerName>
      <ManufactureCountry>ישראל</ManufactureCountry>
      <ManufacturerItemDescription>ופל מנעמים שוקולד 200 גר               .</ManufacturerItemDescription>
      <UnitQty>גרמים</UnitQty>
      <Quantity>200.00</Quantity>
      <UnitOfMeasure>100 גרם</UnitOfMeasure>
      <bIsWeighted>0</bIsWeighted>
      <QtyInPackage>1</QtyInPackage>
      <ItemPrice>3.60</ItemPrice>
      <UnitOfMeasurePrice>1.8000</UnitOfMeasurePrice>
      <AllowDiscount>1</AllowDiscount>
      <ItemStatus>1</ItemStatus>
      <ItemId>3103</ItemId>
    </Item>
    <Item>
      <PriceUpdateDate>2015-08-12 06:10:41</PriceUpdateDate>
      <ItemCode>7290003321155</ItemCode>
      <ItemType>1</ItemType>
      <ItemName>דנונה+דגנים+פקאן1.5%</ItemName>
      <ManufacturerName>שטראוס גרופ</ManufacturerName>
      <ManufactureCountry>ישראל</ManufactureCountry>
      <ManufacturerItemDescription>דנונהדגנים פקאןסיני+שוקולד          1.5%</ManufacturerItemDescription>
      <UnitQty>גרמים</UnitQty>
      <Quantity>175.00</Quantity>
      <UnitOfMeasure>100 גרם</UnitOfMeasure>
      <bIsWeighted>0</bIsWeighted>
      <QtyInPackage>1</QtyInPackage>
      <ItemPrice>4.80</ItemPrice>
      <UnitOfMeasurePrice>2.7429</UnitOfMeasurePrice>
      <AllowDiscount>1</AllowDiscount>
      <ItemStatus>1</ItemStatus>
      <ItemId>3115</ItemId>
    </Item>
    <Item>
      <PriceUpdateDate>2016-07-20 07:59:38</PriceUpdateDate>
      <ItemCode>7290003387205</ItemCode>
      <ItemType>1</ItemType>
      <ItemName>ספיד סטיק דאו.לגבר</ItemName>
      <ManufacturerName>COLGATE ($) -PALMOLI</ManufacturerName>
      <ManufactureCountry>ארצות הברית</ManufactureCountry>
      <ManufacturerItemDescription>ספיד סטיק דאו.ירוק 63.7 גרם</ManufacturerItemDescription>
      <UnitQty>גרמים</UnitQty>
      <Quantity>70.00</Quantity>
      <UnitOfMeasure>100 גרם</UnitOfMeasure>
      <bIsWeighted>0</bIsWeighted>
      <QtyInPackage>1</QtyInPackage>
      <ItemPrice>24.90</ItemPrice>
      <UnitOfMeasurePrice>35.5714</UnitOfMeasurePrice>
      <AllowDiscount>1</AllowDiscount>
      <ItemStatus>1</ItemStatus>
      <ItemId>3171</ItemId>
    </Item>
    <Item>
      <PriceUpdateDate>2015-10-01 06:14:32</PriceUpdateDate>
      <ItemCode>7290003401420</ItemCode>
      <ItemType>1</ItemType>
      <ItemName>קרם לחות לשיער סיליק</ItemName>
      <ManufacturerName>אמיליה קוסמטיקס</ManufacturerName>
      <ManufactureCountry>ישראל</ManufactureCountry>
      <ManufacturerItemDescription>קרם לחות לשיער סיליקון 400 מל</ManufacturerItemDescription>
      <UnitQty>מיליליטרים</UnitQty>
      <Quantity>400.00</Quantity>
      <UnitOfMeasure>100 מ"ל</UnitOfMeasure>
      <bIsWeighted>0</bIsWeighted>
      <QtyInPackage>1</QtyInPackage>
      <ItemPrice>21.70</ItemPrice>
      <UnitOfMeasurePrice>5.4250</UnitOfMeasurePrice>
      <AllowDiscount>1</AllowDiscount>
      <ItemStatus>1</ItemStatus>
      <ItemId>3188</ItemId>
    </Item>
    <Item>
      <PriceUpdateDate>2015-10-01 06:15:17</PriceUpdateDate>
      <ItemCode>7290000034256</ItemCode>
      <ItemType>1</ItemType>
      <ItemName>עוגיות תירוש</ItemName>
      <ManufacturerName>אפיפית</ManufacturerName>
      <ManufactureCountry>ישראל</ManufactureCountry>
      <ManufacturerItemDescription>עוגיות תירוש175 גר                     .</ManufacturerItemDescription>
      <UnitQty>גרמים</UnitQty>
      <Quantity>175.00</Quantity>
      <UnitOfMeasure>100 גרם</UnitOfMeasure>
      <bIsWeighted>0</bIsWeighted>
      <QtyInPackage>1</QtyInPackage>
      <ItemPrice>8.60</ItemPrice>
      <UnitOfMeasurePrice>4.9143</UnitOfMeasurePrice>
      <AllowDiscount>1</AllowDiscount>
      <ItemStatus>1</ItemStatus>
      <ItemId>3213</ItemId>
    </Item>
    <Item>
      <PriceUpdateDate>2015-11-02 13:27:53</PriceUpdateDate>
      <ItemCode>7290003450022</ItemCode>
      <ItemType>1</ItemType>
      <ItemName>מיונז מיולייט היינץ</ItemName>
      <ManufacturerName>היינץ מנופקצ'רינג ספ</ManufacturerName>
      <ManufactureCountry>ספרד</ManufactureCountry>
      <ManufacturerItemDescription>מיונז מיולייט היינץ 430 גר</ManufacturerItemDescription>
      <UnitQty>גרמים</UnitQty>
      <Quantity>430.00</Quantity>
      <UnitOfMeasure>100 גרם</UnitOfMeasure>
      <bIsWeighted>0</bIsWeighted>
      <QtyInPackage>1</QtyInPackage>
      <ItemPrice>12.90</ItemPrice>
      <UnitOfMeasurePrice>3.0000</UnitOfMeasurePrice>
      <AllowDiscount>1</AllowDiscount>
      <ItemStatus>1</ItemStatus>
      <ItemId>3238</ItemId>
    </Item>
    <Item>
      <PriceUpdateDate>2015-11-02 13:27:53</PriceUpdateDate>
      <ItemCode>7290003450091</ItemCode>
      <ItemType>1</ItemType>
      <ItemName>מיונז אמיתי היינץ 43</ItemName>
      <ManufacturerName>היינץ מנופקצ'רינג ספ</ManufacturerName>
      <ManufactureCountry>לא ידוע</ManufactureCountry>
      <ManufacturerItemDescription>מיונז אמיתי היינץ430 גר</ManufacturerItemDescription>
      <UnitQty>גרמים</UnitQty>
      <Quantity>430.00</Quantity>
      <UnitOfMeasure>100 גרם</UnitOfMeasure>
      <bIsWeighted>0</bIsWeighted>
      <QtyInPackage>1</QtyInPackage>
      <ItemPrice>12.90</ItemPrice>
      <UnitOfMeasurePrice>3.0000</UnitOfMeasurePrice>
      <AllowDiscount>1</AllowDiscount>
      <ItemStatus>1</ItemStatus>
      <ItemId>3239</ItemId>
    </Item>
    <Item>
      <PriceUpdateDate>2015-10-01 06:17:38</PriceUpdateDate>
      <ItemCode>7290003450602</ItemCode>
      <ItemType>1</ItemType>
      <ItemName>חרדל היינץ</ItemName>
      <ManufacturerName>היינץ צפון אמריקה מק</ManufacturerName>
      <ManufactureCountry>ארצות הברית</ManufactureCountry>
      <ManufacturerItemDescription>חרדל היינץ לחיץ 255 גרם                .</ManufacturerItemDescription>
      <UnitQty>גרמים</UnitQty>
      <Quantity>255.00</Quantity>
      <UnitOfMeasure>100 גרם</UnitOfMeasure>
      <bIsWeighted>0</bIsWeighted>
      <QtyInPackage>1</QtyInPackage>
      <ItemPrice>8.80</ItemPrice>
      <UnitOfMeasurePrice>3.4510</UnitOfMeasurePrice>
      <AllowDiscount>1</AllowDiscount>
      <ItemStatus>1</ItemStatus>
      <ItemId>3245</ItemId>
    </Item>
    <Item>
      <PriceUpdateDate>2015-10-01 06:13:48</PriceUpdateDate>
      <ItemCode>7290000345215</ItemCode>
      <ItemType>1</ItemType>
      <ItemName>תה קלאסיק1/100 גרם</ItemName>
      <ManufacturerName>ויסוצקי</ManufacturerName>
      <ManufactureCountry>לא ידוע</ManufactureCountry>
      <ManufacturerItemDescription>תה קלאסיק 1/100 גרם כחול</ManufacturerItemDescription>
      <UnitQty>גרמים</UnitQty>
      <Quantity>100.00</Quantity>
      <UnitOfMeasure>100 גרם</UnitOfMeasure>
      <bIsWeighted>0</bIsWeighted>
      <QtyInPackage>1</QtyInPackage>
      <ItemPrice>19.70</ItemPrice>
      <UnitOfMeasurePrice>19.7000</UnitOfMeasurePrice>
      <AllowDiscount>1</AllowDiscount>
      <ItemStatus>1</ItemStatus>
      <ItemId>3260</ItemId>
    </Item>
    <Item>
      <PriceUpdateDate>2015-01-01 00:00:00</PriceUpdateDate>
      <ItemCode>661625951131</ItemCode>
      <ItemType>1</ItemType>
      <ItemName>עוגיות ביס קרם תות</ItemName>
      <ManufacturerName>אימיסק איטאלאט - מינ</ManufacturerName>
      <ManufactureCountry>לא ידוע</ManufactureCountry>
      <ManufacturerItemDescription>עוגיות מינואט ביס עם קרם תות</ManufacturerItemDescription>
      <UnitQty>גרמים</UnitQty>
      <Quantity>95.00</Quantity>
      <UnitOfMeasure>100 גרם</UnitOfMeasure>
      <bIsWeighted>0</bIsWeighted>
      <QtyInPackage>1</QtyInPackage>
      <ItemPrice>2.90</ItemPrice>
      <UnitOfMeasurePrice>3.0526</UnitOfMeasurePrice>
      <AllowDiscount>1</AllowDiscount>
      <ItemStatus>1</ItemStatus>
      <ItemId>99375</ItemId>
    </Item>
    <Item>
      <PriceUpdateDate>2015-07-24 06:45:10</PriceUpdateDate>
      <ItemCode>7290000345284</ItemCode>
      <ItemType>1</ItemType>
      <ItemName>תה קלאסיק   1.5/100</ItemName>
      <ManufacturerName>ויסוצקי</ManufacturerName>
      <ManufactureCountry>ישראל</ManufactureCountry>
      <ManufacturerItemDescription>תה קלאסיק 1.5/100 ירוק</ManufacturerItemDescription>
      <UnitQty>גרמים</UnitQty>
      <Quantity>150.00</Quantity>
      <UnitOfMeasure>100 גרם</UnitOfMeasure>
      <bIsWeighted>0</bIsWeighted>
      <QtyInPackage>1</QtyInPackage>
      <ItemPrice>19.30</ItemPrice>
      <UnitOfMeasurePrice>12.8667</UnitOfMeasurePrice>
      <AllowDiscount>1</AllowDiscount>
      <ItemStatus>1</ItemStatus>
      <ItemId>3263</ItemId>
    </Item>
    <Item>
      <PriceUpdateDate>2015-10-01 06:13:48</PriceUpdateDate>
      <ItemCode>7290000345291</ItemCode>
      <ItemType>1</ItemType>
      <ItemName>תה ארל גרי   25/1.5</ItemName>
      <ManufacturerName>ויסוצקי</ManufacturerName>
      <ManufactureCountry>ישראל</ManufactureCountry>
      <ManufacturerItemDescription>תה ארלגריי שקיות1.5/25  גר             .</ManufacturerItemDescription>
      <UnitQty>גרמים</UnitQty>
      <Quantity>37.00</Quantity>
      <UnitOfMeasure>100 גרם</UnitOfMeasure>
      <bIsWeighted>0</bIsWeighted>
      <QtyInPackage>1</QtyInPackage>
      <ItemPrice>17.70</ItemPrice>
      <UnitOfMeasurePrice>47.8378</UnitOfMeasurePrice>
      <AllowDiscount>1</AllowDiscount>
      <ItemStatus>1</ItemStatus>
      <ItemId>3264</ItemId>
    </Item>
    <Item>
      <PriceUpdateDate>2015-10-01 06:13:48</PriceUpdateDate>
      <ItemCode>7290000345536</ItemCode>
      <ItemType>1</ItemType>
      <ItemName>תה נענע ויסוצקי  25</ItemName>
      <ManufacturerName>ויסוצקי</ManufacturerName>
      <ManufactureCountry>לא ידוע</ManufactureCountry>
      <ManufacturerItemDescription>תה+נענע ויסוצקי1.5/25 גר               .</ManufacturerItemDescription>
      <UnitQty>גרמים</UnitQty>
      <Quantity>37.00</Quantity>
      <UnitOfMeasure>100 גרם</UnitOfMeasure>
      <bIsWeighted>0</bIsWeighted>
      <QtyInPackage>1</QtyInPackage>
      <ItemPrice>18.70</ItemPrice>
      <UnitOfMeasurePrice>50.5405</UnitOfMeasurePrice>
      <AllowDiscount>1</AllowDiscount>
      <ItemStatus>1</ItemStatus>
      <ItemId>3268</ItemId>
    </Item>
    <Item>
      <PriceUpdateDate>2015-01-01 00:00:00</PriceUpdateDate>
      <ItemCode>42070047</ItemCode>
      <ItemType>1</ItemType>
      <ItemName>א. מיני אוכמניות ומנ</ItemName>
      <ManufacturerName>ריגלי</ManufacturerName>
      <ManufactureCountry>פולין</ManufactureCountry>
      <ManufacturerItemDescription>א. מיני אוכמניות ומנטה</ManufacturerItemDescription>
      <UnitQty>Unknown </UnitQty>
      <Quantity>0.00</Quantity>
      <UnitOfMeasure>Unknown </UnitOfMeasure>
      <bIsWeighted>0</bIsWeighted>
      <QtyInPackage>1</QtyInPackage>
      <ItemPrice>2.30</ItemPrice>
      <UnitOfMeasurePrice>0.0000</UnitOfMeasurePrice>
      <AllowDiscount>1</AllowDiscount>
      <ItemStatus>1</ItemStatus>
      <ItemId>95865</ItemId>
    </Item>
    <Item>
      <PriceUpdateDate>2015-10-01 06:15:10</PriceUpdateDate>
      <ItemCode>7290003457861</ItemCode>
      <ItemType>1</ItemType>
      <ItemName>שלגון סולרו טרופי</ItemName>
      <ManufacturerName>שטראוס גלידות</ManufacturerName>
      <ManufactureCountry>ישראל</ManufactureCountry>
      <ManufacturerItemDescription>שלגון סולרו פירות טרופיים</ManufacturerItemDescription>
      <UnitQty>גרמים</UnitQty>
      <Quantity>85.00</Quantity>
      <UnitOfMeasure>100 גרם</UnitOfMeasure>
      <bIsWeighted>0</bIsWeighted>
      <QtyInPackage>1</QtyInPackage>
      <ItemPrice>9.80</ItemPrice>
      <UnitOfMeasurePrice>11.5294</UnitOfMeasurePrice>
      <AllowDiscount>1</AllowDiscount>
      <ItemStatus>1</ItemStatus>
      <ItemId>3283</ItemId>
    </Item>
    <Item>
      <PriceUpdateDate>2015-10-01 06:15:10</PriceUpdateDate>
      <ItemCode>7290003457892</ItemCode>
      <ItemType>1</ItemType>
      <ItemName>טילון קורנטו וניל קל</ItemName>
      <ManufacturerName>שטראוס גלידות</ManufacturerName>
      <ManufactureCountry>ישראל</ManufactureCountry>
      <ManufacturerItemDescription>טילון קורנטו וניל קלאסיק 2014</ManufacturerItemDescription>
      <UnitQty>גרמים</UnitQty>
      <Quantity>70.00</Quantity>
      <UnitOfMeasure>100 גרם</UnitOfMeasure>
      <bIsWeighted>0</bIsWeighted>
      <QtyInPackage>1</QtyInPackage>
      <ItemPrice>6.80</ItemPrice>
      <UnitOfMeasurePrice>9.7143</UnitOfMeasurePrice>
      <AllowDiscount>1</AllowDiscount>
      <ItemStatus>1</ItemStatus>
      <ItemId>3284</ItemId>
    </Item>
    <Item>
      <PriceUpdateDate>2015-10-01 06:15:10</PriceUpdateDate>
      <ItemCode>7290003457953</ItemCode>
      <ItemType>1</ItemType>
      <ItemName>שלגון מגנום שוק.לבן</ItemName>
      <ManufacturerName>שטראוס גלידות</ManufacturerName>
      <ManufactureCountry>ישראל</ManufactureCountry>
      <ManufacturerItemDescription>שלגון מגנום שוקולד לבן</ManufacturerItemDescription>
      <UnitQty>גרמים</UnitQty>
      <Quantity>95.00</Quantity>
      <UnitOfMeasure>100 גרם</UnitOfMeasure>
      <bIsWeighted>0</bIsWeighted>
      <QtyInPackage>1</QtyInPackage>
      <ItemPrice>11.80</ItemPrice>
      <UnitOfMeasurePrice>12.4211</UnitOfMeasurePrice>
      <AllowDiscount>1</AllowDiscount>
      <ItemStatus>1</ItemStatus>
      <ItemId>3285</ItemId>
    </Item>
    <Item>
      <PriceUpdateDate>2015-10-01 06:15:10</PriceUpdateDate>
      <ItemCode>7290003457991</ItemCode>
      <ItemType>1</ItemType>
      <ItemName>טילון קורנטו קלאסיקו</ItemName>
      <ManufacturerName>שטראוס גלידות</ManufacturerName>
      <ManufactureCountry>לא ידוע</ManufactureCountry>
      <ManufacturerItemDescription>טילון קורנטו קלאסיקו משפחתי          1/6</ManufacturerItemDescription>
      <UnitQty>גרמים</UnitQty>
      <Quantity>418.00</Quantity>
      <UnitOfMeasure>100 גרם</UnitOfMeasure>
      <bIsWeighted>0</bIsWeighted>
      <QtyInPackage>1</QtyInPackage>
      <ItemPrice>39.50</ItemPrice>
      <UnitOfMeasurePrice>9.4498</UnitOfMeasurePrice>
      <AllowDiscount>1</AllowDiscount>
      <ItemStatus>1</ItemStatus>
      <ItemId>3286</ItemId>
    </Item>
    <Item>
      <PriceUpdateDate>2015-07-24 06:45:10</PriceUpdateDate>
      <ItemCode>7290000346120</ItemCode>
      <ItemType>1</ItemType>
      <ItemName>חליטת תה צמחים קינמו</ItemName>
      <ManufacturerName>ויסוצקי</ManufacturerName>
      <ManufactureCountry>לא ידוע</ManufactureCountry>
      <ManufacturerItemDescription>חליטת צמחים קינמון25 שק</ManufacturerItemDescription>
      <UnitQty>גרמים</UnitQty>
      <Quantity>62.00</Quantity>
      <UnitOfMeasure>100 גרם</UnitOfMeasure>
      <bIsWeighted>0</bIsWeighted>
      <QtyInPackage>1</QtyInPackage>
      <ItemPrice>18.90</ItemPrice>
      <UnitOfMeasurePrice>30.4839</UnitOfMeasurePrice>
      <AllowDiscount>1</AllowDiscount>
      <ItemStatus>1</ItemStatus>
      <ItemId>3287</ItemId>
    </Item>
    <Item>
      <PriceUpdateDate>2015-07-24 06:45:10</PriceUpdateDate>
      <ItemCode>7290000346137</ItemCode>
      <ItemType>1</ItemType>
      <ItemName>חליטת תה צמחים הילול</ItemName>
      <ManufacturerName>ויסוצקי</ManufacturerName>
      <ManufactureCountry>לא ידוע</ManufactureCountry>
      <ManufacturerItemDescription>חליטת צמחים הילולי פירות 25 שק</ManufacturerItemDescription>
      <UnitQty>גרמים</UnitQty>
      <Quantity>62.00</Quantity>
      <UnitOfMeasure>100 גרם</UnitOfMeasure>
      <bIsWeighted>0</bIsWeighted>
      <QtyInPackage>1</QtyInPackage>
      <ItemPrice>18.90</ItemPrice>
      <UnitOfMeasurePrice>30.4839</UnitOfMeasurePrice>
      <AllowDiscount>1</AllowDiscount>
      <ItemStatus>1</ItemStatus>
      <ItemId>3288</ItemId>
    </Item>
    <Item>
      <PriceUpdateDate>2015-10-01 06:13:49</PriceUpdateDate>
      <ItemCode>7290000346144</ItemCode>
      <ItemType>1</ItemType>
      <ItemName>חליטת עינוגי התפוח</ItemName>
      <ManufacturerName>ויסוצקי</ManufacturerName>
      <ManufactureCountry>ישראל</ManufactureCountry>
      <ManufacturerItemDescription>חליטה הגןהקסום ענוגי התפוח</ManufacturerItemDescription>
      <UnitQty>גרמים</UnitQty>
      <Quantity>67.00</Quantity>
      <UnitOfMeasure>100 גרם</UnitOfMeasure>
      <bIsWeighted>0</bIsWeighted>
      <QtyInPackage>1</QtyInPackage>
      <ItemPrice>18.70</ItemPrice>
      <UnitOfMeasurePrice>27.9104</UnitOfMeasurePrice>
      <AllowDiscount>1</AllowDiscount>
      <ItemStatus>1</ItemStatus>
      <ItemId>3289</ItemId>
    </Item>
    <Item>
      <PriceUpdateDate>2015-10-01 06:13:49</PriceUpdateDate>
      <ItemCode>7290000346199</ItemCode>
      <ItemType>1</ItemType>
      <ItemName>חליטת תה צמחים פירות</ItemName>
      <ManufacturerName>ויסוצקי</ManufacturerName>
      <ManufactureCountry>לא ידוע</ManufactureCountry>
      <ManufacturerItemDescription>חליטת הגן הקסום פירות יער          1/25</ManufacturerItemDescription>
      <UnitQty>גרמים</UnitQty>
      <Quantity>67.00</Quantity>
      <UnitOfMeasure>100 גרם</UnitOfMeasure>
      <bIsWeighted>0</bIsWeighted>
      <QtyInPackage>1</QtyInPackage>
      <ItemPrice>18.70</ItemPrice>
      <UnitOfMeasurePrice>27.9104</UnitOfMeasurePrice>
      <AllowDiscount>1</AllowDiscount>
      <ItemStatus>1</ItemStatus>
      <ItemId>3291</ItemId>
    </Item>
    <Item>
      <PriceUpdateDate>2015-07-24 06:45:10</PriceUpdateDate>
      <ItemCode>7290000346205</ItemCode>
      <ItemType>1</ItemType>
      <ItemName>חליטת תה צמחים קמומי</ItemName>
      <ManufacturerName>ויסוצקי</ManufacturerName>
      <ManufactureCountry>לא ידוע</ManufactureCountry>
      <ManufacturerItemDescription>חליטה הגןהקסום קמומיל25 שק</ManufacturerItemDescription>
      <UnitQty>גרמים</UnitQty>
      <Quantity>37.00</Quantity>
      <UnitOfMeasure>100 גרם</UnitOfMeasure>
      <bIsWeighted>0</bIsWeighted>
      <QtyInPackage>1</QtyInPackage>
      <ItemPrice>18.90</ItemPrice>
      <UnitOfMeasurePrice>51.0811</UnitOfMeasurePrice>
      <AllowDiscount>1</AllowDiscount>
      <ItemStatus>1</ItemStatus>
      <ItemId>3292</ItemId>
    </Item>
    <Item>
      <PriceUpdateDate>2015-10-01 06:13:49</PriceUpdateDate>
      <ItemCode>7290000346212</ItemCode>
      <ItemType>1</ItemType>
      <ItemName>חליטת צמחים מנטה</ItemName>
      <ManufacturerName>ויסוצקי</ManufacturerName>
      <ManufactureCountry>ישראל</ManufactureCountry>
      <ManufacturerItemDescription>חליטה הגן הקסום מנטה25 שק</ManufacturerItemDescription>
      <UnitQty>גרמים</UnitQty>
      <Quantity>50.00</Quantity>
      <UnitOfMeasure>100 גרם</UnitOfMeasure>
      <bIsWeighted>0</bIsWeighted>
      <QtyInPackage>1</QtyInPackage>
      <ItemPrice>18.70</ItemPrice>
      <UnitOfMeasurePrice>37.4000</UnitOfMeasurePrice>
      <AllowDiscount>1</AllowDiscount>
      <ItemStatus>1</ItemStatus>
      <ItemId>3293</ItemId>
    </Item>
    <Item>
      <PriceUpdateDate>2015-07-24 06:45:10</PriceUpdateDate>
      <ItemCode>7290000347738</ItemCode>
      <ItemType>1</ItemType>
      <ItemName>תה ירוק נענע   1/25</ItemName>
      <ManufacturerName>ויסוצקי</ManufacturerName>
      <ManufactureCountry>ישראל</ManufactureCountry>
      <ManufacturerItemDescription>תה ירוק נענע                       1/25</ManufacturerItemDescription>
      <UnitQty>גרמים</UnitQty>
      <Quantity>37.00</Quantity>
      <UnitOfMeasure>100 גרם</UnitOfMeasure>
      <bIsWeighted>0</bIsWeighted>
      <QtyInPackage>1</QtyInPackage>
      <ItemPrice>26.90</ItemPrice>
      <UnitOfMeasurePrice>72.7027</UnitOfMeasurePrice>
      <AllowDiscount>1</AllowDiscount>
      <ItemStatus>1</ItemStatus>
      <ItemId>3319</ItemId>
    </Item>
    <Item>
      <PriceUpdateDate>2015-07-24 06:45:10</PriceUpdateDate>
      <ItemCode>7290000347752</ItemCode>
      <ItemType>1</ItemType>
      <ItemName>תה ירוק לימונית</ItemName>
      <ManufacturerName>ויסוצקי</ManufacturerName>
      <ManufactureCountry>לא ידוע</ManufactureCountry>
      <ManufacturerItemDescription>תה ירוק לימונית ולואיזה            1/25</ManufacturerItemDescription>
      <UnitQty>גרמים</UnitQty>
      <Quantity>37.00</Quantity>
      <UnitOfMeasure>100 גרם</UnitOfMeasure>
      <bIsWeighted>0</bIsWeighted>
      <QtyInPackage>1</QtyInPackage>
      <ItemPrice>26.90</ItemPrice>
      <UnitOfMeasurePrice>72.7027</UnitOfMeasurePrice>
      <AllowDiscount>1</AllowDiscount>
      <ItemStatus>1</ItemStatus>
      <ItemId>3321</ItemId>
    </Item>
    <Item>
      <PriceUpdateDate>2015-10-02 09:08:56</PriceUpdateDate>
      <ItemCode>7290003335190</ItemCode>
      <ItemType>1</ItemType>
      <ItemName>עלי גפן ממולאים אורז</ItemName>
      <ManufacturerName>אגא הזיר ייסק</ManufacturerName>
      <ManufactureCountry>טורקיה</ManufactureCountry>
      <ManufacturerItemDescription>עלי גפן ממולאים באורז 400 גר</ManufacturerItemDescription>
      <UnitQty>גרמים</UnitQty>
      <Quantity>400.00</Quantity>
      <UnitOfMeasure>100 גרם</UnitOfMeasure>
      <bIsWeighted>0</bIsWeighted>
      <QtyInPackage>1</QtyInPackage>
      <ItemPrice>9.70</ItemPrice>
      <UnitOfMeasurePrice>2.4250</UnitOfMeasurePrice>
      <AllowDiscount>1</AllowDiscount>
      <ItemStatus>1</ItemStatus>
      <ItemId>93540</ItemId>
    </Item>
    <Item>
      <PriceUpdateDate>2015-01-01 00:00:00</PriceUpdateDate>
      <ItemCode>7290003521074</ItemCode>
      <ItemType>1</ItemType>
      <ItemName>סרקל מרכך 1 ל      .</ItemName>
      <ManufacturerName>ד"ר פישר</ManufacturerName>
      <ManufactureCountry>ישראל</ManufactureCountry>
      <ManufacturerItemDescription>סרקל מרכך 1 ל                          .</ManufacturerItemDescription>
      <UnitQty>ליטרים</UnitQty>
      <Quantity>1.00</Quantity>
      <UnitOfMeasure>ליטר</UnitOfMeasure>
      <bIsWeighted>0</bIsWeighted>
      <QtyInPackage>1</QtyInPackage>
      <ItemPrice>29.90</ItemPrice>
      <UnitOfMeasurePrice>29.9000</UnitOfMeasurePrice>
      <AllowDiscount>1</AllowDiscount>
      <ItemStatus>1</ItemStatus>
      <ItemId>3336</ItemId>
    </Item>
    <Item>
      <PriceUpdateDate>2015-01-01 00:00:00</PriceUpdateDate>
      <ItemCode>7290003521081</ItemCode>
      <ItemType>1</ItemType>
      <ItemName>סרקל שמפו 1 ל      .</ItemName>
      <ManufacturerName>ד"ר פישר</ManufacturerName>
      <ManufactureCountry>ישראל</ManufactureCountry>
      <ManufacturerItemDescription>סרקל שמפו 1 ל                          .</ManufacturerItemDescription>
      <UnitQty>ליטרים</UnitQty>
      <Quantity>1.00</Quantity>
      <UnitOfMeasure>ליטר</UnitOfMeasure>
      <bIsWeighted>0</bIsWeighted>
      <QtyInPackage>1</QtyInPackage>
      <ItemPrice>29.90</ItemPrice>
      <UnitOfMeasurePrice>29.9000</UnitOfMeasurePrice>
      <AllowDiscount>1</AllowDiscount>
      <ItemStatus>1</ItemStatus>
      <ItemId>3337</ItemId>
    </Item>
    <Item>
      <PriceUpdateDate>2015-10-01 06:15:00</PriceUpdateDate>
      <ItemCode>3574660095203</ItemCode>
      <ItemType>1</ItemType>
      <ItemName>קרפרי שטיפה אינטימית</ItemName>
      <ManufacturerName>CILAG GMBH INTERNATI</ManufacturerName>
      <ManufactureCountry>יוון</ManufactureCountry>
      <ManufacturerItemDescription>קרפרי שטיפה אינטימית 200  מל           .</ManufacturerItemDescription>
      <UnitQty>מיליליטרים</UnitQty>
      <Quantity>200.00</Quantity>
      <UnitOfMeasure>100 מ"ל</UnitOfMeasure>
      <bIsWeighted>0</bIsWeighted>
      <QtyInPackage>1</QtyInPackage>
      <ItemPrice>17.70</ItemPrice>
      <UnitOfMeasurePrice>8.8500</UnitOfMeasurePrice>
      <AllowDiscount>1</AllowDiscount>
      <ItemStatus>1</ItemStatus>
      <ItemId>3393</ItemId>
    </Item>
    <Item>
      <PriceUpdateDate>2015-01-01 00:00:00</PriceUpdateDate>
      <ItemCode>661625951148</ItemCode>
      <ItemType>1</ItemType>
      <ItemName>עוגיות ביס קרם לימון</ItemName>
      <ManufacturerName>אימיסק איטאלאט - מינ</ManufacturerName>
      <ManufactureCountry>טורקיה</ManufactureCountry>
      <ManufacturerItemDescription>עוגיות מינואט ביס עם קרם לימון</ManufacturerItemDescription>
      <UnitQty>גרמים</UnitQty>
      <Quantity>95.00</Quantity>
      <UnitOfMeasure>100 גרם</UnitOfMeasure>
      <bIsWeighted>0</bIsWeighted>
      <QtyInPackage>1</QtyInPackage>
      <ItemPrice>2.90</ItemPrice>
      <UnitOfMeasurePrice>3.0526</UnitOfMeasurePrice>
      <AllowDiscount>1</AllowDiscount>
      <ItemStatus>1</ItemStatus>
      <ItemId>99376</ItemId>
    </Item>
    <Item>
      <PriceUpdateDate>2015-08-02 08:18:20</PriceUpdateDate>
      <ItemCode>7290003423909</ItemCode>
      <ItemType>1</ItemType>
      <ItemName>קוקיז אנד קרים</ItemName>
      <ManufacturerName>הרשי</ManufacturerName>
      <ManufactureCountry>לא ידוע</ManufactureCountry>
      <ManufacturerItemDescription>קוקיז אנד קרים 43 גרם</ManufacturerItemDescription>
      <UnitQty>גרמים</UnitQty>
      <Quantity>43.00</Quantity>
      <UnitOfMeasure>100 גרם</UnitOfMeasure>
      <bIsWeighted>0</bIsWeighted>
      <QtyInPackage>1</QtyInPackage>
      <ItemPrice>5.30</ItemPrice>
      <UnitOfMeasurePrice>12.3256</UnitOfMeasurePrice>
      <AllowDiscount>1</AllowDiscount>
      <ItemStatus>1</ItemStatus>
      <ItemId>94531</ItemId>
    </Item>
    <Item>
      <PriceUpdateDate>2015-01-01 00:00:00</PriceUpdateDate>
      <ItemCode>36000183399</ItemCode>
      <ItemType>1</ItemType>
      <ItemName>ח.האגיס שחיה    M/S</ItemName>
      <ManufacturerName>KC Czech</ManufacturerName>
      <ManufactureCountry>צ'כיה</ManufactureCountry>
      <ManufacturerItemDescription>ח.האגיס שחיה 12 M/S יח</ManufacturerItemDescription>
      <UnitQty>Unknown </UnitQty>
      <Quantity>0.00</Quantity>
      <UnitOfMeasure>Unknown </UnitOfMeasure>
      <bIsWeighted>0</bIsWeighted>
      <QtyInPackage>1</QtyInPackage>
      <ItemPrice>40.90</ItemPrice>
      <UnitOfMeasurePrice>0.0000</UnitOfMeasurePrice>
      <AllowDiscount>1</AllowDiscount>
      <ItemStatus>1</ItemStatus>
      <ItemId>3432</ItemId>
    </Item>
    <Item>
      <PriceUpdateDate>2015-08-03 11:02:14</PriceUpdateDate>
      <ItemCode>7290000363363</ItemCode>
      <ItemType>1</ItemType>
      <ItemName>קבנוס מיוחד</ItemName>
      <ManufacturerName>טירת צבי</ManufacturerName>
      <ManufactureCountry>ישראל</ManufactureCountry>
      <ManufacturerItemDescription>קבנוס מיוחד 160 גר                     "</ManufacturerItemDescription>
      <UnitQty>גרמים</UnitQty>
      <Quantity>160.00</Quantity>
      <UnitOfMeasure>100 גרם</UnitOfMeasure>
      <bIsWeighted>0</bIsWeighted>
      <QtyInPackage>1</QtyInPackage>
      <ItemPrice>18.90</ItemPrice>
      <UnitOfMeasurePrice>11.8125</UnitOfMeasurePrice>
      <AllowDiscount>1</AllowDiscount>
      <ItemStatus>1</ItemStatus>
      <ItemId>3458</ItemId>
    </Item>
    <Item>
      <PriceUpdateDate>2015-07-17 07:33:07</PriceUpdateDate>
      <ItemCode>7290003643004</ItemCode>
      <ItemType>1</ItemType>
      <ItemName>אורז בסמטי קלאסי</ItemName>
      <ManufacturerName>סוגת</ManufacturerName>
      <ManufactureCountry>לא ידוע</ManufactureCountry>
      <ManufacturerItemDescription>אורז בסמטי קלאסי1 קג</ManufacturerItemDescription>
      <UnitQty>קילוגרמים</UnitQty>
      <Quantity>1.00</Quantity>
      <UnitOfMeasure>ק"ג</UnitOfMeasure>
      <bIsWeighted>0</bIsWeighted>
      <QtyInPackage>1</QtyInPackage>
      <ItemPrice>16.90</ItemPrice>
      <UnitOfMeasurePrice>16.9000</UnitOfMeasurePrice>
      <AllowDiscount>1</AllowDiscount>
      <ItemStatus>1</ItemStatus>
      <ItemId>3478</ItemId>
    </Item>
    <Item>
      <PriceUpdateDate>2016-08-02 12:48:56</PriceUpdateDate>
      <ItemCode>7290003643387</ItemCode>
      <ItemType>1</ItemType>
      <ItemName>סוכר בצנצנת</ItemName>
      <ManufacturerName>סוגת</ManufacturerName>
      <ManufactureCountry>לא ידוע</ManufactureCountry>
      <ManufacturerItemDescription>סוכר1 קג בצנצנת פלסטיק</ManufacturerItemDescription>
      <UnitQty>קילוגרמים</UnitQty>
      <Quantity>1.00</Quantity>
      <UnitOfMeasure>ק"ג</UnitOfMeasure>
      <bIsWeighted>0</bIsWeighted>
      <QtyInPackage>1</QtyInPackage>
      <ItemPrice>8.90</ItemPrice>
      <UnitOfMeasurePrice>8.9000</UnitOfMeasurePrice>
      <AllowDiscount>1</AllowDiscount>
      <ItemStatus>1</ItemStatus>
      <ItemId>3482</ItemId>
    </Item>
    <Item>
      <PriceUpdateDate>2015-07-17 07:33:06</PriceUpdateDate>
      <ItemCode>7290003643646</ItemCode>
      <ItemType>1</ItemType>
      <ItemName>סוכר דמררה צנצנת</ItemName>
      <ManufacturerName>סוגת</ManufacturerName>
      <ManufactureCountry>לא ידוע</ManufactureCountry>
      <ManufacturerItemDescription>סוכר דמררה1 קג.צנצנת</ManufacturerItemDescription>
      <UnitQty>קילוגרמים</UnitQty>
      <Quantity>1.00</Quantity>
      <UnitOfMeasure>ק"ג</UnitOfMeasure>
      <bIsWeighted>0</bIsWeighted>
      <QtyInPackage>1</QtyInPackage>
      <ItemPrice>11.90</ItemPrice>
      <UnitOfMeasurePrice>11.9000</UnitOfMeasurePrice>
      <AllowDiscount>1</AllowDiscount>
      <ItemStatus>1</ItemStatus>
      <ItemId>3483</ItemId>
    </Item>
    <Item>
      <PriceUpdateDate>2015-10-01 06:17:50</PriceUpdateDate>
      <ItemCode>7290000364858</ItemCode>
      <ItemType>1</ItemType>
      <ItemName>נקניקיות עוף       .</ItemName>
      <ManufacturerName>טירת צבי</ManufacturerName>
      <ManufactureCountry>ישראל</ManufactureCountry>
      <ManufacturerItemDescription>נקניקיות עוף 1 קג</ManufacturerItemDescription>
      <UnitQty>קילוגרמים</UnitQty>
      <Quantity>1.00</Quantity>
      <UnitOfMeasure>ק"ג</UnitOfMeasure>
      <bIsWeighted>0</bIsWeighted>
      <QtyInPackage>1</QtyInPackage>
      <ItemPrice>32.40</ItemPrice>
      <UnitOfMeasurePrice>32.4000</UnitOfMeasurePrice>
      <AllowDiscount>1</AllowDiscount>
      <ItemStatus>1</ItemStatus>
      <ItemId>3510</ItemId>
    </Item>
    <Item>
      <PriceUpdateDate>2015-10-01 06:17:50</PriceUpdateDate>
      <ItemCode>7290000364872</ItemCode>
      <ItemType>1</ItemType>
      <ItemName>נקניקיות עוף</ItemName>
      <ManufacturerName>טירת צבי</ManufacturerName>
      <ManufactureCountry>ישראל</ManufactureCountry>
      <ManufacturerItemDescription>נקניקיות עוף 400 ג</ManufacturerItemDescription>
      <UnitQty>גרמים</UnitQty>
      <Quantity>400.00</Quantity>
      <UnitOfMeasure>100 גרם</UnitOfMeasure>
      <bIsWeighted>0</bIsWeighted>
      <QtyInPackage>1</QtyInPackage>
      <ItemPrice>16.00</ItemPrice>
      <UnitOfMeasurePrice>4.0000</UnitOfMeasurePrice>
      <AllowDiscount>1</AllowDiscount>
      <ItemStatus>1</ItemStatus>
      <ItemId>3512</ItemId>
    </Item>
    <Item>
      <PriceUpdateDate>2015-01-01 00:00:00</PriceUpdateDate>
      <ItemCode>8692440001086</ItemCode>
      <ItemType>1</ItemType>
      <ItemName>כוס פלסטיק חד פעמי ש</ItemName>
      <ManufacturerName>שניב תעשיות נייר בע"</ManufacturerName>
      <ManufactureCountry>ישראל</ManufactureCountry>
      <ManufacturerItemDescription>כוס פלסטיק חד פעמי שרוול</ManufacturerItemDescription>
      <UnitQty>Unknown </UnitQty>
      <Quantity>0.00</Quantity>
      <UnitOfMeasure>Unknown </UnitOfMeasure>
      <bIsWeighted>0</bIsWeighted>
      <QtyInPackage>1</QtyInPackage>
      <ItemPrice>4.50</ItemPrice>
      <UnitOfMeasurePrice>0.0000</UnitOfMeasurePrice>
      <AllowDiscount>1</AllowDiscount>
      <ItemStatus>1</ItemStatus>
      <ItemId>102473</ItemId>
    </Item>
    <Item>
      <PriceUpdateDate>2015-10-01 06:16:35</PriceUpdateDate>
      <ItemCode>7290011501617</ItemCode>
      <ItemType>1</ItemType>
      <ItemName>חמוציות ברכז תפוחים</ItemName>
      <ManufacturerName>דין שיווק וקליה בע"מ</ManufacturerName>
      <ManufactureCountry>ארצות הברית</ManufactureCountry>
      <ManufacturerItemDescription>חמוציות ברכז תפוחים ללא סוכר</ManufacturerItemDescription>
      <UnitQty>גרמים</UnitQty>
      <Quantity>250.00</Quantity>
      <UnitOfMeasure>100 גרם</UnitOfMeasure>
      <bIsWeighted>0</bIsWeighted>
      <QtyInPackage>1</QtyInPackage>
      <ItemPrice>16.70</ItemPrice>
      <UnitOfMeasurePrice>6.6800</UnitOfMeasurePrice>
      <AllowDiscount>1</AllowDiscount>
      <ItemStatus>1</ItemStatus>
      <ItemId>101835</ItemId>
    </Item>
    <Item>
      <PriceUpdateDate>2015-10-01 06:15:29</PriceUpdateDate>
      <ItemCode>7290003667109</ItemCode>
      <ItemType>1</ItemType>
      <ItemName>פאנטה אורנג 1.5 ליטר</ItemName>
      <ManufacturerName>החברה המרכזית למשקאו</ManufacturerName>
      <ManufactureCountry>ישראל</ManufactureCountry>
      <ManufacturerItemDescription>פאנטה אורנג1.5 "ל                      .</ManufacturerItemDescription>
      <UnitQty>ליטרים</UnitQty>
      <Quantity>1.50</Quantity>
      <UnitOfMeasure>ליטר</UnitOfMeasure>
      <bIsWeighted>0</bIsWeighted>
      <QtyInPackage>1</QtyInPackage>
      <ItemPrice>7.30</ItemPrice>
      <UnitOfMeasurePrice>4.8667</UnitOfMeasurePrice>
      <AllowDiscount>1</AllowDiscount>
      <ItemStatus>1</ItemStatus>
      <ItemId>3532</ItemId>
    </Item>
    <Item>
      <PriceUpdateDate>2015-10-01 06:15:29</PriceUpdateDate>
      <ItemCode>7290003667369</ItemCode>
      <ItemType>1</ItemType>
      <ItemName>מיקס תות-בננה חדש בק</ItemName>
      <ManufacturerName>פריגת</ManufacturerName>
      <ManufactureCountry>ישראל</ManufactureCountry>
      <ManufacturerItemDescription>משקל פריגת מיקס תות בננה1.5 ל          .</ManufacturerItemDescription>
      <UnitQty>ליטרים</UnitQty>
      <Quantity>1.50</Quantity>
      <UnitOfMeasure>ליטר</UnitOfMeasure>
      <bIsWeighted>0</bIsWeighted>
      <QtyInPackage>1</QtyInPackage>
      <ItemPrice>6.80</ItemPrice>
      <UnitOfMeasurePrice>4.5333</UnitOfMeasurePrice>
      <AllowDiscount>1</AllowDiscount>
      <ItemStatus>1</ItemStatus>
      <ItemId>3533</ItemId>
    </Item>
    <Item>
      <PriceUpdateDate>2015-10-01 06:17:51</PriceUpdateDate>
      <ItemCode>7290000367590</ItemCode>
      <ItemType>1</ItemType>
      <ItemName>צמד כפרי</ItemName>
      <ManufacturerName>טירת צבי</ManufacturerName>
      <ManufactureCountry>ישראל</ManufactureCountry>
      <ManufacturerItemDescription>צמד כפרי 800 גר</ManufacturerItemDescription>
      <UnitQty>גרמים</UnitQty>
      <Quantity>800.00</Quantity>
      <UnitOfMeasure>100 גרם</UnitOfMeasure>
      <bIsWeighted>0</bIsWeighted>
      <QtyInPackage>1</QtyInPackage>
      <ItemPrice>36.50</ItemPrice>
      <UnitOfMeasurePrice>4.5625</UnitOfMeasurePrice>
      <AllowDiscount>1</AllowDiscount>
      <ItemStatus>1</ItemStatus>
      <ItemId>3537</ItemId>
    </Item>
    <Item>
      <PriceUpdateDate>2016-05-20 08:23:48</PriceUpdateDate>
      <ItemCode>7290000379104</ItemCode>
      <ItemType>1</ItemType>
      <ItemName>לחם אחיד פרוס</ItemName>
      <ManufacturerName>מאפיית אנג'ל</ManufacturerName>
      <ManufactureCountry>ישראל</ManufactureCountry>
      <ManufacturerItemDescription>לחם אחיד פרוס750 גרם</ManufacturerItemDescription>
      <UnitQty>גרמים</UnitQty>
      <Quantity>750.00</Quantity>
      <UnitOfMeasure>100 גרם</UnitOfMeasure>
      <bIsWeighted>0</bIsWeighted>
      <QtyInPackage>1</QtyInPackage>
      <ItemPrice>6.70</ItemPrice>
      <UnitOfMeasurePrice>0.8933</UnitOfMeasurePrice>
      <AllowDiscount>1</AllowDiscount>
      <ItemStatus>1</ItemStatus>
      <ItemId>3608</ItemId>
    </Item>
    <Item>
      <PriceUpdateDate>2015-10-01 06:16:44</PriceUpdateDate>
      <ItemCode>7290000379203</ItemCode>
      <ItemType>1</ItemType>
      <ItemName>לחם עינן קל פרוס</ItemName>
      <ManufacturerName>מאפיית אנג'ל</ManufacturerName>
      <ManufactureCountry>ישראל</ManufactureCountry>
      <ManufacturerItemDescription>לחם עינן קל פרוס 500 גר                .</ManufacturerItemDescription>
      <UnitQty>גרמים</UnitQty>
      <Quantity>500.00</Quantity>
      <UnitOfMeasure>100 גרם</UnitOfMeasure>
      <bIsWeighted>0</bIsWeighted>
      <QtyInPackage>1</QtyInPackage>
      <ItemPrice>15.60</ItemPrice>
      <UnitOfMeasurePrice>3.1200</UnitOfMeasurePrice>
      <AllowDiscount>1</AllowDiscount>
      <ItemStatus>1</ItemStatus>
      <ItemId>3614</ItemId>
    </Item>
    <Item>
      <PriceUpdateDate>2015-01-01 00:00:00</PriceUpdateDate>
      <ItemCode>7290000379432</ItemCode>
      <ItemType>1</ItemType>
      <ItemName>לחמניה</ItemName>
      <ManufacturerName>מאפיית אנג'ל</ManufacturerName>
      <ManufactureCountry>ישראל</ManufactureCountry>
      <ManufacturerItemDescription>לחמניה 75 גרם</ManufacturerItemDescription>
      <UnitQty>גרמים</UnitQty>
      <Quantity>75.00</Quantity>
      <UnitOfMeasure>100 גרם</UnitOfMeasure>
      <bIsWeighted>0</bIsWeighted>
      <QtyInPackage>1</QtyInPackage>
      <ItemPrice>1.60</ItemPrice>
      <UnitOfMeasurePrice>2.1333</UnitOfMeasurePrice>
      <AllowDiscount>1</AllowDiscount>
      <ItemStatus>1</ItemStatus>
      <ItemId>3620</ItemId>
    </Item>
    <Item>
      <PriceUpdateDate>2015-10-01 06:13:34</PriceUpdateDate>
      <ItemCode>7290003804320</ItemCode>
      <ItemType>1</ItemType>
      <ItemName>תיבולית קנור שום</ItemName>
      <ManufacturerName>אתר חיפה אבקות - Foo</ManufacturerName>
      <ManufactureCountry>ישראל</ManufactureCountry>
      <ManufacturerItemDescription>תיבולית קנור שום ופטרוזיליה</ManufacturerItemDescription>
      <UnitQty>גרמים</UnitQty>
      <Quantity>72.00</Quantity>
      <UnitOfMeasure>100 גרם</UnitOfMeasure>
      <bIsWeighted>0</bIsWeighted>
      <QtyInPackage>1</QtyInPackage>
      <ItemPrice>10.30</ItemPrice>
      <UnitOfMeasurePrice>14.3056</UnitOfMeasurePrice>
      <AllowDiscount>1</AllowDiscount>
      <ItemStatus>1</ItemStatus>
      <ItemId>3645</ItemId>
    </Item>
    <Item>
      <PriceUpdateDate>2015-10-01 06:13:34</PriceUpdateDate>
      <ItemCode>7290003804344</ItemCode>
      <ItemType>1</ItemType>
      <ItemName>מרקנור בטעם עוף קופס</ItemName>
      <ManufacturerName>יוניליוור</ManufacturerName>
      <ManufactureCountry>ישראל</ManufactureCountry>
      <ManufacturerItemDescription>מרקנור בטעם עוף קופסא400 גר</ManufacturerItemDescription>
      <UnitQty>גרמים</UnitQty>
      <Quantity>400.00</Quantity>
      <UnitOfMeasure>100 גרם</UnitOfMeasure>
      <bIsWeighted>0</bIsWeighted>
      <QtyInPackage>1</QtyInPackage>
      <ItemPrice>15.80</ItemPrice>
      <UnitOfMeasurePrice>3.9500</UnitOfMeasurePrice>
      <AllowDiscount>1</AllowDiscount>
      <ItemStatus>1</ItemStatus>
      <ItemId>3646</ItemId>
    </Item>
    <Item>
      <PriceUpdateDate>2015-10-01 06:13:35</PriceUpdateDate>
      <ItemCode>7290003804351</ItemCode>
      <ItemType>1</ItemType>
      <ItemName>מרקנור פטריות מוקרם</ItemName>
      <ManufacturerName>אתר חיפה אבקות - Foo</ManufacturerName>
      <ManufactureCountry>ישראל</ManufactureCountry>
      <ManufacturerItemDescription>מרקנור פטריות מוקרם פרווה           400</ManufacturerItemDescription>
      <UnitQty>גרמים</UnitQty>
      <Quantity>400.00</Quantity>
      <UnitOfMeasure>100 גרם</UnitOfMeasure>
      <bIsWeighted>0</bIsWeighted>
      <QtyInPackage>1</QtyInPackage>
      <ItemPrice>27.00</ItemPrice>
      <UnitOfMeasurePrice>6.7500</UnitOfMeasurePrice>
      <AllowDiscount>1</AllowDiscount>
      <ItemStatus>1</ItemStatus>
      <ItemId>3647</ItemId>
    </Item>
    <Item>
      <PriceUpdateDate>2015-10-01 06:13:35</PriceUpdateDate>
      <ItemCode>7290003804368</ItemCode>
      <ItemType>1</ItemType>
      <ItemName>תיבולית ק .בזיליקום</ItemName>
      <ManufacturerName>אתר חיפה אבקות - Foo</ManufacturerName>
      <ManufactureCountry>ישראל</ManufactureCountry>
      <ManufacturerItemDescription>תיבולית קנור בזיליקום</ManufacturerItemDescription>
      <UnitQty>גרמים</UnitQty>
      <Quantity>72.00</Quantity>
      <UnitOfMeasure>100 גרם</UnitOfMeasure>
      <bIsWeighted>0</bIsWeighted>
      <QtyInPackage>1</QtyInPackage>
      <ItemPrice>10.30</ItemPrice>
      <UnitOfMeasurePrice>14.3056</UnitOfMeasurePrice>
      <AllowDiscount>1</AllowDiscount>
      <ItemStatus>1</ItemStatus>
      <ItemId>3648</ItemId>
    </Item>
    <Item>
      <PriceUpdateDate>2015-10-01 06:13:35</PriceUpdateDate>
      <ItemCode>7290003804382</ItemCode>
      <ItemType>1</ItemType>
      <ItemName>תיבולית קנור פטריות</ItemName>
      <ManufacturerName>אתר חיפה אבקות - Foo</ManufacturerName>
      <ManufactureCountry>ישראל</ManufactureCountry>
      <ManufacturerItemDescription>תיבולית קנור פטריות 72 גר              .</ManufacturerItemDescription>
      <UnitQty>גרמים</UnitQty>
      <Quantity>72.00</Quantity>
      <UnitOfMeasure>100 גרם</UnitOfMeasure>
      <bIsWeighted>0</bIsWeighted>
      <QtyInPackage>1</QtyInPackage>
      <ItemPrice>10.30</ItemPrice>
      <UnitOfMeasurePrice>14.3056</UnitOfMeasurePrice>
      <AllowDiscount>1</AllowDiscount>
      <ItemStatus>1</ItemStatus>
      <ItemId>3650</ItemId>
    </Item>
    <Item>
      <PriceUpdateDate>2015-10-01 06:13:35</PriceUpdateDate>
      <ItemCode>7290003805556</ItemCode>
      <ItemType>1</ItemType>
      <ItemName>ברנפלקס בד"ץ</ItemName>
      <ManufacturerName>אתר שפע - Food</ManufacturerName>
      <ManufactureCountry>ישראל</ManufactureCountry>
      <ManufacturerItemDescription>ברנפלקס בדץ 500 גרם</ManufacturerItemDescription>
      <UnitQty>גרמים</UnitQty>
      <Quantity>500.00</Quantity>
      <UnitOfMeasure>100 גרם</UnitOfMeasure>
      <bIsWeighted>0</bIsWeighted>
      <QtyInPackage>1</QtyInPackage>
      <ItemPrice>26.60</ItemPrice>
      <UnitOfMeasurePrice>5.3200</UnitOfMeasurePrice>
      <AllowDiscount>1</AllowDiscount>
      <ItemStatus>1</ItemStatus>
      <ItemId>3670</ItemId>
    </Item>
    <Item>
      <PriceUpdateDate>2015-11-10 08:14:02</PriceUpdateDate>
      <ItemCode>7290003805709</ItemCode>
      <ItemType>1</ItemType>
      <ItemName>כריות נוגט 750 גרם</ItemName>
      <ManufacturerName>אתר שפע - Food</ManufacturerName>
      <ManufactureCountry>לא ידוע</ManufactureCountry>
      <ManufacturerItemDescription>כריות נוגט 750 גרם בדצ</ManufacturerItemDescription>
      <UnitQty>גרמים</UnitQty>
      <Quantity>750.00</Quantity>
      <UnitOfMeasure>100 גרם</UnitOfMeasure>
      <bIsWeighted>0</bIsWeighted>
      <QtyInPackage>1</QtyInPackage>
      <ItemPrice>29.90</ItemPrice>
      <UnitOfMeasurePrice>3.9867</UnitOfMeasurePrice>
      <AllowDiscount>1</AllowDiscount>
      <ItemStatus>1</ItemStatus>
      <ItemId>3673</ItemId>
    </Item>
    <Item>
      <PriceUpdateDate>2015-10-01 06:13:35</PriceUpdateDate>
      <ItemCode>7290003805716</ItemCode>
      <ItemType>1</ItemType>
      <ItemName>מרקנמס בכוס ועוד זך</ItemName>
      <ManufacturerName>אתר חיפה אבקות - Foo</ManufacturerName>
      <ManufactureCountry>ישראל</ManufactureCountry>
      <ManufacturerItemDescription>מרקנמס בכוס ועוד זך 048 גר</ManufacturerItemDescription>
      <UnitQty>גרמים</UnitQty>
      <Quantity>48.00</Quantity>
      <UnitOfMeasure>100 גרם</UnitOfMeasure>
      <bIsWeighted>0</bIsWeighted>
      <QtyInPackage>1</QtyInPackage>
      <ItemPrice>7.50</ItemPrice>
      <UnitOfMeasurePrice>15.6250</UnitOfMeasurePrice>
      <AllowDiscount>1</AllowDiscount>
      <ItemStatus>1</ItemStatus>
      <ItemId>3674</ItemId>
    </Item>
    <Item>
      <PriceUpdateDate>2016-06-05 14:06:42</PriceUpdateDate>
      <ItemCode>7290003821754</ItemCode>
      <ItemType>1</ItemType>
      <ItemName>סלמון מעושן</ItemName>
      <ManufacturerName>ויליגר</ManufacturerName>
      <ManufactureCountry>ישראל</ManufactureCountry>
      <ManufacturerItemDescription>סלמון מעושן 100 גר</ManufacturerItemDescription>
      <UnitQty>גרמים</UnitQty>
      <Quantity>100.00</Quantity>
      <UnitOfMeasure>100 גרם</UnitOfMeasure>
      <bIsWeighted>0</bIsWeighted>
      <QtyInPackage>1</QtyInPackage>
      <ItemPrice>23.70</ItemPrice>
      <UnitOfMeasurePrice>23.7000</UnitOfMeasurePrice>
      <AllowDiscount>1</AllowDiscount>
      <ItemStatus>1</ItemStatus>
      <ItemId>3692</ItemId>
    </Item>
    <Item>
      <PriceUpdateDate>2015-10-01 06:18:00</PriceUpdateDate>
      <ItemCode>7290003864485</ItemCode>
      <ItemType>1</ItemType>
      <ItemName>סרדין ברוטב עגבניות</ItemName>
      <ManufacturerName>צין הואי קו</ManufacturerName>
      <ManufactureCountry>תאילנד</ManufactureCountry>
      <ManufacturerItemDescription>סרדין ברוטב עגבניות 110  גר            .</ManufacturerItemDescription>
      <UnitQty>גרמים</UnitQty>
      <Quantity>110.00</Quantity>
      <UnitOfMeasure>100 גרם</UnitOfMeasure>
      <bIsWeighted>0</bIsWeighted>
      <QtyInPackage>1</QtyInPackage>
      <ItemPrice>6.40</ItemPrice>
      <UnitOfMeasurePrice>5.8182</UnitOfMeasurePrice>
      <AllowDiscount>1</AllowDiscount>
      <ItemStatus>1</ItemStatus>
      <ItemId>3775</ItemId>
    </Item>
    <Item>
      <PriceUpdateDate>2015-10-01 06:13:14</PriceUpdateDate>
      <ItemCode>7290003901197</ItemCode>
      <ItemType>1</ItemType>
      <ItemName>שוקולד חלב+אגוזים</ItemName>
      <ManufacturerName>שטראוס גרופ</ManufacturerName>
      <ManufactureCountry>ישראל</ManufactureCountry>
      <ManufacturerItemDescription>מארז 1/4 שוקולד חלב עם אגוזים</ManufacturerItemDescription>
      <UnitQty>גרמים</UnitQty>
      <Quantity>400.00</Quantity>
      <UnitOfMeasure>100 גרם</UnitOfMeasure>
      <bIsWeighted>0</bIsWeighted>
      <QtyInPackage>1</QtyInPackage>
      <ItemPrice>35.30</ItemPrice>
      <UnitOfMeasurePrice>8.8250</UnitOfMeasurePrice>
      <AllowDiscount>1</AllowDiscount>
      <ItemStatus>1</ItemStatus>
      <ItemId>3811</ItemId>
    </Item>
    <Item>
      <PriceUpdateDate>2015-10-01 06:13:14</PriceUpdateDate>
      <ItemCode>7290003903955</ItemCode>
      <ItemType>1</ItemType>
      <ItemName>שוקולד פרה קרם חלב</ItemName>
      <ManufacturerName>שטראוס גרופ</ManufacturerName>
      <ManufactureCountry>ישראל</ManufactureCountry>
      <ManufacturerItemDescription>שוקולד פרה קרם חלב 100 גר              .</ManufacturerItemDescription>
      <UnitQty>גרמים</UnitQty>
      <Quantity>100.00</Quantity>
      <UnitOfMeasure>100 גרם</UnitOfMeasure>
      <bIsWeighted>0</bIsWeighted>
      <QtyInPackage>1</QtyInPackage>
      <ItemPrice>6.60</ItemPrice>
      <UnitOfMeasurePrice>6.6000</UnitOfMeasurePrice>
      <AllowDiscount>1</AllowDiscount>
      <ItemStatus>1</ItemStatus>
      <ItemId>3823</ItemId>
    </Item>
    <Item>
      <PriceUpdateDate>2015-10-01 06:13:14</PriceUpdateDate>
      <ItemCode>7290003904389</ItemCode>
      <ItemType>1</ItemType>
      <ItemName>שוקולד מריר ללא סוכר</ItemName>
      <ManufacturerName>שטראוס גרופ</ManufacturerName>
      <ManufactureCountry>ישראל</ManufactureCountry>
      <ManufacturerItemDescription>שוקולד פרה מריר ללא סוכר100 גר</ManufacturerItemDescription>
      <UnitQty>גרמים</UnitQty>
      <Quantity>100.00</Quantity>
      <UnitOfMeasure>100 גרם</UnitOfMeasure>
      <bIsWeighted>0</bIsWeighted>
      <QtyInPackage>1</QtyInPackage>
      <ItemPrice>9.80</ItemPrice>
      <UnitOfMeasurePrice>9.8000</UnitOfMeasurePrice>
      <AllowDiscount>1</AllowDiscount>
      <ItemStatus>1</ItemStatus>
      <ItemId>3825</ItemId>
    </Item>
    <Item>
      <PriceUpdateDate>2015-10-01 06:13:14</PriceUpdateDate>
      <ItemCode>7290003905331</ItemCode>
      <ItemType>1</ItemType>
      <ItemName>שוקולד פרה חלב+אגוז</ItemName>
      <ManufacturerName>שטראוס גרופ</ManufacturerName>
      <ManufactureCountry>ישראל</ManufactureCountry>
      <ManufacturerItemDescription>שוקולד פרה חלב+אגוזים 100  גר          .</ManufacturerItemDescription>
      <UnitQty>גרמים</UnitQty>
      <Quantity>100.00</Quantity>
      <UnitOfMeasure>100 גרם</UnitOfMeasure>
      <bIsWeighted>0</bIsWeighted>
      <QtyInPackage>1</QtyInPackage>
      <ItemPrice>6.60</ItemPrice>
      <UnitOfMeasurePrice>6.6000</UnitOfMeasurePrice>
      <AllowDiscount>1</AllowDiscount>
      <ItemStatus>1</ItemStatus>
      <ItemId>3828</ItemId>
    </Item>
    <Item>
      <PriceUpdateDate>2015-10-01 06:13:14</PriceUpdateDate>
      <ItemCode>7290003905362</ItemCode>
      <ItemType>1</ItemType>
      <ItemName>שוקולד חלב ללא סוכר</ItemName>
      <ManufacturerName>שטראוס גרופ</ManufacturerName>
      <ManufactureCountry>ישראל</ManufactureCountry>
      <ManufacturerItemDescription>שוקולד חלב ללא סוכר 100 גר             .</ManufacturerItemDescription>
      <UnitQty>גרמים</UnitQty>
      <Quantity>100.00</Quantity>
      <UnitOfMeasure>100 גרם</UnitOfMeasure>
      <bIsWeighted>0</bIsWeighted>
      <QtyInPackage>1</QtyInPackage>
      <ItemPrice>9.80</ItemPrice>
      <UnitOfMeasurePrice>9.8000</UnitOfMeasurePrice>
      <AllowDiscount>1</AllowDiscount>
      <ItemStatus>1</ItemStatus>
      <ItemId>3829</ItemId>
    </Item>
    <Item>
      <PriceUpdateDate>2016-04-14 07:35:04</PriceUpdateDate>
      <ItemCode>7290003938049</ItemCode>
      <ItemType>1</ItemType>
      <ItemName>הפי נוזל הברקה למדיח</ItemName>
      <ManufacturerName>אורומרקטינג</ManufacturerName>
      <ManufactureCountry>גרמניה</ManufactureCountry>
      <ManufacturerItemDescription>הפי נוזל הברקה למדיח 950 מ"ל</ManufacturerItemDescription>
      <UnitQty>מיליליטרים</UnitQty>
      <Quantity>950.00</Quantity>
      <UnitOfMeasure>100 מ"ל</UnitOfMeasure>
      <bIsWeighted>0</bIsWeighted>
      <QtyInPackage>1</QtyInPackage>
      <ItemPrice>18.70</ItemPrice>
      <UnitOfMeasurePrice>1.9684</UnitOfMeasurePrice>
      <AllowDiscount>1</AllowDiscount>
      <ItemStatus>1</ItemStatus>
      <ItemId>3885</ItemId>
    </Item>
    <Item>
      <PriceUpdateDate>2015-10-01 06:12:59</PriceUpdateDate>
      <ItemCode>39800011398</ItemCode>
      <ItemType>1</ItemType>
      <ItemName>סוללות אנרגייזר D גד</ItemName>
      <ManufacturerName>אנרג'ייזר</ManufacturerName>
      <ManufactureCountry>לא ידוע</ManufactureCountry>
      <ManufacturerItemDescription>סוללות אנרגייזר D גדולות</ManufacturerItemDescription>
      <UnitQty>Unknown </UnitQty>
      <Quantity>0.00</Quantity>
      <UnitOfMeasure>Unknown </UnitOfMeasure>
      <bIsWeighted>0</bIsWeighted>
      <QtyInPackage>1</QtyInPackage>
      <ItemPrice>29.60</ItemPrice>
      <UnitOfMeasurePrice>0.0000</UnitOfMeasurePrice>
      <AllowDiscount>1</AllowDiscount>
      <ItemStatus>1</ItemStatus>
      <ItemId>3932</ItemId>
    </Item>
    <Item>
      <PriceUpdateDate>2015-10-01 06:13:14</PriceUpdateDate>
      <ItemCode>7290003989096</ItemCode>
      <ItemType>1</ItemType>
      <ItemName>סלט חציל פיקנטי אחלה</ItemName>
      <ManufacturerName>שטראוס גרופ</ManufacturerName>
      <ManufactureCountry>ישראל</ManufactureCountry>
      <ManufacturerItemDescription>סלט חציל פיקנטי אחלה 500 גרם</ManufacturerItemDescription>
      <UnitQty>גרמים</UnitQty>
      <Quantity>500.00</Quantity>
      <UnitOfMeasure>100 גרם</UnitOfMeasure>
      <bIsWeighted>0</bIsWeighted>
      <QtyInPackage>1</QtyInPackage>
      <ItemPrice>15.70</ItemPrice>
      <UnitOfMeasurePrice>3.1400</UnitOfMeasurePrice>
      <AllowDiscount>1</AllowDiscount>
      <ItemStatus>1</ItemStatus>
      <ItemId>3971</ItemId>
    </Item>
    <Item>
      <PriceUpdateDate>2015-10-01 06:13:14</PriceUpdateDate>
      <ItemCode>7290003989539</ItemCode>
      <ItemType>1</ItemType>
      <ItemName>פסטה רביולי גבינה</ItemName>
      <ManufacturerName>שטראוס גרופ</ManufacturerName>
      <ManufactureCountry>ישראל</ManufactureCountry>
      <ManufacturerItemDescription>פסטהשטראוס רביולי גבינה400 גר          .</ManufacturerItemDescription>
      <UnitQty>גרמים</UnitQty>
      <Quantity>400.00</Quantity>
      <UnitOfMeasure>100 גרם</UnitOfMeasure>
      <bIsWeighted>0</bIsWeighted>
      <QtyInPackage>1</QtyInPackage>
      <ItemPrice>20.00</ItemPrice>
      <UnitOfMeasurePrice>5.0000</UnitOfMeasurePrice>
      <AllowDiscount>1</AllowDiscount>
      <ItemStatus>1</ItemStatus>
      <ItemId>3972</ItemId>
    </Item>
    <Item>
      <PriceUpdateDate>2015-10-01 06:13:14</PriceUpdateDate>
      <ItemCode>7290003989553</ItemCode>
      <ItemType>1</ItemType>
      <ItemName>פסטה טורטלוני פטריות</ItemName>
      <ManufacturerName>שטראוס גרופ</ManufacturerName>
      <ManufactureCountry>ישראל</ManufactureCountry>
      <ManufacturerItemDescription>פסטהשטראוס טורטלוני פטריות400ג</ManufacturerItemDescription>
      <UnitQty>גרמים</UnitQty>
      <Quantity>400.00</Quantity>
      <UnitOfMeasure>100 גרם</UnitOfMeasure>
      <bIsWeighted>0</bIsWeighted>
      <QtyInPackage>1</QtyInPackage>
      <ItemPrice>20.00</ItemPrice>
      <UnitOfMeasurePrice>5.0000</UnitOfMeasurePrice>
      <AllowDiscount>1</AllowDiscount>
      <ItemStatus>1</ItemStatus>
      <ItemId>3973</ItemId>
    </Item>
    <Item>
      <PriceUpdateDate>2015-10-01 06:18:34</PriceUpdateDate>
      <ItemCode>40000123415</ItemCode>
      <ItemType>1</ItemType>
      <ItemName>כרזה    1X</ItemName>
      <ManufacturerName>ארסלן</ManufacturerName>
      <ManufactureCountry>ישראל</ManufactureCountry>
      <ManufacturerItemDescription>כרזה                                 1X</ManufacturerItemDescription>
      <UnitQty>Unknown </UnitQty>
      <Quantity>0.00</Quantity>
      <UnitOfMeasure>Unknown </UnitOfMeasure>
      <bIsWeighted>0</bIsWeighted>
      <QtyInPackage>1</QtyInPackage>
      <ItemPrice>6.90</ItemPrice>
      <UnitOfMeasurePrice>0.0000</UnitOfMeasurePrice>
      <AllowDiscount>1</AllowDiscount>
      <ItemStatus>1</ItemStatus>
      <ItemId>3987</ItemId>
    </Item>
    <Item>
      <PriceUpdateDate>2016-04-14 07:35:04</PriceUpdateDate>
      <ItemCode>4000869055261</ItemCode>
      <ItemType>1</ItemType>
      <ItemName>מלח למדיח M שויצרי י</ItemName>
      <ManufacturerName>אורומרקטינג</ManufacturerName>
      <ManufactureCountry>גרמניה</ManufactureCountry>
      <ManufacturerItemDescription>הפי מלח למדיח 2 קג</ManufacturerItemDescription>
      <UnitQty>קילוגרמים</UnitQty>
      <Quantity>2.00</Quantity>
      <UnitOfMeasure>ק"ג</UnitOfMeasure>
      <bIsWeighted>0</bIsWeighted>
      <QtyInPackage>1</QtyInPackage>
      <ItemPrice>13.90</ItemPrice>
      <UnitOfMeasurePrice>6.9500</UnitOfMeasurePrice>
      <AllowDiscount>1</AllowDiscount>
      <ItemStatus>1</ItemStatus>
      <ItemId>3992</ItemId>
    </Item>
    <Item>
      <PriceUpdateDate>2015-08-02 08:18:33</PriceUpdateDate>
      <ItemCode>7290000040042</ItemCode>
      <ItemType>1</ItemType>
      <ItemName>יופלה תות        3%</ItemName>
      <ManufacturerName>תנובה מרכז שיתופי לש</ManufacturerName>
      <ManufactureCountry>ישראל</ManufactureCountry>
      <ManufacturerItemDescription>יופלה תות 150 3% מל</ManufacturerItemDescription>
      <UnitQty>גרמים</UnitQty>
      <Quantity>150.00</Quantity>
      <UnitOfMeasure>100 גרם</UnitOfMeasure>
      <bIsWeighted>0</bIsWeighted>
      <QtyInPackage>1</QtyInPackage>
      <ItemPrice>5.10</ItemPrice>
      <UnitOfMeasurePrice>3.4000</UnitOfMeasurePrice>
      <AllowDiscount>1</AllowDiscount>
      <ItemStatus>1</ItemStatus>
      <ItemId>3997</ItemId>
    </Item>
    <Item>
      <PriceUpdateDate>2015-01-01 00:00:00</PriceUpdateDate>
      <ItemCode>7290107873239</ItemCode>
      <ItemType>1</ItemType>
      <ItemName>ביסקויט פתיבר קרמל 5</ItemName>
      <ManufacturerName>אסם</ManufacturerName>
      <ManufactureCountry>לא ידוע</ManufactureCountry>
      <ManufacturerItemDescription>פתי בר קרמל</ManufacturerItemDescription>
      <UnitQty>גרמים</UnitQty>
      <Quantity>500.00</Quantity>
      <UnitOfMeasure>100 גרם</UnitOfMeasure>
      <bIsWeighted>0</bIsWeighted>
      <QtyInPackage>1</QtyInPackage>
      <ItemPrice>11.80</ItemPrice>
      <UnitOfMeasurePrice>2.3600</UnitOfMeasurePrice>
      <AllowDiscount>1</AllowDiscount>
      <ItemStatus>1</ItemStatus>
      <ItemId>102555</ItemId>
    </Item>
    <Item>
      <PriceUpdateDate>2015-10-01 06:17:55</PriceUpdateDate>
      <ItemCode>7290011575854</ItemCode>
      <ItemType>1</ItemType>
      <ItemName>טבליות למדיח הפי 40</ItemName>
      <ManufacturerName>קלרו</ManufacturerName>
      <ManufactureCountry>אוסטריה</ManufactureCountry>
      <ManufacturerItemDescription>טבליות למדיח הפי 40 יח</ManufacturerItemDescription>
      <UnitQty>Unknown </UnitQty>
      <Quantity>0.00</Quantity>
      <UnitOfMeasure>Unknown </UnitOfMeasure>
      <bIsWeighted>0</bIsWeighted>
      <QtyInPackage>1</QtyInPackage>
      <ItemPrice>36.50</ItemPrice>
      <UnitOfMeasurePrice>0.0000</UnitOfMeasurePrice>
      <AllowDiscount>1</AllowDiscount>
      <ItemStatus>1</ItemStatus>
      <ItemId>102506</ItemId>
    </Item>
    <Item>
      <PriceUpdateDate>2015-08-02 08:18:33</PriceUpdateDate>
      <ItemCode>7290000040066</ItemCode>
      <ItemType>1</ItemType>
      <ItemName>יופלה דובדבן     3%</ItemName>
      <ManufacturerName>תנובה מרכז שיתופי לש</ManufacturerName>
      <ManufactureCountry>ישראל</ManufactureCountry>
      <ManufacturerItemDescription>יופלה דובדבן 150 3% מל</ManufacturerItemDescription>
      <UnitQty>גרמים</UnitQty>
      <Quantity>150.00</Quantity>
      <UnitOfMeasure>100 גרם</UnitOfMeasure>
      <bIsWeighted>0</bIsWeighted>
      <QtyInPackage>1</QtyInPackage>
      <ItemPrice>5.10</ItemPrice>
      <UnitOfMeasurePrice>3.4000</UnitOfMeasurePrice>
      <AllowDiscount>1</AllowDiscount>
      <ItemStatus>1</ItemStatus>
      <ItemId>4047</ItemId>
    </Item>
    <Item>
      <PriceUpdateDate>2015-08-02 08:18:33</PriceUpdateDate>
      <ItemCode>7290000040080</ItemCode>
      <ItemType>1</ItemType>
      <ItemName>יופלה אפרסק</ItemName>
      <ManufacturerName>תנובה מרכז שיתופי לש</ManufacturerName>
      <ManufactureCountry>ישראל</ManufactureCountry>
      <ManufacturerItemDescription>יופלה אפרסק 150 3% מל</ManufacturerItemDescription>
      <UnitQty>גרמים</UnitQty>
      <Quantity>150.00</Quantity>
      <UnitOfMeasure>100 גרם</UnitOfMeasure>
      <bIsWeighted>0</bIsWeighted>
      <QtyInPackage>1</QtyInPackage>
      <ItemPrice>5.10</ItemPrice>
      <UnitOfMeasurePrice>3.4000</UnitOfMeasurePrice>
      <AllowDiscount>1</AllowDiscount>
      <ItemStatus>1</ItemStatus>
      <ItemId>4052</ItemId>
    </Item>
    <Item>
      <PriceUpdateDate>2015-08-13 07:57:07</PriceUpdateDate>
      <ItemCode>40111216</ItemCode>
      <ItemType>1</ItemType>
      <ItemName>חטיף שוקולד באונטי 5</ItemName>
      <ManufacturerName>מרס</ManufacturerName>
      <ManufactureCountry>הולנד</ManufactureCountry>
      <ManufacturerItemDescription>חטיף שוקולד באונטי57 גר                .</ManufacturerItemDescription>
      <UnitQty>גרמים</UnitQty>
      <Quantity>57.00</Quantity>
      <UnitOfMeasure>100 גרם</UnitOfMeasure>
      <bIsWeighted>0</bIsWeighted>
      <QtyInPackage>1</QtyInPackage>
      <ItemPrice>4.70</ItemPrice>
      <UnitOfMeasurePrice>8.2456</UnitOfMeasurePrice>
      <AllowDiscount>1</AllowDiscount>
      <ItemStatus>1</ItemStatus>
      <ItemId>4113</ItemId>
    </Item>
    <Item>
      <PriceUpdateDate>2016-04-04 11:51:57</PriceUpdateDate>
      <ItemCode>4014400400007</ItemCode>
      <ItemType>1</ItemType>
      <ItemName>בונבונירה טופפי</ItemName>
      <ManufacturerName>שטורק</ManufacturerName>
      <ManufactureCountry>לא ידוע</ManufactureCountry>
      <ManufacturerItemDescription>בונבונירה טופפי שוקולד 125 גר          .</ManufacturerItemDescription>
      <UnitQty>גרמים</UnitQty>
      <Quantity>125.00</Quantity>
      <UnitOfMeasure>100 גרם</UnitOfMeasure>
      <bIsWeighted>0</bIsWeighted>
      <QtyInPackage>1</QtyInPackage>
      <ItemPrice>13.90</ItemPrice>
      <UnitOfMeasurePrice>11.1200</UnitOfMeasurePrice>
      <AllowDiscount>1</AllowDiscount>
      <ItemStatus>1</ItemStatus>
      <ItemId>4128</ItemId>
    </Item>
    <Item>
      <PriceUpdateDate>2015-01-01 00:00:00</PriceUpdateDate>
      <ItemCode>4014400904390</ItemCode>
      <ItemType>1</ItemType>
      <ItemName>סוכריות וולמילש</ItemName>
      <ManufacturerName>שטורק</ManufacturerName>
      <ManufactureCountry>גרמניה</ManufactureCountry>
      <ManufacturerItemDescription>סוכריות שטורק וולמילש 325 גר</ManufacturerItemDescription>
      <UnitQty>גרמים</UnitQty>
      <Quantity>325.00</Quantity>
      <UnitOfMeasure>100 גרם</UnitOfMeasure>
      <bIsWeighted>0</bIsWeighted>
      <QtyInPackage>1</QtyInPackage>
      <ItemPrice>19.90</ItemPrice>
      <UnitOfMeasurePrice>6.1231</UnitOfMeasurePrice>
      <AllowDiscount>1</AllowDiscount>
      <ItemStatus>1</ItemStatus>
      <ItemId>4134</ItemId>
    </Item>
    <Item>
      <PriceUpdateDate>2015-08-05 17:31:12</PriceUpdateDate>
      <ItemCode>7290005431609</ItemCode>
      <ItemType>1</ItemType>
      <ItemName>מארז זוג טרמיסו</ItemName>
      <ManufacturerName>יושלם</ManufacturerName>
      <ManufactureCountry>יושלם</ManufactureCountry>
      <ManufacturerItemDescription>מארז זוג טרמיסו 172 גר</ManufacturerItemDescription>
      <UnitQty>גרמים</UnitQty>
      <Quantity>172.00</Quantity>
      <UnitOfMeasure>100 גרם</UnitOfMeasure>
      <bIsWeighted>0</bIsWeighted>
      <QtyInPackage>1</QtyInPackage>
      <ItemPrice>14.70</ItemPrice>
      <UnitOfMeasurePrice>8.5465</UnitOfMeasurePrice>
      <AllowDiscount>1</AllowDiscount>
      <ItemStatus>1</ItemStatus>
      <ItemId>94826</ItemId>
    </Item>
    <Item>
      <PriceUpdateDate>2016-04-08 06:53:06</PriceUpdateDate>
      <ItemCode>4015000615884</ItemCode>
      <ItemType>1</ItemType>
      <ItemName>דאו.ספריי פה קריביין</ItemName>
      <ManufacturerName>שוורצקופף והנקל</ManufacturerName>
      <ManufactureCountry>גרמניה</ManufactureCountry>
      <ManufacturerItemDescription>דאו.ספריי פה קריביין לימון          200</ManufacturerItemDescription>
      <UnitQty>מיליליטרים</UnitQty>
      <Quantity>200.00</Quantity>
      <UnitOfMeasure>100 מ"ל</UnitOfMeasure>
      <bIsWeighted>0</bIsWeighted>
      <QtyInPackage>1</QtyInPackage>
      <ItemPrice>18.20</ItemPrice>
      <UnitOfMeasurePrice>9.1000</UnitOfMeasurePrice>
      <AllowDiscount>1</AllowDiscount>
      <ItemStatus>1</ItemStatus>
      <ItemId>4143</ItemId>
    </Item>
    <Item>
      <PriceUpdateDate>2016-04-08 06:53:06</PriceUpdateDate>
      <ItemCode>4015000615921</ItemCode>
      <ItemType>1</ItemType>
      <ItemName>דאו.ספריי פה לגבר</ItemName>
      <ManufacturerName>שוורצקופף והנקל</ManufacturerName>
      <ManufactureCountry>גרמניה</ManufactureCountry>
      <ManufacturerItemDescription>דאו.ספריי פה לגבר 200    גר            .</ManufacturerItemDescription>
      <UnitQty>מיליליטרים</UnitQty>
      <Quantity>200.00</Quantity>
      <UnitOfMeasure>100 מ"ל</UnitOfMeasure>
      <bIsWeighted>0</bIsWeighted>
      <QtyInPackage>1</QtyInPackage>
      <ItemPrice>18.20</ItemPrice>
      <UnitOfMeasurePrice>9.1000</UnitOfMeasurePrice>
      <AllowDiscount>1</AllowDiscount>
      <ItemStatus>1</ItemStatus>
      <ItemId>4146</ItemId>
    </Item>
    <Item>
      <PriceUpdateDate>2015-10-09 08:14:56</PriceUpdateDate>
      <ItemCode>7290004063016</ItemCode>
      <ItemType>1</ItemType>
      <ItemName>מלח שולחן דק</ItemName>
      <ManufacturerName>מלח הארץ</ManufacturerName>
      <ManufactureCountry>ישראל</ManufactureCountry>
      <ManufacturerItemDescription>מלח שולחן מעולה דק 1 ק"ג פיקוח</ManufacturerItemDescription>
      <UnitQty>קילוגרמים</UnitQty>
      <Quantity>1.00</Quantity>
      <UnitOfMeasure>ק"ג</UnitOfMeasure>
      <bIsWeighted>0</bIsWeighted>
      <QtyInPackage>1</QtyInPackage>
      <ItemPrice>1.80</ItemPrice>
      <UnitOfMeasurePrice>1.8000</UnitOfMeasurePrice>
      <AllowDiscount>1</AllowDiscount>
      <ItemStatus>1</ItemStatus>
      <ItemId>4199</ItemId>
    </Item>
    <Item>
      <PriceUpdateDate>2015-10-09 08:14:57</PriceUpdateDate>
      <ItemCode>7290004063115</ItemCode>
      <ItemType>1</ItemType>
      <ItemName>מלח בישול 1 קג</ItemName>
      <ManufacturerName>מלח הארץ</ManufacturerName>
      <ManufactureCountry>ישראל</ManufactureCountry>
      <ManufacturerItemDescription>מלח בישול 1 קג    פיקוח</ManufacturerItemDescription>
      <UnitQty>קילוגרמים</UnitQty>
      <Quantity>1.00</Quantity>
      <UnitOfMeasure>ק"ג</UnitOfMeasure>
      <bIsWeighted>0</bIsWeighted>
      <QtyInPackage>1</QtyInPackage>
      <ItemPrice>1.80</ItemPrice>
      <UnitOfMeasurePrice>1.8000</UnitOfMeasurePrice>
      <AllowDiscount>1</AllowDiscount>
      <ItemStatus>1</ItemStatus>
      <ItemId>4200</ItemId>
    </Item>
    <Item>
      <PriceUpdateDate>2015-10-01 06:15:00</PriceUpdateDate>
      <ItemCode>7290004078218</ItemCode>
      <ItemType>1</ItemType>
      <ItemName>מי פה פלאקס אדום</ItemName>
      <ManufacturerName>COLGATE ($) -PALMOLI</ManufacturerName>
      <ManufactureCountry>ברזיל</ManufactureCountry>
      <ManufacturerItemDescription>מי פה פלאקס אדום 500 מל</ManufacturerItemDescription>
      <UnitQty>מיליליטרים</UnitQty>
      <Quantity>500.00</Quantity>
      <UnitOfMeasure>100 מ"ל</UnitOfMeasure>
      <bIsWeighted>0</bIsWeighted>
      <QtyInPackage>1</QtyInPackage>
      <ItemPrice>30.60</ItemPrice>
      <UnitOfMeasurePrice>6.1200</UnitOfMeasurePrice>
      <AllowDiscount>1</AllowDiscount>
      <ItemStatus>1</ItemStatus>
      <ItemId>4204</ItemId>
    </Item>
    <Item>
      <PriceUpdateDate>2015-10-01 06:15:00</PriceUpdateDate>
      <ItemCode>7290004078270</ItemCode>
      <ItemType>1</ItemType>
      <ItemName>פלמוליב לכלים לימון</ItemName>
      <ManufacturerName>COLGATE (Greece)-PAL</ManufacturerName>
      <ManufactureCountry>יוון</ManufactureCountry>
      <ManufacturerItemDescription>פלמוליב כלים לימון 1 ליטר</ManufacturerItemDescription>
      <UnitQty>ליטרים</UnitQty>
      <Quantity>1.00</Quantity>
      <UnitOfMeasure>ליטר</UnitOfMeasure>
      <bIsWeighted>0</bIsWeighted>
      <QtyInPackage>1</QtyInPackage>
      <ItemPrice>14.80</ItemPrice>
      <UnitOfMeasurePrice>14.8000</UnitOfMeasurePrice>
      <AllowDiscount>1</AllowDiscount>
      <ItemStatus>1</ItemStatus>
      <ItemId>4207</ItemId>
    </Item>
    <Item>
      <PriceUpdateDate>2015-08-12 06:10:42</PriceUpdateDate>
      <ItemCode>7290000408316</ItemCode>
      <ItemType>1</ItemType>
      <ItemName>דנונה            3%</ItemName>
      <ManufacturerName>שטראוס גרופ</ManufacturerName>
      <ManufactureCountry>ישראל</ManufactureCountry>
      <ManufacturerItemDescription>דנונה 200 3%- גרם</ManufacturerItemDescription>
      <UnitQty>גרמים</UnitQty>
      <Quantity>200.00</Quantity>
      <UnitOfMeasure>100 גרם</UnitOfMeasure>
      <bIsWeighted>0</bIsWeighted>
      <QtyInPackage>1</QtyInPackage>
      <ItemPrice>3.80</ItemPrice>
      <UnitOfMeasurePrice>1.9000</UnitOfMeasurePrice>
      <AllowDiscount>1</AllowDiscount>
      <ItemStatus>1</ItemStatus>
      <ItemId>4215</ItemId>
    </Item>
    <Item>
      <PriceUpdateDate>2015-08-12 06:10:42</PriceUpdateDate>
      <ItemCode>7290000408354</ItemCode>
      <ItemType>1</ItemType>
      <ItemName>דנונה+דגנים שוקולד</ItemName>
      <ManufacturerName>שטראוס גרופ</ManufacturerName>
      <ManufactureCountry>ישראל</ManufactureCountry>
      <ManufacturerItemDescription>דנונה+דגנים שוקולד200 1/2% ג</ManufacturerItemDescription>
      <UnitQty>גרמים</UnitQty>
      <Quantity>175.00</Quantity>
      <UnitOfMeasure>100 גרם</UnitOfMeasure>
      <bIsWeighted>0</bIsWeighted>
      <QtyInPackage>1</QtyInPackage>
      <ItemPrice>4.80</ItemPrice>
      <UnitOfMeasurePrice>2.7429</UnitOfMeasurePrice>
      <AllowDiscount>1</AllowDiscount>
      <ItemStatus>1</ItemStatus>
      <ItemId>4216</ItemId>
    </Item>
    <Item>
      <PriceUpdateDate>2015-01-01 00:00:00</PriceUpdateDate>
      <ItemCode>7290004119928</ItemCode>
      <ItemType>1</ItemType>
      <ItemName>קרלו מעדן וניל125 3%</ItemName>
      <ManufacturerName>תנובה מרכז שיתופי לש</ManufacturerName>
      <ManufactureCountry>ישראל</ManufactureCountry>
      <ManufacturerItemDescription>קרלו מעדן וניל125 3%מל                 .</ManufacturerItemDescription>
      <UnitQty>גרמים</UnitQty>
      <Quantity>125.00</Quantity>
      <UnitOfMeasure>100 גרם</UnitOfMeasure>
      <bIsWeighted>0</bIsWeighted>
      <QtyInPackage>1</QtyInPackage>
      <ItemPrice>2.90</ItemPrice>
      <UnitOfMeasurePrice>2.3200</UnitOfMeasurePrice>
      <AllowDiscount>1</AllowDiscount>
      <ItemStatus>1</ItemStatus>
      <ItemId>4231</ItemId>
    </Item>
    <Item>
      <PriceUpdateDate>2015-01-01 00:00:00</PriceUpdateDate>
      <ItemCode>7290004119973</ItemCode>
      <ItemType>1</ItemType>
      <ItemName>קרלו מעדן שוקו125 3%</ItemName>
      <ManufacturerName>תנובה מרכז שיתופי לש</ManufacturerName>
      <ManufactureCountry>ישראל</ManufactureCountry>
      <ManufacturerItemDescription>קרלו מעדן שוקו125 3% מל                .</ManufacturerItemDescription>
      <UnitQty>גרמים</UnitQty>
      <Quantity>125.00</Quantity>
      <UnitOfMeasure>100 גרם</UnitOfMeasure>
      <bIsWeighted>0</bIsWeighted>
      <QtyInPackage>1</QtyInPackage>
      <ItemPrice>2.90</ItemPrice>
      <UnitOfMeasurePrice>2.3200</UnitOfMeasurePrice>
      <AllowDiscount>1</AllowDiscount>
      <ItemStatus>1</ItemStatus>
      <ItemId>4232</ItemId>
    </Item>
    <Item>
      <PriceUpdateDate>2015-01-01 00:00:00</PriceUpdateDate>
      <ItemCode>7290004120061</ItemCode>
      <ItemType>1</ItemType>
      <ItemName>קרלו שוניל     1.5%</ItemName>
      <ManufacturerName>תנובה מרכז שיתופי לש</ManufacturerName>
      <ManufactureCountry>ישראל</ManufactureCountry>
      <ManufacturerItemDescription>קרלו מעדן שוניל 125 1.5% מל            "</ManufacturerItemDescription>
      <UnitQty>גרמים</UnitQty>
      <Quantity>125.00</Quantity>
      <UnitOfMeasure>100 גרם</UnitOfMeasure>
      <bIsWeighted>0</bIsWeighted>
      <QtyInPackage>1</QtyInPackage>
      <ItemPrice>3.00</ItemPrice>
      <UnitOfMeasurePrice>2.4000</UnitOfMeasurePrice>
      <AllowDiscount>1</AllowDiscount>
      <ItemStatus>1</ItemStatus>
      <ItemId>4233</ItemId>
    </Item>
    <Item>
      <PriceUpdateDate>2015-10-01 06:18:36</PriceUpdateDate>
      <ItemCode>7290004120573</ItemCode>
      <ItemType>1</ItemType>
      <ItemName>בולגרית פיראוס  16%</ItemName>
      <ManufacturerName>תנובה מרכז שיתופי לש</ManufacturerName>
      <ManufactureCountry>ישראל</ManufactureCountry>
      <ManufacturerItemDescription>גבינה בולגרית פיראוס250-16% גר</ManufacturerItemDescription>
      <UnitQty>גרמים</UnitQty>
      <Quantity>250.00</Quantity>
      <UnitOfMeasure>100 גרם</UnitOfMeasure>
      <bIsWeighted>0</bIsWeighted>
      <QtyInPackage>1</QtyInPackage>
      <ItemPrice>23.20</ItemPrice>
      <UnitOfMeasurePrice>9.2800</UnitOfMeasurePrice>
      <AllowDiscount>1</AllowDiscount>
      <ItemStatus>1</ItemStatus>
      <ItemId>4239</ItemId>
    </Item>
    <Item>
      <PriceUpdateDate>2015-10-01 06:18:37</PriceUpdateDate>
      <ItemCode>7290004120634</ItemCode>
      <ItemType>1</ItemType>
      <ItemName>גב.בולגר פיראוס  5%</ItemName>
      <ManufacturerName>תנובה מרכז שיתופי לש</ManufacturerName>
      <ManufactureCountry>ישראל</ManufactureCountry>
      <ManufacturerItemDescription>גבינה בולגרית פיראוס250-5% גר</ManufacturerItemDescription>
      <UnitQty>גרמים</UnitQty>
      <Quantity>250.00</Quantity>
      <UnitOfMeasure>100 גרם</UnitOfMeasure>
      <bIsWeighted>0</bIsWeighted>
      <QtyInPackage>1</QtyInPackage>
      <ItemPrice>23.20</ItemPrice>
      <UnitOfMeasurePrice>9.2800</UnitOfMeasurePrice>
      <AllowDiscount>1</AllowDiscount>
      <ItemStatus>1</ItemStatus>
      <ItemId>4240</ItemId>
    </Item>
    <Item>
      <PriceUpdateDate>2015-08-02 08:18:33</PriceUpdateDate>
      <ItemCode>7290004121754</ItemCode>
      <ItemType>1</ItemType>
      <ItemName>יופלה עוגת קרם גבינה</ItemName>
      <ManufacturerName>תנובה מרכז שיתופי לש</ManufacturerName>
      <ManufactureCountry>ישראל</ManufactureCountry>
      <ManufacturerItemDescription>יופלה עוגת קרם גבינה ותות            3%</ManufacturerItemDescription>
      <UnitQty>גרמים</UnitQty>
      <Quantity>150.00</Quantity>
      <UnitOfMeasure>100 גרם</UnitOfMeasure>
      <bIsWeighted>0</bIsWeighted>
      <QtyInPackage>1</QtyInPackage>
      <ItemPrice>5.10</ItemPrice>
      <UnitOfMeasurePrice>3.4000</UnitOfMeasurePrice>
      <AllowDiscount>1</AllowDiscount>
      <ItemStatus>1</ItemStatus>
      <ItemId>4251</ItemId>
    </Item>
    <Item>
      <PriceUpdateDate>2015-10-01 06:18:37</PriceUpdateDate>
      <ItemCode>7290004121839</ItemCode>
      <ItemType>1</ItemType>
      <ItemName>פטה פיראוס      20%</ItemName>
      <ManufacturerName>תנובה מרכז שיתופי לש</ManufacturerName>
      <ManufactureCountry>ישראל</ManufactureCountry>
      <ManufacturerItemDescription>גבינה פטה פיראוס 250 20% גרם</ManufacturerItemDescription>
      <UnitQty>גרמים</UnitQty>
      <Quantity>250.00</Quantity>
      <UnitOfMeasure>100 גרם</UnitOfMeasure>
      <bIsWeighted>0</bIsWeighted>
      <QtyInPackage>1</QtyInPackage>
      <ItemPrice>26.60</ItemPrice>
      <UnitOfMeasurePrice>10.6400</UnitOfMeasurePrice>
      <AllowDiscount>1</AllowDiscount>
      <ItemStatus>1</ItemStatus>
      <ItemId>4252</ItemId>
    </Item>
    <Item>
      <PriceUpdateDate>2015-10-01 06:18:37</PriceUpdateDate>
      <ItemCode>7290004121853</ItemCode>
      <ItemType>1</ItemType>
      <ItemName>גבינה בולגרית קוביות</ItemName>
      <ManufacturerName>תנובה מרכז שיתופי לש</ManufacturerName>
      <ManufactureCountry>ישראל</ManufactureCountry>
      <ManufacturerItemDescription>גבינה בולגרית קוביות פיראוס          5%</ManufacturerItemDescription>
      <UnitQty>גרמים</UnitQty>
      <Quantity>200.00</Quantity>
      <UnitOfMeasure>100 גרם</UnitOfMeasure>
      <bIsWeighted>0</bIsWeighted>
      <QtyInPackage>1</QtyInPackage>
      <ItemPrice>21.30</ItemPrice>
      <UnitOfMeasurePrice>10.6500</UnitOfMeasurePrice>
      <AllowDiscount>1</AllowDiscount>
      <ItemStatus>1</ItemStatus>
      <ItemId>4253</ItemId>
    </Item>
    <Item>
      <PriceUpdateDate>2015-10-01 06:18:37</PriceUpdateDate>
      <ItemCode>7290004122270</ItemCode>
      <ItemType>1</ItemType>
      <ItemName>גבינה עמק פרוס</ItemName>
      <ManufacturerName>תנובה מרכז שיתופי לש</ManufacturerName>
      <ManufactureCountry>ישראל</ManufactureCountry>
      <ManufacturerItemDescription>גבינה עמק פרוס פתיחה חוזרת</ManufacturerItemDescription>
      <UnitQty>גרמים</UnitQty>
      <Quantity>200.00</Quantity>
      <UnitOfMeasure>100 גרם</UnitOfMeasure>
      <bIsWeighted>0</bIsWeighted>
      <QtyInPackage>1</QtyInPackage>
      <ItemPrice>14.80</ItemPrice>
      <UnitOfMeasurePrice>7.4000</UnitOfMeasurePrice>
      <AllowDiscount>1</AllowDiscount>
      <ItemStatus>1</ItemStatus>
      <ItemId>4254</ItemId>
    </Item>
    <Item>
      <PriceUpdateDate>2015-10-01 06:18:37</PriceUpdateDate>
      <ItemCode>7290004122348</ItemCode>
      <ItemType>1</ItemType>
      <ItemName>גבינה קשה עמק לייט</ItemName>
      <ManufacturerName>תנובה מרכז שיתופי לש</ManufacturerName>
      <ManufactureCountry>ישראל</ManufactureCountry>
      <ManufacturerItemDescription>גבינה קשה עמק לייט200 9% גר            .</ManufacturerItemDescription>
      <UnitQty>גרמים</UnitQty>
      <Quantity>200.00</Quantity>
      <UnitOfMeasure>100 גרם</UnitOfMeasure>
      <bIsWeighted>0</bIsWeighted>
      <QtyInPackage>1</QtyInPackage>
      <ItemPrice>16.30</ItemPrice>
      <UnitOfMeasurePrice>8.1500</UnitOfMeasurePrice>
      <AllowDiscount>1</AllowDiscount>
      <ItemStatus>1</ItemStatus>
      <ItemId>4256</ItemId>
    </Item>
    <Item>
      <PriceUpdateDate>2015-01-01 00:00:00</PriceUpdateDate>
      <ItemCode>7290000412481</ItemCode>
      <ItemType>1</ItemType>
      <ItemName>מנקה אסלות       00</ItemName>
      <ManufacturerName>סנו</ManufacturerName>
      <ManufactureCountry>ישראל</ManufactureCountry>
      <ManufacturerItemDescription>מנקה אסלות 1 "00" ל .פז                .</ManufacturerItemDescription>
      <UnitQty>ליטרים</UnitQty>
      <Quantity>1.00</Quantity>
      <UnitOfMeasure>ליטר</UnitOfMeasure>
      <bIsWeighted>0</bIsWeighted>
      <QtyInPackage>1</QtyInPackage>
      <ItemPrice>8.90</ItemPrice>
      <UnitOfMeasurePrice>8.9000</UnitOfMeasurePrice>
      <AllowDiscount>1</AllowDiscount>
      <ItemStatus>1</ItemStatus>
      <ItemId>4272</ItemId>
    </Item>
    <Item>
      <PriceUpdateDate>2015-08-02 08:18:33</PriceUpdateDate>
      <ItemCode>7290004124892</ItemCode>
      <ItemType>1</ItemType>
      <ItemName>יופלה פירות יבשים</ItemName>
      <ManufacturerName>תנובה מרכז שיתופי לש</ManufacturerName>
      <ManufactureCountry>ישראל</ManufactureCountry>
      <ManufacturerItemDescription>יופלה פירות יבשים 150 4% גר</ManufacturerItemDescription>
      <UnitQty>גרמים</UnitQty>
      <Quantity>150.00</Quantity>
      <UnitOfMeasure>100 גרם</UnitOfMeasure>
      <bIsWeighted>0</bIsWeighted>
      <QtyInPackage>1</QtyInPackage>
      <ItemPrice>5.10</ItemPrice>
      <UnitOfMeasurePrice>3.4000</UnitOfMeasurePrice>
      <AllowDiscount>1</AllowDiscount>
      <ItemStatus>1</ItemStatus>
      <ItemId>4273</ItemId>
    </Item>
    <Item>
      <PriceUpdateDate>2015-01-01 00:00:00</PriceUpdateDate>
      <ItemCode>7290004125370</ItemCode>
      <ItemType>1</ItemType>
      <ItemName>שמנת תנובה       9%</ItemName>
      <ManufacturerName>תנובה מרכז שיתופי לש</ManufacturerName>
      <ManufactureCountry>ישראל</ManufactureCountry>
      <ManufacturerItemDescription>שמנת תנובה 200 9% מל</ManufacturerItemDescription>
      <UnitQty>גרמים</UnitQty>
      <Quantity>200.00</Quantity>
      <UnitOfMeasure>100 גרם</UnitOfMeasure>
      <bIsWeighted>0</bIsWeighted>
      <QtyInPackage>1</QtyInPackage>
      <ItemPrice>3.70</ItemPrice>
      <UnitOfMeasurePrice>1.8500</UnitOfMeasurePrice>
      <AllowDiscount>1</AllowDiscount>
      <ItemStatus>1</ItemStatus>
      <ItemId>4275</ItemId>
    </Item>
    <Item>
      <PriceUpdateDate>2016-02-11 11:19:44</PriceUpdateDate>
      <ItemCode>7290004125400</ItemCode>
      <ItemType>1</ItemType>
      <ItemName>שלי אשל200 מל מהדרין</ItemName>
      <ManufacturerName>תנובה מרכז שיתופי לש</ManufacturerName>
      <ManufactureCountry>ישראל</ManufactureCountry>
      <ManufacturerItemDescription>שלי אשל200 מל מהדרין פיקוח</ManufacturerItemDescription>
      <UnitQty>גרמים</UnitQty>
      <Quantity>200.00</Quantity>
      <UnitOfMeasure>100 גרם</UnitOfMeasure>
      <bIsWeighted>0</bIsWeighted>
      <QtyInPackage>1</QtyInPackage>
      <ItemPrice>1.50</ItemPrice>
      <UnitOfMeasurePrice>0.7500</UnitOfMeasurePrice>
      <AllowDiscount>1</AllowDiscount>
      <ItemStatus>1</ItemStatus>
      <ItemId>4276</ItemId>
    </Item>
    <Item>
      <PriceUpdateDate>2015-10-01 08:05:48</PriceUpdateDate>
      <ItemCode>7290004125417</ItemCode>
      <ItemType>1</ItemType>
      <ItemName>שלי גיל200 מל    פיק</ItemName>
      <ManufacturerName>תנובה מרכז שיתופי לש</ManufacturerName>
      <ManufactureCountry>ישראל</ManufactureCountry>
      <ManufacturerItemDescription>שלי גיל200 מל    פיקוח</ManufacturerItemDescription>
      <UnitQty>גרמים</UnitQty>
      <Quantity>200.00</Quantity>
      <UnitOfMeasure>100 גרם</UnitOfMeasure>
      <bIsWeighted>0</bIsWeighted>
      <QtyInPackage>1</QtyInPackage>
      <ItemPrice>1.40</ItemPrice>
      <UnitOfMeasurePrice>0.7000</UnitOfMeasurePrice>
      <AllowDiscount>1</AllowDiscount>
      <ItemStatus>1</ItemStatus>
      <ItemId>4277</ItemId>
    </Item>
    <Item>
      <PriceUpdateDate>2016-02-11 08:35:56</PriceUpdateDate>
      <ItemCode>7290004125455</ItemCode>
      <ItemType>1</ItemType>
      <ItemName>שמנת תנובה200 15% מל</ItemName>
      <ManufacturerName>תנובה מרכז שיתופי לש</ManufacturerName>
      <ManufactureCountry>ישראל</ManufactureCountry>
      <ManufacturerItemDescription>שמנת תנובה200 15% מל  פיקוח</ManufacturerItemDescription>
      <UnitQty>מיליליטרים</UnitQty>
      <Quantity>200.00</Quantity>
      <UnitOfMeasure>100 מ"ל</UnitOfMeasure>
      <bIsWeighted>0</bIsWeighted>
      <QtyInPackage>1</QtyInPackage>
      <ItemPrice>2.20</ItemPrice>
      <UnitOfMeasurePrice>1.1000</UnitOfMeasurePrice>
      <AllowDiscount>1</AllowDiscount>
      <ItemStatus>1</ItemStatus>
      <ItemId>4278</ItemId>
    </Item>
    <Item>
      <PriceUpdateDate>2016-07-05 08:39:02</PriceUpdateDate>
      <ItemCode>7290004125509</ItemCode>
      <ItemType>1</ItemType>
      <ItemName>שמנת תנובה 15% חצי</ItemName>
      <ManufacturerName>תנובה מרכז שיתופי לש</ManufacturerName>
      <ManufactureCountry>לא ידוע</ManufactureCountry>
      <ManufacturerItemDescription>שמנת תנובה 15% חצי מנה 100 מ"ל</ManufacturerItemDescription>
      <UnitQty>גרמים</UnitQty>
      <Quantity>100.00</Quantity>
      <UnitOfMeasure>100 גרם</UnitOfMeasure>
      <bIsWeighted>0</bIsWeighted>
      <QtyInPackage>1</QtyInPackage>
      <ItemPrice>1.70</ItemPrice>
      <UnitOfMeasurePrice>1.7000</UnitOfMeasurePrice>
      <AllowDiscount>1</AllowDiscount>
      <ItemStatus>1</ItemStatus>
      <ItemId>4279</ItemId>
    </Item>
    <Item>
      <PriceUpdateDate>2015-10-01 06:18:37</PriceUpdateDate>
      <ItemCode>7290004125721</ItemCode>
      <ItemType>1</ItemType>
      <ItemName>שמנת לבישול     15%</ItemName>
      <ManufacturerName>תנובה מרכז שיתופי לש</ManufacturerName>
      <ManufactureCountry>ישראל</ManufactureCountry>
      <ManufacturerItemDescription>שמנת לבישול 250 15% מל                 .</ManufacturerItemDescription>
      <UnitQty>מיליליטרים</UnitQty>
      <Quantity>250.00</Quantity>
      <UnitOfMeasure>100 מ"ל</UnitOfMeasure>
      <bIsWeighted>0</bIsWeighted>
      <QtyInPackage>1</QtyInPackage>
      <ItemPrice>8.30</ItemPrice>
      <UnitOfMeasurePrice>3.3200</UnitOfMeasurePrice>
      <AllowDiscount>1</AllowDiscount>
      <ItemStatus>1</ItemStatus>
      <ItemId>4283</ItemId>
    </Item>
    <Item>
      <PriceUpdateDate>2015-06-14 11:54:21</PriceUpdateDate>
      <ItemCode>7290004125738</ItemCode>
      <ItemType>1</ItemType>
      <ItemName>שמנת להקצפה     32%</ItemName>
      <ManufacturerName>תנובה מרכז שיתופי לש</ManufacturerName>
      <ManufactureCountry>ישראל</ManufactureCountry>
      <ManufacturerItemDescription>שמנת להקצפה 250 - 32% מל               .</ManufacturerItemDescription>
      <UnitQty>מיליליטרים</UnitQty>
      <Quantity>250.00</Quantity>
      <UnitOfMeasure>100 מ"ל</UnitOfMeasure>
      <bIsWeighted>0</bIsWeighted>
      <QtyInPackage>1</QtyInPackage>
      <ItemPrice>7.40</ItemPrice>
      <UnitOfMeasurePrice>2.9600</UnitOfMeasurePrice>
      <AllowDiscount>1</AllowDiscount>
      <ItemStatus>1</ItemStatus>
      <ItemId>4284</ItemId>
    </Item>
    <Item>
      <PriceUpdateDate>2015-10-01 06:18:37</PriceUpdateDate>
      <ItemCode>7290004126674</ItemCode>
      <ItemType>1</ItemType>
      <ItemName>גבינהקשה טל העמק ליי</ItemName>
      <ManufacturerName>תנובה מרכז שיתופי לש</ManufacturerName>
      <ManufactureCountry>ישראל</ManufactureCountry>
      <ManufacturerItemDescription>גבינהקשה טל העמק לייט200 9% גר</ManufacturerItemDescription>
      <UnitQty>גרמים</UnitQty>
      <Quantity>200.00</Quantity>
      <UnitOfMeasure>100 גרם</UnitOfMeasure>
      <bIsWeighted>0</bIsWeighted>
      <QtyInPackage>1</QtyInPackage>
      <ItemPrice>18.10</ItemPrice>
      <UnitOfMeasurePrice>9.0500</UnitOfMeasurePrice>
      <AllowDiscount>1</AllowDiscount>
      <ItemStatus>1</ItemStatus>
      <ItemId>4288</ItemId>
    </Item>
    <Item>
      <PriceUpdateDate>2015-10-01 06:18:37</PriceUpdateDate>
      <ItemCode>7290004127077</ItemCode>
      <ItemType>1</ItemType>
      <ItemName>גבינה קוטג       3%</ItemName>
      <ManufacturerName>תנובה מרכז שיתופי לש</ManufacturerName>
      <ManufactureCountry>ישראל</ManufactureCountry>
      <ManufacturerItemDescription>קוטג 250 3% גרם</ManufacturerItemDescription>
      <UnitQty>גרמים</UnitQty>
      <Quantity>250.00</Quantity>
      <UnitOfMeasure>100 גרם</UnitOfMeasure>
      <bIsWeighted>0</bIsWeighted>
      <QtyInPackage>1</QtyInPackage>
      <ItemPrice>5.60</ItemPrice>
      <UnitOfMeasurePrice>2.2400</UnitOfMeasurePrice>
      <AllowDiscount>1</AllowDiscount>
      <ItemStatus>1</ItemStatus>
      <ItemId>4291</ItemId>
    </Item>
    <Item>
      <PriceUpdateDate>2015-07-19 11:36:37</PriceUpdateDate>
      <ItemCode>7290004127329</ItemCode>
      <ItemType>1</ItemType>
      <ItemName>קוטג 5% בעלז</ItemName>
      <ManufacturerName>תנובה מרכז שיתופי לש</ManufacturerName>
      <ManufactureCountry>ישראל</ManufactureCountry>
      <ManufacturerItemDescription>קוטג250 5% גר.בעלז</ManufacturerItemDescription>
      <UnitQty>גרמים</UnitQty>
      <Quantity>250.00</Quantity>
      <UnitOfMeasure>100 גרם</UnitOfMeasure>
      <bIsWeighted>0</bIsWeighted>
      <QtyInPackage>1</QtyInPackage>
      <ItemPrice>5.70</ItemPrice>
      <UnitOfMeasurePrice>2.2800</UnitOfMeasurePrice>
      <AllowDiscount>1</AllowDiscount>
      <ItemStatus>1</ItemStatus>
      <ItemId>4296</ItemId>
    </Item>
    <Item>
      <PriceUpdateDate>2015-07-19 11:36:37</PriceUpdateDate>
      <ItemCode>7290004127336</ItemCode>
      <ItemType>1</ItemType>
      <ItemName>גבינה קוטג 9%"בעלז</ItemName>
      <ManufacturerName>תנובה מרכז שיתופי לש</ManufacturerName>
      <ManufactureCountry>ישראל</ManufactureCountry>
      <ManufacturerItemDescription>קוטג250 9% "גרם בעלז</ManufacturerItemDescription>
      <UnitQty>גרמים</UnitQty>
      <Quantity>250.00</Quantity>
      <UnitOfMeasure>100 גרם</UnitOfMeasure>
      <bIsWeighted>0</bIsWeighted>
      <QtyInPackage>1</QtyInPackage>
      <ItemPrice>5.70</ItemPrice>
      <UnitOfMeasurePrice>2.2800</UnitOfMeasurePrice>
      <AllowDiscount>1</AllowDiscount>
      <ItemStatus>1</ItemStatus>
      <ItemId>4297</ItemId>
    </Item>
    <Item>
      <PriceUpdateDate>2016-02-11 08:35:56</PriceUpdateDate>
      <ItemCode>7290004127800</ItemCode>
      <ItemType>1</ItemType>
      <ItemName>גבינה למריחה     5%</ItemName>
      <ManufacturerName>תנובה מרכז שיתופי לש</ManufacturerName>
      <ManufactureCountry>ישראל</ManufactureCountry>
      <ManufacturerItemDescription>גבינה למריחה 500 5% גרם</ManufacturerItemDescription>
      <UnitQty>גרמים</UnitQty>
      <Quantity>500.00</Quantity>
      <UnitOfMeasure>100 גרם</UnitOfMeasure>
      <bIsWeighted>0</bIsWeighted>
      <QtyInPackage>1</QtyInPackage>
      <ItemPrice>9.20</ItemPrice>
      <UnitOfMeasurePrice>1.8400</UnitOfMeasurePrice>
      <AllowDiscount>1</AllowDiscount>
      <ItemStatus>1</ItemStatus>
      <ItemId>4306</ItemId>
    </Item>
    <Item>
      <PriceUpdateDate>2016-02-11 08:35:56</PriceUpdateDate>
      <ItemCode>7290004127817</ItemCode>
      <ItemType>1</ItemType>
      <ItemName>גבינה למריחה     9%</ItemName>
      <ManufacturerName>תנובה מרכז שיתופי לש</ManufacturerName>
      <ManufactureCountry>ישראל</ManufactureCountry>
      <ManufacturerItemDescription>גבינה למריחה 500 9% גרם</ManufacturerItemDescription>
      <UnitQty>גרמים</UnitQty>
      <Quantity>500.00</Quantity>
      <UnitOfMeasure>100 גרם</UnitOfMeasure>
      <bIsWeighted>0</bIsWeighted>
      <QtyInPackage>1</QtyInPackage>
      <ItemPrice>9.20</ItemPrice>
      <UnitOfMeasurePrice>1.8400</UnitOfMeasurePrice>
      <AllowDiscount>1</AllowDiscount>
      <ItemStatus>1</ItemStatus>
      <ItemId>4307</ItemId>
    </Item>
    <Item>
      <PriceUpdateDate>2016-02-14 09:10:18</PriceUpdateDate>
      <ItemCode>7290004127862</ItemCode>
      <ItemType>1</ItemType>
      <ItemName>גבינה למריחה     5%</ItemName>
      <ManufacturerName>תנובה מרכז שיתופי לש</ManufacturerName>
      <ManufactureCountry>ישראל</ManufactureCountry>
      <ManufacturerItemDescription>גבינה למריחה 750 5% גרם</ManufacturerItemDescription>
      <UnitQty>גרמים</UnitQty>
      <Quantity>750.00</Quantity>
      <UnitOfMeasure>100 גרם</UnitOfMeasure>
      <bIsWeighted>0</bIsWeighted>
      <QtyInPackage>1</QtyInPackage>
      <ItemPrice>13.80</ItemPrice>
      <UnitOfMeasurePrice>1.8400</UnitOfMeasurePrice>
      <AllowDiscount>1</AllowDiscount>
      <ItemStatus>1</ItemStatus>
      <ItemId>4308</ItemId>
    </Item>
    <Item>
      <PriceUpdateDate>2015-10-01 06:18:37</PriceUpdateDate>
      <ItemCode>7290004129101</ItemCode>
      <ItemType>1</ItemType>
      <ItemName>גבינה נפולאון</ItemName>
      <ManufacturerName>תנובה מרכז שיתופי לש</ManufacturerName>
      <ManufactureCountry>ישראל</ManufactureCountry>
      <ManufacturerItemDescription>גבינהשמנ.נפולאון טעם טבעי225 ג</ManufacturerItemDescription>
      <UnitQty>גרמים</UnitQty>
      <Quantity>225.00</Quantity>
      <UnitOfMeasure>100 גרם</UnitOfMeasure>
      <bIsWeighted>0</bIsWeighted>
      <QtyInPackage>1</QtyInPackage>
      <ItemPrice>14.40</ItemPrice>
      <UnitOfMeasurePrice>6.4000</UnitOfMeasurePrice>
      <AllowDiscount>1</AllowDiscount>
      <ItemStatus>1</ItemStatus>
      <ItemId>4320</ItemId>
    </Item>
    <Item>
      <PriceUpdateDate>2015-10-01 06:18:37</PriceUpdateDate>
      <ItemCode>7290004129118</ItemCode>
      <ItemType>1</ItemType>
      <ItemName>נפולאון זיתים</ItemName>
      <ManufacturerName>תנובה מרכז שיתופי לש</ManufacturerName>
      <ManufactureCountry>ישראל</ManufactureCountry>
      <ManufacturerItemDescription>גבינהשמנ.נפולאון זיתים 225 גר          "</ManufacturerItemDescription>
      <UnitQty>גרמים</UnitQty>
      <Quantity>225.00</Quantity>
      <UnitOfMeasure>100 גרם</UnitOfMeasure>
      <bIsWeighted>0</bIsWeighted>
      <QtyInPackage>1</QtyInPackage>
      <ItemPrice>14.40</ItemPrice>
      <UnitOfMeasurePrice>6.4000</UnitOfMeasurePrice>
      <AllowDiscount>1</AllowDiscount>
      <ItemStatus>1</ItemStatus>
      <ItemId>4321</ItemId>
    </Item>
    <Item>
      <PriceUpdateDate>2015-10-01 06:18:37</PriceUpdateDate>
      <ItemCode>7290004129156</ItemCode>
      <ItemType>1</ItemType>
      <ItemName>נפולאון שום שמיר</ItemName>
      <ManufacturerName>תנובה מרכז שיתופי לש</ManufacturerName>
      <ManufactureCountry>ישראל</ManufactureCountry>
      <ManufacturerItemDescription>גבינהשמנ.נפולאון שום שמיר           225</ManufacturerItemDescription>
      <UnitQty>גרמים</UnitQty>
      <Quantity>225.00</Quantity>
      <UnitOfMeasure>100 גרם</UnitOfMeasure>
      <bIsWeighted>0</bIsWeighted>
      <QtyInPackage>1</QtyInPackage>
      <ItemPrice>14.40</ItemPrice>
      <UnitOfMeasurePrice>6.4000</UnitOfMeasurePrice>
      <AllowDiscount>1</AllowDiscount>
      <ItemStatus>1</ItemStatus>
      <ItemId>4323</ItemId>
    </Item>
    <Item>
      <PriceUpdateDate>2016-02-11 08:35:56</PriceUpdateDate>
      <ItemCode>7290004129545</ItemCode>
      <ItemType>1</ItemType>
      <ItemName>גבינה לבנה תנובה  3%</ItemName>
      <ManufacturerName>תנובה מרכז שיתופי לש</ManufacturerName>
      <ManufactureCountry>ישראל</ManufactureCountry>
      <ManufacturerItemDescription>גבינה לבנה 250 3% גרם</ManufacturerItemDescription>
      <UnitQty>גרמים</UnitQty>
      <Quantity>250.00</Quantity>
      <UnitOfMeasure>100 גרם</UnitOfMeasure>
      <bIsWeighted>0</bIsWeighted>
      <QtyInPackage>1</QtyInPackage>
      <ItemPrice>4.60</ItemPrice>
      <UnitOfMeasurePrice>1.8400</UnitOfMeasurePrice>
      <AllowDiscount>1</AllowDiscount>
      <ItemStatus>1</ItemStatus>
      <ItemId>4325</ItemId>
    </Item>
    <Item>
      <PriceUpdateDate>2015-08-31 18:55:56</PriceUpdateDate>
      <ItemCode>41390000027</ItemCode>
      <ItemType>1</ItemType>
      <ItemName>רוטב סויה קיקומן   .</ItemName>
      <ManufacturerName>קיקומן פודז אינק</ManufacturerName>
      <ManufactureCountry>ארצות הברית</ManufactureCountry>
      <ManufacturerItemDescription>רוטב סויה קיקומן 296 מל</ManufacturerItemDescription>
      <UnitQty>מיליליטרים</UnitQty>
      <Quantity>296.00</Quantity>
      <UnitOfMeasure>100 מ"ל</UnitOfMeasure>
      <bIsWeighted>0</bIsWeighted>
      <QtyInPackage>1</QtyInPackage>
      <ItemPrice>20.90</ItemPrice>
      <UnitOfMeasurePrice>7.0608</UnitOfMeasurePrice>
      <AllowDiscount>1</AllowDiscount>
      <ItemStatus>1</ItemStatus>
      <ItemId>4339</ItemId>
    </Item>
    <Item>
      <PriceUpdateDate>2015-11-02 13:27:55</PriceUpdateDate>
      <ItemCode>41390000058</ItemCode>
      <ItemType>1</ItemType>
      <ItemName>רוטב טריאקי קיקומן .</ItemName>
      <ManufacturerName>קיקומן פודז אינק</ManufacturerName>
      <ManufactureCountry>ארצות הברית</ManufactureCountry>
      <ManufacturerItemDescription>רוטב טריאקי קיקומן 296 מ"ל</ManufacturerItemDescription>
      <UnitQty>מיליליטרים</UnitQty>
      <Quantity>296.00</Quantity>
      <UnitOfMeasure>100 מ"ל</UnitOfMeasure>
      <bIsWeighted>0</bIsWeighted>
      <QtyInPackage>1</QtyInPackage>
      <ItemPrice>19.30</ItemPrice>
      <UnitOfMeasurePrice>6.5203</UnitOfMeasurePrice>
      <AllowDiscount>1</AllowDiscount>
      <ItemStatus>1</ItemStatus>
      <ItemId>4340</ItemId>
    </Item>
    <Item>
      <PriceUpdateDate>2015-11-02 13:27:53</PriceUpdateDate>
      <ItemCode>413900010558</ItemCode>
      <ItemType>1</ItemType>
      <ItemName>רוטב סויה קיקומןלייט</ItemName>
      <ManufacturerName>קיקומן פודז אינק</ManufacturerName>
      <ManufactureCountry>ארצות הברית</ManufactureCountry>
      <ManufacturerItemDescription>רוטב סויה קיקומן לייט 296   מל</ManufacturerItemDescription>
      <UnitQty>מיליליטרים</UnitQty>
      <Quantity>296.00</Quantity>
      <UnitOfMeasure>100 מ"ל</UnitOfMeasure>
      <bIsWeighted>0</bIsWeighted>
      <QtyInPackage>1</QtyInPackage>
      <ItemPrice>22.90</ItemPrice>
      <UnitOfMeasurePrice>7.7365</UnitOfMeasurePrice>
      <AllowDiscount>1</AllowDiscount>
      <ItemStatus>1</ItemStatus>
      <ItemId>4341</ItemId>
    </Item>
    <Item>
      <PriceUpdateDate>2016-03-20 08:21:52</PriceUpdateDate>
      <ItemCode>7290000416021</ItemCode>
      <ItemType>1</ItemType>
      <ItemName>ממרח השחר 500 גרם</ItemName>
      <ManufacturerName>השחר</ManufacturerName>
      <ManufactureCountry>ישראל</ManufactureCountry>
      <ManufacturerItemDescription>ממרח שוקולד השחר500 גר</ManufacturerItemDescription>
      <UnitQty>גרמים</UnitQty>
      <Quantity>500.00</Quantity>
      <UnitOfMeasure>100 גרם</UnitOfMeasure>
      <bIsWeighted>0</bIsWeighted>
      <QtyInPackage>1</QtyInPackage>
      <ItemPrice>12.90</ItemPrice>
      <UnitOfMeasurePrice>2.5800</UnitOfMeasurePrice>
      <AllowDiscount>1</AllowDiscount>
      <ItemStatus>1</ItemStatus>
      <ItemId>4369</ItemId>
    </Item>
    <Item>
      <PriceUpdateDate>2016-02-12 07:59:50</PriceUpdateDate>
      <ItemCode>7290000041858</ItemCode>
      <ItemType>1</ItemType>
      <ItemName>שמנת יטבתה מעושרת</ItemName>
      <ManufacturerName>שטראוס גרופ</ManufacturerName>
      <ManufactureCountry>ישראל</ManufactureCountry>
      <ManufacturerItemDescription>שמנת יטבתה 200 מעושרת  פיקוח</ManufacturerItemDescription>
      <UnitQty>גרמים</UnitQty>
      <Quantity>200.00</Quantity>
      <UnitOfMeasure>100 גרם</UnitOfMeasure>
      <bIsWeighted>0</bIsWeighted>
      <QtyInPackage>1</QtyInPackage>
      <ItemPrice>2.20</ItemPrice>
      <UnitOfMeasurePrice>1.1000</UnitOfMeasurePrice>
      <AllowDiscount>1</AllowDiscount>
      <ItemStatus>1</ItemStatus>
      <ItemId>4390</ItemId>
    </Item>
    <Item>
      <PriceUpdateDate>2016-02-11 08:35:56</PriceUpdateDate>
      <ItemCode>7290000042008</ItemCode>
      <ItemType>1</ItemType>
      <ItemName>חלב1 3% ל.שקית פיקוח</ItemName>
      <ManufacturerName>תנובה מרכז שיתופי לש</ManufacturerName>
      <ManufactureCountry>לא ידוע</ManufactureCountry>
      <ManufacturerItemDescription>חלב 1  3% ל.שקית פיקוח</ManufacturerItemDescription>
      <UnitQty>ליטרים</UnitQty>
      <Quantity>1.00</Quantity>
      <UnitOfMeasure>ליטר</UnitOfMeasure>
      <bIsWeighted>0</bIsWeighted>
      <QtyInPackage>1</QtyInPackage>
      <ItemPrice>5.00</ItemPrice>
      <UnitOfMeasurePrice>5.0000</UnitOfMeasurePrice>
      <AllowDiscount>1</AllowDiscount>
      <ItemStatus>1</ItemStatus>
      <ItemId>4411</ItemId>
    </Item>
    <Item>
      <PriceUpdateDate>2015-10-01 06:18:37</PriceUpdateDate>
      <ItemCode>7290000042022</ItemCode>
      <ItemType>1</ItemType>
      <ItemName>חלב 1% על הבוקר</ItemName>
      <ManufacturerName>תנובה מרכז שיתופי לש</ManufacturerName>
      <ManufactureCountry>ישראל</ManufactureCountry>
      <ManufacturerItemDescription>חלב 1% על הבוקר קרטון+פקק1 ל           .</ManufacturerItemDescription>
      <UnitQty>ליטרים</UnitQty>
      <Quantity>1.00</Quantity>
      <UnitOfMeasure>ליטר</UnitOfMeasure>
      <bIsWeighted>0</bIsWeighted>
      <QtyInPackage>1</QtyInPackage>
      <ItemPrice>9.60</ItemPrice>
      <UnitOfMeasurePrice>9.6000</UnitOfMeasurePrice>
      <AllowDiscount>1</AllowDiscount>
      <ItemStatus>1</ItemStatus>
      <ItemId>4416</ItemId>
    </Item>
    <Item>
      <PriceUpdateDate>2015-10-02 09:08:57</PriceUpdateDate>
      <ItemCode>7290002706168</ItemCode>
      <ItemType>1</ItemType>
      <ItemName>פיצה מרגריטה משפחתית</ItemName>
      <ManufacturerName>פילסברי</ManufacturerName>
      <ManufactureCountry>ארצות הברית</ManufactureCountry>
      <ManufacturerItemDescription>פיצה מרגריטה משפחתית 505 גר            "</ManufacturerItemDescription>
      <UnitQty>גרמים</UnitQty>
      <Quantity>505.00</Quantity>
      <UnitOfMeasure>100 גרם</UnitOfMeasure>
      <bIsWeighted>0</bIsWeighted>
      <QtyInPackage>1</QtyInPackage>
      <ItemPrice>24.90</ItemPrice>
      <UnitOfMeasurePrice>4.9307</UnitOfMeasurePrice>
      <AllowDiscount>1</AllowDiscount>
      <ItemStatus>1</ItemStatus>
      <ItemId>92210</ItemId>
    </Item>
    <Item>
      <PriceUpdateDate>2016-02-11 08:35:56</PriceUpdateDate>
      <ItemCode>7290000042435</ItemCode>
      <ItemType>1</ItemType>
      <ItemName>חלב1 1% ל.קרטון פיקו</ItemName>
      <ManufacturerName>תנובה מרכז שיתופי לש</ManufacturerName>
      <ManufactureCountry>ישראל</ManufactureCountry>
      <ManufacturerItemDescription>חלב1 1% ל.קרטון פיקוח</ManufacturerItemDescription>
      <UnitQty>ליטרים</UnitQty>
      <Quantity>1.00</Quantity>
      <UnitOfMeasure>ליטר</UnitOfMeasure>
      <bIsWeighted>0</bIsWeighted>
      <QtyInPackage>1</QtyInPackage>
      <ItemPrice>5.40</ItemPrice>
      <UnitOfMeasurePrice>5.4000</UnitOfMeasurePrice>
      <AllowDiscount>1</AllowDiscount>
      <ItemStatus>1</ItemStatus>
      <ItemId>4451</ItemId>
    </Item>
    <Item>
      <PriceUpdateDate>2016-02-11 11:19:44</PriceUpdateDate>
      <ItemCode>7290000042442</ItemCode>
      <ItemType>1</ItemType>
      <ItemName>חלב1 3% ל.קרטון+פקק</ItemName>
      <ManufacturerName>תנובה מרכז שיתופי לש</ManufacturerName>
      <ManufactureCountry>ישראל</ManufactureCountry>
      <ManufacturerItemDescription>חלב1 3% ל.קרטון+פקק פיקוח</ManufacturerItemDescription>
      <UnitQty>ליטרים</UnitQty>
      <Quantity>1.00</Quantity>
      <UnitOfMeasure>ליטר</UnitOfMeasure>
      <bIsWeighted>0</bIsWeighted>
      <QtyInPackage>1</QtyInPackage>
      <ItemPrice>5.70</ItemPrice>
      <UnitOfMeasurePrice>5.7000</UnitOfMeasurePrice>
      <AllowDiscount>1</AllowDiscount>
      <ItemStatus>1</ItemStatus>
      <ItemId>4452</ItemId>
    </Item>
    <Item>
      <PriceUpdateDate>2015-10-01 06:18:37</PriceUpdateDate>
      <ItemCode>7290000042503</ItemCode>
      <ItemType>1</ItemType>
      <ItemName>חלב עמיד 3% קרטון</ItemName>
      <ManufacturerName>תנובה מרכז שיתופי לש</ManufacturerName>
      <ManufactureCountry>ישראל</ManufactureCountry>
      <ManufacturerItemDescription>חלב עמיד1 ל 3% .קרטון</ManufacturerItemDescription>
      <UnitQty>ליטרים</UnitQty>
      <Quantity>1.00</Quantity>
      <UnitOfMeasure>ליטר</UnitOfMeasure>
      <bIsWeighted>0</bIsWeighted>
      <QtyInPackage>1</QtyInPackage>
      <ItemPrice>7.00</ItemPrice>
      <UnitOfMeasurePrice>7.0000</UnitOfMeasurePrice>
      <AllowDiscount>1</AllowDiscount>
      <ItemStatus>1</ItemStatus>
      <ItemId>4454</ItemId>
    </Item>
    <Item>
      <PriceUpdateDate>2015-10-01 06:18:37</PriceUpdateDate>
      <ItemCode>7290000042541</ItemCode>
      <ItemType>1</ItemType>
      <ItemName>חלב עמיד 1%דל שומן</ItemName>
      <ManufacturerName>תנובה מרכז שיתופי לש</ManufacturerName>
      <ManufactureCountry>ישראל</ManufactureCountry>
      <ManufacturerItemDescription>חלב עמיד1 ל 1% .קרטון</ManufacturerItemDescription>
      <UnitQty>ליטרים</UnitQty>
      <Quantity>1.00</Quantity>
      <UnitOfMeasure>ליטר</UnitOfMeasure>
      <bIsWeighted>0</bIsWeighted>
      <QtyInPackage>1</QtyInPackage>
      <ItemPrice>8.40</ItemPrice>
      <UnitOfMeasurePrice>8.4000</UnitOfMeasurePrice>
      <AllowDiscount>1</AllowDiscount>
      <ItemStatus>1</ItemStatus>
      <ItemId>4457</ItemId>
    </Item>
    <Item>
      <PriceUpdateDate>2015-01-01 00:00:00</PriceUpdateDate>
      <ItemCode>7290000042855</ItemCode>
      <ItemType>1</ItemType>
      <ItemName>שוקו יוטבתה</ItemName>
      <ManufacturerName>שטראוס גרופ</ManufacturerName>
      <ManufactureCountry>לא ידוע</ManufactureCountry>
      <ManufacturerItemDescription>שוקו בשקית 225 מל.יוטבתה</ManufacturerItemDescription>
      <UnitQty>מיליליטרים</UnitQty>
      <Quantity>225.00</Quantity>
      <UnitOfMeasure>100 מ"ל</UnitOfMeasure>
      <bIsWeighted>0</bIsWeighted>
      <QtyInPackage>1</QtyInPackage>
      <ItemPrice>2.90</ItemPrice>
      <UnitOfMeasurePrice>1.2889</UnitOfMeasurePrice>
      <AllowDiscount>1</AllowDiscount>
      <ItemStatus>1</ItemStatus>
      <ItemId>4478</ItemId>
    </Item>
    <Item>
      <PriceUpdateDate>2016-02-11 08:35:56</PriceUpdateDate>
      <ItemCode>7290000043111</ItemCode>
      <ItemType>1</ItemType>
      <ItemName>חמאה</ItemName>
      <ManufacturerName>תנובה מרכז שיתופי לש</ManufacturerName>
      <ManufactureCountry>ישראל</ManufactureCountry>
      <ManufacturerItemDescription>חמאה 200 גרם פיקוח</ManufacturerItemDescription>
      <UnitQty>גרמים</UnitQty>
      <Quantity>200.00</Quantity>
      <UnitOfMeasure>100 גרם</UnitOfMeasure>
      <bIsWeighted>0</bIsWeighted>
      <QtyInPackage>1</QtyInPackage>
      <ItemPrice>7.60</ItemPrice>
      <UnitOfMeasurePrice>3.8000</UnitOfMeasurePrice>
      <AllowDiscount>1</AllowDiscount>
      <ItemStatus>1</ItemStatus>
      <ItemId>4487</ItemId>
    </Item>
    <Item>
      <PriceUpdateDate>2015-10-27 09:11:54</PriceUpdateDate>
      <ItemCode>7290000432120</ItemCode>
      <ItemType>1</ItemType>
      <ItemName>נרות חנוכה קופסה</ItemName>
      <ManufacturerName>פאלאס</ManufacturerName>
      <ManufactureCountry>ישראל</ManufactureCountry>
      <ManufacturerItemDescription>נרות חנוכה קופסה</ManufacturerItemDescription>
      <UnitQty>Unknown </UnitQty>
      <Quantity>0.00</Quantity>
      <UnitOfMeasure>Unknown </UnitOfMeasure>
      <bIsWeighted>0</bIsWeighted>
      <QtyInPackage>1</QtyInPackage>
      <ItemPrice>4.80</ItemPrice>
      <UnitOfMeasurePrice>0.0000</UnitOfMeasurePrice>
      <AllowDiscount>1</AllowDiscount>
      <ItemStatus>1</ItemStatus>
      <ItemId>4498</ItemId>
    </Item>
    <Item>
      <PriceUpdateDate>2015-11-02 08:28:05</PriceUpdateDate>
      <ItemCode>7290000432489</ItemCode>
      <ItemType>1</ItemType>
      <ItemName>נרות חנוכה מיוחדים</ItemName>
      <ManufacturerName>יושלם</ManufacturerName>
      <ManufactureCountry>יושלם</ManufactureCountry>
      <ManufacturerItemDescription>נרות חנוכה מיוחדים ארוכים</ManufacturerItemDescription>
      <UnitQty>Unknown </UnitQty>
      <Quantity>0.00</Quantity>
      <UnitOfMeasure>Unknown </UnitOfMeasure>
      <bIsWeighted>0</bIsWeighted>
      <QtyInPackage>1</QtyInPackage>
      <ItemPrice>9.90</ItemPrice>
      <UnitOfMeasurePrice>0.0000</UnitOfMeasurePrice>
      <AllowDiscount>1</AllowDiscount>
      <ItemStatus>1</ItemStatus>
      <ItemId>4513</ItemId>
    </Item>
    <Item>
      <PriceUpdateDate>2016-03-15 10:14:59</PriceUpdateDate>
      <ItemCode>7290000433714</ItemCode>
      <ItemType>1</ItemType>
      <ItemName>פפסי סבנאפ</ItemName>
      <ManufacturerName>טמפו</ManufacturerName>
      <ManufactureCountry>ישראל</ManufactureCountry>
      <ManufacturerItemDescription>פפסי סבנאפ 1.5  ל                      .</ManufacturerItemDescription>
      <UnitQty>ליטרים</UnitQty>
      <Quantity>1.50</Quantity>
      <UnitOfMeasure>ליטר</UnitOfMeasure>
      <bIsWeighted>0</bIsWeighted>
      <QtyInPackage>1</QtyInPackage>
      <ItemPrice>6.50</ItemPrice>
      <UnitOfMeasurePrice>4.3333</UnitOfMeasurePrice>
      <AllowDiscount>1</AllowDiscount>
      <ItemStatus>1</ItemStatus>
      <ItemId>4535</ItemId>
    </Item>
    <Item>
      <PriceUpdateDate>2015-01-01 00:00:00</PriceUpdateDate>
      <ItemCode>7290000433745</ItemCode>
      <ItemType>1</ItemType>
      <ItemName>פפסי מירינדה</ItemName>
      <ManufacturerName>טמפו</ManufacturerName>
      <ManufactureCountry>ישראל</ManufactureCountry>
      <ManufacturerItemDescription>פפסי מירינדה 1.5  ל                    .</ManufacturerItemDescription>
      <UnitQty>ליטרים</UnitQty>
      <Quantity>1.50</Quantity>
      <UnitOfMeasure>ליטר</UnitOfMeasure>
      <bIsWeighted>0</bIsWeighted>
      <QtyInPackage>1</QtyInPackage>
      <ItemPrice>6.50</ItemPrice>
      <UnitOfMeasurePrice>4.3333</UnitOfMeasurePrice>
      <AllowDiscount>1</AllowDiscount>
      <ItemStatus>1</ItemStatus>
      <ItemId>4537</ItemId>
    </Item>
    <Item>
      <PriceUpdateDate>2016-03-15 10:14:59</PriceUpdateDate>
      <ItemCode>7290000433899</ItemCode>
      <ItemType>1</ItemType>
      <ItemName>פפסי סבנאפ דיאט</ItemName>
      <ManufacturerName>טמפו</ManufacturerName>
      <ManufactureCountry>ישראל</ManufactureCountry>
      <ManufacturerItemDescription>פפסי סבנאפ דיאט 1.5  ל                 .</ManufacturerItemDescription>
      <UnitQty>ליטרים</UnitQty>
      <Quantity>1.50</Quantity>
      <UnitOfMeasure>ליטר</UnitOfMeasure>
      <bIsWeighted>0</bIsWeighted>
      <QtyInPackage>1</QtyInPackage>
      <ItemPrice>6.50</ItemPrice>
      <UnitOfMeasurePrice>4.3333</UnitOfMeasurePrice>
      <AllowDiscount>1</AllowDiscount>
      <ItemStatus>1</ItemStatus>
      <ItemId>4538</ItemId>
    </Item>
    <Item>
      <PriceUpdateDate>2016-03-15 10:14:59</PriceUpdateDate>
      <ItemCode>7290000433974</ItemCode>
      <ItemType>1</ItemType>
      <ItemName>פפסי קולה מקס</ItemName>
      <ManufacturerName>טמפו</ManufacturerName>
      <ManufactureCountry>ישראל</ManufactureCountry>
      <ManufacturerItemDescription>פפסי קולה מקס 1.5 ללא סוכר</ManufacturerItemDescription>
      <UnitQty>ליטרים</UnitQty>
      <Quantity>1.50</Quantity>
      <UnitOfMeasure>ליטר</UnitOfMeasure>
      <bIsWeighted>0</bIsWeighted>
      <QtyInPackage>1</QtyInPackage>
      <ItemPrice>6.50</ItemPrice>
      <UnitOfMeasurePrice>4.3333</UnitOfMeasurePrice>
      <AllowDiscount>1</AllowDiscount>
      <ItemStatus>1</ItemStatus>
      <ItemId>4540</ItemId>
    </Item>
    <Item>
      <PriceUpdateDate>2016-02-11 11:19:44</PriceUpdateDate>
      <ItemCode>7290000043814</ItemCode>
      <ItemType>1</ItemType>
      <ItemName>שמנת מתוקה עמיד  38%</ItemName>
      <ManufacturerName>תנובה מרכז שיתופי לש</ManufacturerName>
      <ManufactureCountry>ישראל</ManufactureCountry>
      <ManufacturerItemDescription>שמנת מתוקה עמידה 250 38%גרם</ManufacturerItemDescription>
      <UnitQty>מיליליטרים</UnitQty>
      <Quantity>250.00</Quantity>
      <UnitOfMeasure>100 מ"ל</UnitOfMeasure>
      <bIsWeighted>0</bIsWeighted>
      <QtyInPackage>1</QtyInPackage>
      <ItemPrice>5.90</ItemPrice>
      <UnitOfMeasurePrice>2.3600</UnitOfMeasurePrice>
      <AllowDiscount>1</AllowDiscount>
      <ItemStatus>1</ItemStatus>
      <ItemId>4635</ItemId>
    </Item>
    <Item>
      <PriceUpdateDate>2015-10-01 06:18:37</PriceUpdateDate>
      <ItemCode>7290000043890</ItemCode>
      <ItemType>1</ItemType>
      <ItemName>רויון 1 ליטר בקרטון</ItemName>
      <ManufacturerName>תנובה מרכז שיתופי לש</ManufacturerName>
      <ManufactureCountry>ישראל</ManufactureCountry>
      <ManufacturerItemDescription>רויון 1 ליטר בקרטון</ManufacturerItemDescription>
      <UnitQty>ליטרים</UnitQty>
      <Quantity>1.00</Quantity>
      <UnitOfMeasure>ליטר</UnitOfMeasure>
      <bIsWeighted>0</bIsWeighted>
      <QtyInPackage>1</QtyInPackage>
      <ItemPrice>11.10</ItemPrice>
      <UnitOfMeasurePrice>11.1000</UnitOfMeasurePrice>
      <AllowDiscount>1</AllowDiscount>
      <ItemStatus>1</ItemStatus>
      <ItemId>4657</ItemId>
    </Item>
    <Item>
      <PriceUpdateDate>2015-10-01 06:15:29</PriceUpdateDate>
      <ItemCode>7290004423353</ItemCode>
      <ItemType>1</ItemType>
      <ItemName>משקל פריגת תפוחים בק</ItemName>
      <ManufacturerName>פריגת</ManufacturerName>
      <ManufactureCountry>ישראל</ManufactureCountry>
      <ManufacturerItemDescription>משקל פריגת תפוחים 1.5 ל                "</ManufacturerItemDescription>
      <UnitQty>ליטרים</UnitQty>
      <Quantity>1.50</Quantity>
      <UnitOfMeasure>ליטר</UnitOfMeasure>
      <bIsWeighted>0</bIsWeighted>
      <QtyInPackage>1</QtyInPackage>
      <ItemPrice>6.80</ItemPrice>
      <UnitOfMeasurePrice>4.5333</UnitOfMeasurePrice>
      <AllowDiscount>1</AllowDiscount>
      <ItemStatus>1</ItemStatus>
      <ItemId>4679</ItemId>
    </Item>
    <Item>
      <PriceUpdateDate>2015-10-01 06:18:37</PriceUpdateDate>
      <ItemCode>7290000044248</ItemCode>
      <ItemType>1</ItemType>
      <ItemName>רוויון</ItemName>
      <ManufacturerName>תנובה מרכז שיתופי לש</ManufacturerName>
      <ManufactureCountry>ישראל</ManufactureCountry>
      <ManufacturerItemDescription>רויון500 מל .קרטון</ManufacturerItemDescription>
      <UnitQty>מיליליטרים</UnitQty>
      <Quantity>500.00</Quantity>
      <UnitOfMeasure>100 מ"ל</UnitOfMeasure>
      <bIsWeighted>0</bIsWeighted>
      <QtyInPackage>1</QtyInPackage>
      <ItemPrice>6.30</ItemPrice>
      <UnitOfMeasurePrice>1.2600</UnitOfMeasurePrice>
      <AllowDiscount>1</AllowDiscount>
      <ItemStatus>1</ItemStatus>
      <ItemId>4680</ItemId>
    </Item>
    <Item>
      <PriceUpdateDate>2015-10-01 06:18:37</PriceUpdateDate>
      <ItemCode>7290000044712</ItemCode>
      <ItemType>1</ItemType>
      <ItemName>פרילי תות</ItemName>
      <ManufacturerName>תנובה מרכז שיתופי לש</ManufacturerName>
      <ManufactureCountry>ישראל</ManufactureCountry>
      <ManufacturerItemDescription>פרילי תות500 מל                        .</ManufacturerItemDescription>
      <UnitQty>גרמים</UnitQty>
      <Quantity>500.00</Quantity>
      <UnitOfMeasure>100 גרם</UnitOfMeasure>
      <bIsWeighted>0</bIsWeighted>
      <QtyInPackage>1</QtyInPackage>
      <ItemPrice>10.60</ItemPrice>
      <UnitOfMeasurePrice>2.1200</UnitOfMeasurePrice>
      <AllowDiscount>1</AllowDiscount>
      <ItemStatus>1</ItemStatus>
      <ItemId>4694</ItemId>
    </Item>
    <Item>
      <PriceUpdateDate>2015-10-01 06:18:37</PriceUpdateDate>
      <ItemCode>7290000044880</ItemCode>
      <ItemType>1</ItemType>
      <ItemName>באדי תות         3%</ItemName>
      <ManufacturerName>תנובה מרכז שיתופי לש</ManufacturerName>
      <ManufactureCountry>ישראל</ManufactureCountry>
      <ManufacturerItemDescription>באדי תות 500 3% מל</ManufacturerItemDescription>
      <UnitQty>מיליליטרים</UnitQty>
      <Quantity>500.00</Quantity>
      <UnitOfMeasure>100 מ"ל</UnitOfMeasure>
      <bIsWeighted>0</bIsWeighted>
      <QtyInPackage>1</QtyInPackage>
      <ItemPrice>9.10</ItemPrice>
      <UnitOfMeasurePrice>1.8200</UnitOfMeasurePrice>
      <AllowDiscount>1</AllowDiscount>
      <ItemStatus>1</ItemStatus>
      <ItemId>4697</ItemId>
    </Item>
    <Item>
      <PriceUpdateDate>2015-10-01 06:13:35</PriceUpdateDate>
      <ItemCode>7290004492342</ItemCode>
      <ItemType>1</ItemType>
      <ItemName>נשנושי קרקר קוקטייל</ItemName>
      <ManufacturerName>אתר בייגל - Food</ManufacturerName>
      <ManufactureCountry>ישראל</ManufactureCountry>
      <ManufacturerItemDescription>נשנושי קרקר קוקטייל מלח 350 גר</ManufacturerItemDescription>
      <UnitQty>גרמים</UnitQty>
      <Quantity>350.00</Quantity>
      <UnitOfMeasure>100 גרם</UnitOfMeasure>
      <bIsWeighted>0</bIsWeighted>
      <QtyInPackage>1</QtyInPackage>
      <ItemPrice>13.80</ItemPrice>
      <UnitOfMeasurePrice>3.9429</UnitOfMeasurePrice>
      <AllowDiscount>1</AllowDiscount>
      <ItemStatus>1</ItemStatus>
      <ItemId>4703</ItemId>
    </Item>
    <Item>
      <PriceUpdateDate>2015-10-01 06:13:35</PriceUpdateDate>
      <ItemCode>7290004492823</ItemCode>
      <ItemType>1</ItemType>
      <ItemName>נשנושי קרקר-שומשום</ItemName>
      <ManufacturerName>אתר בייגל - Food</ManufacturerName>
      <ManufactureCountry>ישראל</ManufactureCountry>
      <ManufacturerItemDescription>נשנושי קרקר-משולשי שומשום350 ג</ManufacturerItemDescription>
      <UnitQty>גרמים</UnitQty>
      <Quantity>350.00</Quantity>
      <UnitOfMeasure>100 גרם</UnitOfMeasure>
      <bIsWeighted>0</bIsWeighted>
      <QtyInPackage>1</QtyInPackage>
      <ItemPrice>14.20</ItemPrice>
      <UnitOfMeasurePrice>4.0571</UnitOfMeasurePrice>
      <AllowDiscount>1</AllowDiscount>
      <ItemStatus>1</ItemStatus>
      <ItemId>4716</ItemId>
    </Item>
    <Item>
      <PriceUpdateDate>2015-10-02 09:08:55</PriceUpdateDate>
      <ItemCode>7290000450209</ItemCode>
      <ItemType>1</ItemType>
      <ItemName>טונה בהירה בשמן</ItemName>
      <ManufacturerName>ויליגר</ManufacturerName>
      <ManufactureCountry>ישראל</ManufactureCountry>
      <ManufacturerItemDescription>טונה בהירה בשמן פוסידון 108 גר</ManufacturerItemDescription>
      <UnitQty>גרמים</UnitQty>
      <Quantity>108.00</Quantity>
      <UnitOfMeasure>100 גרם</UnitOfMeasure>
      <bIsWeighted>0</bIsWeighted>
      <QtyInPackage>1</QtyInPackage>
      <ItemPrice>5.90</ItemPrice>
      <UnitOfMeasurePrice>5.4630</UnitOfMeasurePrice>
      <AllowDiscount>1</AllowDiscount>
      <ItemStatus>1</ItemStatus>
      <ItemId>4719</ItemId>
    </Item>
    <Item>
      <PriceUpdateDate>2015-10-02 09:08:55</PriceUpdateDate>
      <ItemCode>7290000450308</ItemCode>
      <ItemType>1</ItemType>
      <ItemName>טונה בהירה במים</ItemName>
      <ManufacturerName>ויליגר</ManufacturerName>
      <ManufactureCountry>ישראל</ManufactureCountry>
      <ManufacturerItemDescription>טונה בהירהבמיםפוסידון 108 גר</ManufacturerItemDescription>
      <UnitQty>גרמים</UnitQty>
      <Quantity>108.00</Quantity>
      <UnitOfMeasure>100 גרם</UnitOfMeasure>
      <bIsWeighted>0</bIsWeighted>
      <QtyInPackage>1</QtyInPackage>
      <ItemPrice>5.90</ItemPrice>
      <UnitOfMeasurePrice>5.4630</UnitOfMeasurePrice>
      <AllowDiscount>1</AllowDiscount>
      <ItemStatus>1</ItemStatus>
      <ItemId>4726</ItemId>
    </Item>
    <Item>
      <PriceUpdateDate>2015-08-12 06:10:42</PriceUpdateDate>
      <ItemCode>7290000453019</ItemCode>
      <ItemType>1</ItemType>
      <ItemName>שמרים לחים אינסטנט</ItemName>
      <ManufacturerName>שטראוס גרופ</ManufacturerName>
      <ManufactureCountry>ישראל</ManufactureCountry>
      <ManufacturerItemDescription>שמרים לחים אינסטנט                   50</ManufacturerItemDescription>
      <UnitQty>גרמים</UnitQty>
      <Quantity>50.00</Quantity>
      <UnitOfMeasure>100 גרם</UnitOfMeasure>
      <bIsWeighted>0</bIsWeighted>
      <QtyInPackage>1</QtyInPackage>
      <ItemPrice>4.70</ItemPrice>
      <UnitOfMeasurePrice>9.4000</UnitOfMeasurePrice>
      <AllowDiscount>1</AllowDiscount>
      <ItemStatus>1</ItemStatus>
      <ItemId>4730</ItemId>
    </Item>
    <Item>
      <PriceUpdateDate>2015-10-01 06:13:00</PriceUpdateDate>
      <ItemCode>7290004534264</ItemCode>
      <ItemType>1</ItemType>
      <ItemName>פמילי ס.נוזלי ויט E</ItemName>
      <ManufacturerName>אינטרקוסמא</ManufacturerName>
      <ManufactureCountry>לא ידוע</ManufactureCountry>
      <ManufacturerItemDescription>פמילי ס.נוזלי ויט E ל                 .1</ManufacturerItemDescription>
      <UnitQty>ליטרים</UnitQty>
      <Quantity>1.00</Quantity>
      <UnitOfMeasure>ליטר</UnitOfMeasure>
      <bIsWeighted>0</bIsWeighted>
      <QtyInPackage>1</QtyInPackage>
      <ItemPrice>11.80</ItemPrice>
      <UnitOfMeasurePrice>11.8000</UnitOfMeasurePrice>
      <AllowDiscount>1</AllowDiscount>
      <ItemStatus>1</ItemStatus>
      <ItemId>4732</ItemId>
    </Item>
    <Item>
      <PriceUpdateDate>2015-10-01 06:15:10</PriceUpdateDate>
      <ItemCode>7290004554231</ItemCode>
      <ItemType>1</ItemType>
      <ItemName>טילוןסופר קורנטועוגי</ItemName>
      <ManufacturerName>שטראוס גלידות</ManufacturerName>
      <ManufactureCountry>ישראל</ManufactureCountry>
      <ManufacturerItemDescription>טילון סופר קורנטו עוגיות</ManufacturerItemDescription>
      <UnitQty>גרמים</UnitQty>
      <Quantity>120.00</Quantity>
      <UnitOfMeasure>100 גרם</UnitOfMeasure>
      <bIsWeighted>0</bIsWeighted>
      <QtyInPackage>1</QtyInPackage>
      <ItemPrice>11.80</ItemPrice>
      <UnitOfMeasurePrice>9.8333</UnitOfMeasurePrice>
      <AllowDiscount>1</AllowDiscount>
      <ItemStatus>1</ItemStatus>
      <ItemId>4746</ItemId>
    </Item>
    <Item>
      <PriceUpdateDate>2015-10-01 06:15:10</PriceUpdateDate>
      <ItemCode>7290004554354</ItemCode>
      <ItemType>1</ItemType>
      <ItemName>פנטזיה שוקו וניל</ItemName>
      <ManufacturerName>שטראוס גלידות</ManufacturerName>
      <ManufactureCountry>ישראל</ManufactureCountry>
      <ManufacturerItemDescription>גלידה פנטזיה שוקו וניל 1 ל             .</ManufacturerItemDescription>
      <UnitQty>ליטרים</UnitQty>
      <Quantity>1.00</Quantity>
      <UnitOfMeasure>ליטר</UnitOfMeasure>
      <bIsWeighted>0</bIsWeighted>
      <QtyInPackage>1</QtyInPackage>
      <ItemPrice>24.50</ItemPrice>
      <UnitOfMeasurePrice>24.5000</UnitOfMeasurePrice>
      <AllowDiscount>1</AllowDiscount>
      <ItemStatus>1</ItemStatus>
      <ItemId>4747</ItemId>
    </Item>
    <Item>
      <PriceUpdateDate>2015-10-01 06:15:10</PriceUpdateDate>
      <ItemCode>7290004554514</ItemCode>
      <ItemType>1</ItemType>
      <ItemName>מגנום חוף השנהב</ItemName>
      <ManufacturerName>שטראוס גלידות</ManufacturerName>
      <ManufactureCountry>ישראל</ManufactureCountry>
      <ManufacturerItemDescription>מגנום חוף השנהב</ManufacturerItemDescription>
      <UnitQty>גרמים</UnitQty>
      <Quantity>94.00</Quantity>
      <UnitOfMeasure>100 גרם</UnitOfMeasure>
      <bIsWeighted>0</bIsWeighted>
      <QtyInPackage>1</QtyInPackage>
      <ItemPrice>11.80</ItemPrice>
      <UnitOfMeasurePrice>12.5532</UnitOfMeasurePrice>
      <AllowDiscount>1</AllowDiscount>
      <ItemStatus>1</ItemStatus>
      <ItemId>4748</ItemId>
    </Item>
    <Item>
      <PriceUpdateDate>2015-01-01 00:00:00</PriceUpdateDate>
      <ItemCode>7290004554781</ItemCode>
      <ItemType>1</ItemType>
      <ItemName>אסקימו לימון</ItemName>
      <ManufacturerName>שטראוס גלידות</ManufacturerName>
      <ManufactureCountry>ישראל</ManufactureCountry>
      <ManufacturerItemDescription>שלגון אסקימו לימון יח                  .</ManufacturerItemDescription>
      <UnitQty>גרמים</UnitQty>
      <Quantity>84.00</Quantity>
      <UnitOfMeasure>100 גרם</UnitOfMeasure>
      <bIsWeighted>0</bIsWeighted>
      <QtyInPackage>1</QtyInPackage>
      <ItemPrice>2.90</ItemPrice>
      <UnitOfMeasurePrice>3.4524</UnitOfMeasurePrice>
      <AllowDiscount>1</AllowDiscount>
      <ItemStatus>1</ItemStatus>
      <ItemId>4749</ItemId>
    </Item>
    <Item>
      <PriceUpdateDate>2015-10-01 06:15:10</PriceUpdateDate>
      <ItemCode>7290004554903</ItemCode>
      <ItemType>1</ItemType>
      <ItemName>פנטזיה פרווה שוקו ונ</ItemName>
      <ManufacturerName>שטראוס גלידות</ManufacturerName>
      <ManufactureCountry>ישראל</ManufactureCountry>
      <ManufacturerItemDescription>גלידה פנטזיה פרווה 1 ל                 .</ManufacturerItemDescription>
      <UnitQty>ליטרים</UnitQty>
      <Quantity>1.00</Quantity>
      <UnitOfMeasure>ליטר</UnitOfMeasure>
      <bIsWeighted>0</bIsWeighted>
      <QtyInPackage>1</QtyInPackage>
      <ItemPrice>24.50</ItemPrice>
      <UnitOfMeasurePrice>24.5000</UnitOfMeasurePrice>
      <AllowDiscount>1</AllowDiscount>
      <ItemStatus>1</ItemStatus>
      <ItemId>4750</ItemId>
    </Item>
    <Item>
      <PriceUpdateDate>2015-10-01 06:18:37</PriceUpdateDate>
      <ItemCode>7290000045573</ItemCode>
      <ItemType>1</ItemType>
      <ItemName>גבינה מותכת נעמה</ItemName>
      <ManufacturerName>תנובה מרכז שיתופי לש</ManufacturerName>
      <ManufactureCountry>ישראל</ManufactureCountry>
      <ManufacturerItemDescription>גבינה מותכת נעמה 200 גרם</ManufacturerItemDescription>
      <UnitQty>גרמים</UnitQty>
      <Quantity>200.00</Quantity>
      <UnitOfMeasure>100 גרם</UnitOfMeasure>
      <bIsWeighted>0</bIsWeighted>
      <QtyInPackage>1</QtyInPackage>
      <ItemPrice>14.40</ItemPrice>
      <UnitOfMeasurePrice>7.2000</UnitOfMeasurePrice>
      <AllowDiscount>1</AllowDiscount>
      <ItemStatus>1</ItemStatus>
      <ItemId>4751</ItemId>
    </Item>
    <Item>
      <PriceUpdateDate>2015-01-01 00:00:00</PriceUpdateDate>
      <ItemCode>7290000045580</ItemCode>
      <ItemType>1</ItemType>
      <ItemName>גבינה מותכת חורש</ItemName>
      <ManufacturerName>תנובה מרכז שיתופי לש</ManufacturerName>
      <ManufactureCountry>ישראל</ManufactureCountry>
      <ManufacturerItemDescription>גבינה מותכת חורש 240 גרם</ManufacturerItemDescription>
      <UnitQty>גרמים</UnitQty>
      <Quantity>240.00</Quantity>
      <UnitOfMeasure>100 גרם</UnitOfMeasure>
      <bIsWeighted>0</bIsWeighted>
      <QtyInPackage>1</QtyInPackage>
      <ItemPrice>19.50</ItemPrice>
      <UnitOfMeasurePrice>8.1250</UnitOfMeasurePrice>
      <AllowDiscount>1</AllowDiscount>
      <ItemStatus>1</ItemStatus>
      <ItemId>4752</ItemId>
    </Item>
    <Item>
      <PriceUpdateDate>2015-10-01 06:13:14</PriceUpdateDate>
      <ItemCode>7290004584306</ItemCode>
      <ItemType>1</ItemType>
      <ItemName>גמדים תות בננה</ItemName>
      <ManufacturerName>שטראוס גרופ</ManufacturerName>
      <ManufactureCountry>ישראל</ManufactureCountry>
      <ManufacturerItemDescription>מארז גמדים תות בננה                 1/4</ManufacturerItemDescription>
      <UnitQty>גרמים</UnitQty>
      <Quantity>400.00</Quantity>
      <UnitOfMeasure>100 גרם</UnitOfMeasure>
      <bIsWeighted>0</bIsWeighted>
      <QtyInPackage>1</QtyInPackage>
      <ItemPrice>11.80</ItemPrice>
      <UnitOfMeasurePrice>2.9500</UnitOfMeasurePrice>
      <AllowDiscount>1</AllowDiscount>
      <ItemStatus>1</ItemStatus>
      <ItemId>4760</ItemId>
    </Item>
    <Item>
      <PriceUpdateDate>2015-10-01 06:13:14</PriceUpdateDate>
      <ItemCode>7290004584351</ItemCode>
      <ItemType>1</ItemType>
      <ItemName>סימפוניה טבעי    5%</ItemName>
      <ManufacturerName>שטראוס גרופ</ManufacturerName>
      <ManufactureCountry>ישראל</ManufactureCountry>
      <ManufacturerItemDescription>סימפוניה בטעם טבעי 200 גרם           5%</ManufacturerItemDescription>
      <UnitQty>גרמים</UnitQty>
      <Quantity>200.00</Quantity>
      <UnitOfMeasure>100 גרם</UnitOfMeasure>
      <bIsWeighted>0</bIsWeighted>
      <QtyInPackage>1</QtyInPackage>
      <ItemPrice>12.70</ItemPrice>
      <UnitOfMeasurePrice>6.3500</UnitOfMeasurePrice>
      <AllowDiscount>1</AllowDiscount>
      <ItemStatus>1</ItemStatus>
      <ItemId>4761</ItemId>
    </Item>
    <Item>
      <PriceUpdateDate>2015-08-12 06:10:42</PriceUpdateDate>
      <ItemCode>7290004584528</ItemCode>
      <ItemType>1</ItemType>
      <ItemName>דנונה ביו      1.7%</ItemName>
      <ManufacturerName>שטראוס גרופ</ManufacturerName>
      <ManufactureCountry>ישראל</ManufactureCountry>
      <ManufacturerItemDescription>יוגורט דנונה בי 200  1.7% גרם</ManufacturerItemDescription>
      <UnitQty>גרמים</UnitQty>
      <Quantity>200.00</Quantity>
      <UnitOfMeasure>100 גרם</UnitOfMeasure>
      <bIsWeighted>0</bIsWeighted>
      <QtyInPackage>1</QtyInPackage>
      <ItemPrice>3.80</ItemPrice>
      <UnitOfMeasurePrice>1.9000</UnitOfMeasurePrice>
      <AllowDiscount>1</AllowDiscount>
      <ItemStatus>1</ItemStatus>
      <ItemId>4762</ItemId>
    </Item>
    <Item>
      <PriceUpdateDate>2015-08-12 06:10:42</PriceUpdateDate>
      <ItemCode>7290004585907</ItemCode>
      <ItemType>1</ItemType>
      <ItemName>דני וניל</ItemName>
      <ManufacturerName>שטראוס גרופ</ManufacturerName>
      <ManufactureCountry>ישראל</ManufactureCountry>
      <ManufacturerItemDescription>דני וניל125 גר                         .</ManufacturerItemDescription>
      <UnitQty>גרמים</UnitQty>
      <Quantity>125.00</Quantity>
      <UnitOfMeasure>100 גרם</UnitOfMeasure>
      <bIsWeighted>0</bIsWeighted>
      <QtyInPackage>1</QtyInPackage>
      <ItemPrice>2.90</ItemPrice>
      <UnitOfMeasurePrice>2.3200</UnitOfMeasurePrice>
      <AllowDiscount>1</AllowDiscount>
      <ItemStatus>1</ItemStatus>
      <ItemId>4767</ItemId>
    </Item>
    <Item>
      <PriceUpdateDate>2015-10-01 06:18:37</PriceUpdateDate>
      <ItemCode>7290000045917</ItemCode>
      <ItemType>1</ItemType>
      <ItemName>גבינהצאן גלילית</ItemName>
      <ManufacturerName>תנובה מרכז שיתופי לש</ManufacturerName>
      <ManufactureCountry>ישראל</ManufactureCountry>
      <ManufacturerItemDescription>גבינהצאן פרומעז גלילית 200 גר          .</ManufacturerItemDescription>
      <UnitQty>גרמים</UnitQty>
      <Quantity>200.00</Quantity>
      <UnitOfMeasure>100 גרם</UnitOfMeasure>
      <bIsWeighted>0</bIsWeighted>
      <QtyInPackage>1</QtyInPackage>
      <ItemPrice>25.10</ItemPrice>
      <UnitOfMeasurePrice>12.5500</UnitOfMeasurePrice>
      <AllowDiscount>1</AllowDiscount>
      <ItemStatus>1</ItemStatus>
      <ItemId>4770</ItemId>
    </Item>
    <Item>
      <PriceUpdateDate>2015-10-01 06:13:35</PriceUpdateDate>
      <ItemCode>7290000461625</ItemCode>
      <ItemType>1</ItemType>
      <ItemName>בייגלה שמיניות</ItemName>
      <ManufacturerName>אתר בייגל - Food</ManufacturerName>
      <ManufactureCountry>ישראל</ManufactureCountry>
      <ManufacturerItemDescription>בייגלה שמיניות 400 גר                  .</ManufacturerItemDescription>
      <UnitQty>גרמים</UnitQty>
      <Quantity>400.00</Quantity>
      <UnitOfMeasure>100 גרם</UnitOfMeasure>
      <bIsWeighted>0</bIsWeighted>
      <QtyInPackage>1</QtyInPackage>
      <ItemPrice>11.80</ItemPrice>
      <UnitOfMeasurePrice>2.9500</UnitOfMeasurePrice>
      <AllowDiscount>1</AllowDiscount>
      <ItemStatus>1</ItemStatus>
      <ItemId>4783</ItemId>
    </Item>
    <Item>
      <PriceUpdateDate>2015-01-01 00:00:00</PriceUpdateDate>
      <ItemCode>7290000461700</ItemCode>
      <ItemType>1</ItemType>
      <ItemName>ביגל גדול גדול</ItemName>
      <ManufacturerName>אתר בייגל - Food</ManufacturerName>
      <ManufactureCountry>ישראל</ManufactureCountry>
      <ManufacturerItemDescription>ביגל גדול גדול 400 גר                  .</ManufacturerItemDescription>
      <UnitQty>גרמים</UnitQty>
      <Quantity>400.00</Quantity>
      <UnitOfMeasure>100 גרם</UnitOfMeasure>
      <bIsWeighted>0</bIsWeighted>
      <QtyInPackage>1</QtyInPackage>
      <ItemPrice>15.20</ItemPrice>
      <UnitOfMeasurePrice>3.8000</UnitOfMeasurePrice>
      <AllowDiscount>1</AllowDiscount>
      <ItemStatus>1</ItemStatus>
      <ItemId>4787</ItemId>
    </Item>
    <Item>
      <PriceUpdateDate>2015-10-01 06:13:35</PriceUpdateDate>
      <ItemCode>7290000461724</ItemCode>
      <ItemType>1</ItemType>
      <ItemName>בייגלה גדול שומשום</ItemName>
      <ManufacturerName>אתר בייגל - Food</ManufacturerName>
      <ManufactureCountry>ישראל</ManufactureCountry>
      <ManufacturerItemDescription>ביגלה גדול שומשום400 גר                .</ManufacturerItemDescription>
      <UnitQty>גרמים</UnitQty>
      <Quantity>400.00</Quantity>
      <UnitOfMeasure>100 גרם</UnitOfMeasure>
      <bIsWeighted>0</bIsWeighted>
      <QtyInPackage>1</QtyInPackage>
      <ItemPrice>15.30</ItemPrice>
      <UnitOfMeasurePrice>3.8250</UnitOfMeasurePrice>
      <AllowDiscount>1</AllowDiscount>
      <ItemStatus>1</ItemStatus>
      <ItemId>4788</ItemId>
    </Item>
    <Item>
      <PriceUpdateDate>2015-01-01 00:00:00</PriceUpdateDate>
      <ItemCode>46214731552</ItemCode>
      <ItemType>1</ItemType>
      <ItemName>עוגיות שוקולד ציפס</ItemName>
      <ManufacturerName>י. מרבה ישראל בע"מ</ManufacturerName>
      <ManufactureCountry>הולנד</ManufactureCountry>
      <ManufacturerItemDescription>עוגיות שוקולד צ"יפס 225 גר             "</ManufacturerItemDescription>
      <UnitQty>גרמים</UnitQty>
      <Quantity>225.00</Quantity>
      <UnitOfMeasure>100 גרם</UnitOfMeasure>
      <bIsWeighted>0</bIsWeighted>
      <QtyInPackage>1</QtyInPackage>
      <ItemPrice>11.90</ItemPrice>
      <UnitOfMeasurePrice>5.2889</UnitOfMeasurePrice>
      <AllowDiscount>1</AllowDiscount>
      <ItemStatus>1</ItemStatus>
      <ItemId>4797</ItemId>
    </Item>
    <Item>
      <PriceUpdateDate>2015-10-01 06:13:14</PriceUpdateDate>
      <ItemCode>7290000462172</ItemCode>
      <ItemType>1</ItemType>
      <ItemName>סחוג ירוק</ItemName>
      <ManufacturerName>שטראוס גרופ</ManufacturerName>
      <ManufactureCountry>ישראל</ManufactureCountry>
      <ManufacturerItemDescription>סחוג ירוק150 גר                        .</ManufacturerItemDescription>
      <UnitQty>גרמים</UnitQty>
      <Quantity>150.00</Quantity>
      <UnitOfMeasure>100 גרם</UnitOfMeasure>
      <bIsWeighted>0</bIsWeighted>
      <QtyInPackage>1</QtyInPackage>
      <ItemPrice>7.80</ItemPrice>
      <UnitOfMeasurePrice>5.2000</UnitOfMeasurePrice>
      <AllowDiscount>1</AllowDiscount>
      <ItemStatus>1</ItemStatus>
      <ItemId>4798</ItemId>
    </Item>
    <Item>
      <PriceUpdateDate>2015-10-01 06:14:52</PriceUpdateDate>
      <ItemCode>7290000463148</ItemCode>
      <ItemType>1</ItemType>
      <ItemName>זית ירוק מנס.בינוני</ItemName>
      <ManufacturerName>בית השיטה</ManufacturerName>
      <ManufactureCountry>ישראל</ManufactureCountry>
      <ManufacturerItemDescription>זית ירמנס בינוני A2 גר               560</ManufacturerItemDescription>
      <UnitQty>גרמים</UnitQty>
      <Quantity>560.00</Quantity>
      <UnitOfMeasure>100 גרם</UnitOfMeasure>
      <bIsWeighted>0</bIsWeighted>
      <QtyInPackage>1</QtyInPackage>
      <ItemPrice>8.80</ItemPrice>
      <UnitOfMeasurePrice>1.5714</UnitOfMeasurePrice>
      <AllowDiscount>1</AllowDiscount>
      <ItemStatus>1</ItemStatus>
      <ItemId>4802</ItemId>
    </Item>
    <Item>
      <PriceUpdateDate>2015-10-01 06:18:37</PriceUpdateDate>
      <ItemCode>7290000046327</ItemCode>
      <ItemType>1</ItemType>
      <ItemName>גבינה גילבוע פרוס</ItemName>
      <ManufacturerName>תנובה מרכז שיתופי לש</ManufacturerName>
      <ManufactureCountry>ישראל</ManufactureCountry>
      <ManufacturerItemDescription>גבינהקשה גלבוע פרוס200גר               .</ManufacturerItemDescription>
      <UnitQty>גרמים</UnitQty>
      <Quantity>200.00</Quantity>
      <UnitOfMeasure>100 גרם</UnitOfMeasure>
      <bIsWeighted>0</bIsWeighted>
      <QtyInPackage>1</QtyInPackage>
      <ItemPrice>12.70</ItemPrice>
      <UnitOfMeasurePrice>6.3500</UnitOfMeasurePrice>
      <AllowDiscount>1</AllowDiscount>
      <ItemStatus>1</ItemStatus>
      <ItemId>4804</ItemId>
    </Item>
    <Item>
      <PriceUpdateDate>2016-01-21 09:58:49</PriceUpdateDate>
      <ItemCode>7290004658625</ItemCode>
      <ItemType>1</ItemType>
      <ItemName>מיץ ענבים תירוש אדום</ItemName>
      <ManufacturerName>יקבי כרמל</ManufacturerName>
      <ManufactureCountry>לא ידוע</ManufactureCountry>
      <ManufacturerItemDescription>מיץ ענבים תירוש אדום 1 ל               "</ManufacturerItemDescription>
      <UnitQty>ליטרים</UnitQty>
      <Quantity>1.00</Quantity>
      <UnitOfMeasure>ליטר</UnitOfMeasure>
      <bIsWeighted>0</bIsWeighted>
      <QtyInPackage>1</QtyInPackage>
      <ItemPrice>28.00</ItemPrice>
      <UnitOfMeasurePrice>28.0000</UnitOfMeasurePrice>
      <AllowDiscount>1</AllowDiscount>
      <ItemStatus>1</ItemStatus>
      <ItemId>4830</ItemId>
    </Item>
    <Item>
      <PriceUpdateDate>2016-02-11 11:19:43</PriceUpdateDate>
      <ItemCode>7290000474021</ItemCode>
      <ItemType>1</ItemType>
      <ItemName>חלב1 3% ל.שקית מהדרי</ItemName>
      <ManufacturerName>טרה</ManufacturerName>
      <ManufactureCountry>ישראל</ManufactureCountry>
      <ManufacturerItemDescription>חלב1 3% ל.שקית מהדרין פיקוח</ManufacturerItemDescription>
      <UnitQty>ליטרים</UnitQty>
      <Quantity>1.00</Quantity>
      <UnitOfMeasure>ליטר</UnitOfMeasure>
      <bIsWeighted>0</bIsWeighted>
      <QtyInPackage>1</QtyInPackage>
      <ItemPrice>5.00</ItemPrice>
      <UnitOfMeasurePrice>5.0000</UnitOfMeasurePrice>
      <AllowDiscount>1</AllowDiscount>
      <ItemStatus>1</ItemStatus>
      <ItemId>4906</ItemId>
    </Item>
    <Item>
      <PriceUpdateDate>2016-02-11 11:19:43</PriceUpdateDate>
      <ItemCode>7290000474076</ItemCode>
      <ItemType>1</ItemType>
      <ItemName>חלב 3% בקרטון</ItemName>
      <ManufacturerName>טרה</ManufacturerName>
      <ManufactureCountry>ישראל</ManufactureCountry>
      <ManufacturerItemDescription>חלב1 3% ל.קרטון מהדרין פיקוח</ManufacturerItemDescription>
      <UnitQty>ליטרים</UnitQty>
      <Quantity>1.00</Quantity>
      <UnitOfMeasure>ליטר</UnitOfMeasure>
      <bIsWeighted>0</bIsWeighted>
      <QtyInPackage>1</QtyInPackage>
      <ItemPrice>5.70</ItemPrice>
      <UnitOfMeasurePrice>5.7000</UnitOfMeasurePrice>
      <AllowDiscount>1</AllowDiscount>
      <ItemStatus>1</ItemStatus>
      <ItemId>4907</ItemId>
    </Item>
    <Item>
      <PriceUpdateDate>2016-02-11 11:19:43</PriceUpdateDate>
      <ItemCode>7290000474373</ItemCode>
      <ItemType>1</ItemType>
      <ItemName>שמנת חמוצה      200</ItemName>
      <ManufacturerName>טרה</ManufacturerName>
      <ManufactureCountry>ישראל</ManufactureCountry>
      <ManufacturerItemDescription>שמנת חמוצה 200 מל.פיקוח</ManufacturerItemDescription>
      <UnitQty>גרמים</UnitQty>
      <Quantity>200.00</Quantity>
      <UnitOfMeasure>100 גרם</UnitOfMeasure>
      <bIsWeighted>0</bIsWeighted>
      <QtyInPackage>1</QtyInPackage>
      <ItemPrice>2.20</ItemPrice>
      <UnitOfMeasurePrice>1.1000</UnitOfMeasurePrice>
      <AllowDiscount>1</AllowDiscount>
      <ItemStatus>1</ItemStatus>
      <ItemId>4914</ItemId>
    </Item>
    <Item>
      <PriceUpdateDate>2016-02-11 11:19:43</PriceUpdateDate>
      <ItemCode>7290000474502</ItemCode>
      <ItemType>1</ItemType>
      <ItemName>גבינה לבנה       5%</ItemName>
      <ManufacturerName>טרה</ManufacturerName>
      <ManufactureCountry>ישראל</ManufactureCountry>
      <ManufacturerItemDescription>גבינה לבנה250 5% גר  פיקוח</ManufacturerItemDescription>
      <UnitQty>גרמים</UnitQty>
      <Quantity>250.00</Quantity>
      <UnitOfMeasure>100 גרם</UnitOfMeasure>
      <bIsWeighted>0</bIsWeighted>
      <QtyInPackage>1</QtyInPackage>
      <ItemPrice>4.60</ItemPrice>
      <UnitOfMeasurePrice>1.8400</UnitOfMeasurePrice>
      <AllowDiscount>1</AllowDiscount>
      <ItemStatus>1</ItemStatus>
      <ItemId>4917</ItemId>
    </Item>
    <Item>
      <PriceUpdateDate>2015-10-01 06:16:11</PriceUpdateDate>
      <ItemCode>7290000474540</ItemCode>
      <ItemType>1</ItemType>
      <ItemName>גבינה טוב טעם    3%</ItemName>
      <ManufacturerName>טרה</ManufacturerName>
      <ManufactureCountry>ישראל</ManufactureCountry>
      <ManufacturerItemDescription>גבינה טוב טעם250 3% גר                 .</ManufacturerItemDescription>
      <UnitQty>גרמים</UnitQty>
      <Quantity>250.00</Quantity>
      <UnitOfMeasure>100 גרם</UnitOfMeasure>
      <bIsWeighted>0</bIsWeighted>
      <QtyInPackage>1</QtyInPackage>
      <ItemPrice>10.90</ItemPrice>
      <UnitOfMeasurePrice>4.3600</UnitOfMeasurePrice>
      <AllowDiscount>1</AllowDiscount>
      <ItemStatus>1</ItemStatus>
      <ItemId>4919</ItemId>
    </Item>
    <Item>
      <PriceUpdateDate>2015-10-01 06:18:38</PriceUpdateDate>
      <ItemCode>7290000047546</ItemCode>
      <ItemType>1</ItemType>
      <ItemName>גבינה כנען 5% שומן</ItemName>
      <ManufacturerName>תנובה מרכז שיתופי לש</ManufacturerName>
      <ManufactureCountry>ישראל</ManufactureCountry>
      <ManufacturerItemDescription>גבינה כנען500 גרם 5% שומן</ManufacturerItemDescription>
      <UnitQty>גרמים</UnitQty>
      <Quantity>500.00</Quantity>
      <UnitOfMeasure>100 גרם</UnitOfMeasure>
      <bIsWeighted>0</bIsWeighted>
      <QtyInPackage>1</QtyInPackage>
      <ItemPrice>23.40</ItemPrice>
      <UnitOfMeasurePrice>4.6800</UnitOfMeasurePrice>
      <AllowDiscount>1</AllowDiscount>
      <ItemStatus>1</ItemStatus>
      <ItemId>4930</ItemId>
    </Item>
    <Item>
      <PriceUpdateDate>2015-08-05 17:31:11</PriceUpdateDate>
      <ItemCode>7290000480107</ItemCode>
      <ItemType>1</ItemType>
      <ItemName>קוואקר ש.שועל פחית</ItemName>
      <ManufacturerName>שטראוס גרופ</ManufacturerName>
      <ManufactureCountry>ישראל</ManufactureCountry>
      <ManufacturerItemDescription>קוואקר ש.שועל פחית</ManufacturerItemDescription>
      <UnitQty>גרמים</UnitQty>
      <Quantity>500.00</Quantity>
      <UnitOfMeasure>100 גרם</UnitOfMeasure>
      <bIsWeighted>0</bIsWeighted>
      <QtyInPackage>1</QtyInPackage>
      <ItemPrice>15.70</ItemPrice>
      <UnitOfMeasurePrice>3.1400</UnitOfMeasurePrice>
      <AllowDiscount>1</AllowDiscount>
      <ItemStatus>1</ItemStatus>
      <ItemId>4946</ItemId>
    </Item>
    <Item>
      <PriceUpdateDate>2015-08-12 06:10:42</PriceUpdateDate>
      <ItemCode>7290000480442</ItemCode>
      <ItemType>1</ItemType>
      <ItemName>קוואקר ש.שועל שקית</ItemName>
      <ManufacturerName>שטראוס גרופ</ManufacturerName>
      <ManufactureCountry>ישראל</ManufactureCountry>
      <ManufacturerItemDescription>קוואקר ש.שועל שקית</ManufacturerItemDescription>
      <UnitQty>גרמים</UnitQty>
      <Quantity>500.00</Quantity>
      <UnitOfMeasure>100 גרם</UnitOfMeasure>
      <bIsWeighted>0</bIsWeighted>
      <QtyInPackage>1</QtyInPackage>
      <ItemPrice>14.90</ItemPrice>
      <UnitOfMeasurePrice>2.9800</UnitOfMeasurePrice>
      <AllowDiscount>1</AllowDiscount>
      <ItemStatus>1</ItemStatus>
      <ItemId>4951</ItemId>
    </Item>
    <Item>
      <PriceUpdateDate>2016-02-11 08:35:56</PriceUpdateDate>
      <ItemCode>7290000048185</ItemCode>
      <ItemType>1</ItemType>
      <ItemName>גבינה 5% גבוה</ItemName>
      <ManufacturerName>תנובה מרכז שיתופי לש</ManufacturerName>
      <ManufactureCountry>ישראל</ManufactureCountry>
      <ManufacturerItemDescription>גבינה למריחה 250 5%גרם גבוה</ManufacturerItemDescription>
      <UnitQty>גרמים</UnitQty>
      <Quantity>250.00</Quantity>
      <UnitOfMeasure>100 גרם</UnitOfMeasure>
      <bIsWeighted>0</bIsWeighted>
      <QtyInPackage>1</QtyInPackage>
      <ItemPrice>4.60</ItemPrice>
      <UnitOfMeasurePrice>1.8400</UnitOfMeasurePrice>
      <AllowDiscount>1</AllowDiscount>
      <ItemStatus>1</ItemStatus>
      <ItemId>4964</ItemId>
    </Item>
    <Item>
      <PriceUpdateDate>2016-02-11 08:35:56</PriceUpdateDate>
      <ItemCode>7290000048192</ItemCode>
      <ItemType>1</ItemType>
      <ItemName>גבינה            9%</ItemName>
      <ManufacturerName>תנובה מרכז שיתופי לש</ManufacturerName>
      <ManufactureCountry>ישראל</ManufactureCountry>
      <ManufacturerItemDescription>גבינה למריחה 250 9%גרם</ManufacturerItemDescription>
      <UnitQty>גרמים</UnitQty>
      <Quantity>250.00</Quantity>
      <UnitOfMeasure>100 גרם</UnitOfMeasure>
      <bIsWeighted>0</bIsWeighted>
      <QtyInPackage>1</QtyInPackage>
      <ItemPrice>4.60</ItemPrice>
      <UnitOfMeasurePrice>1.8400</UnitOfMeasurePrice>
      <AllowDiscount>1</AllowDiscount>
      <ItemStatus>1</ItemStatus>
      <ItemId>4965</ItemId>
    </Item>
    <Item>
      <PriceUpdateDate>2015-10-01 06:15:00</PriceUpdateDate>
      <ItemCode>7290000482019</ItemCode>
      <ItemType>1</ItemType>
      <ItemName>שקיות קוקי לצליה</ItemName>
      <ManufacturerName>ש.שסטוביץ</ManufacturerName>
      <ManufactureCountry>ישראל</ManufactureCountry>
      <ManufacturerItemDescription>קוקי לצליה 10 שקיות</ManufacturerItemDescription>
      <UnitQty>Unknown </UnitQty>
      <Quantity>0.00</Quantity>
      <UnitOfMeasure>Unknown </UnitOfMeasure>
      <bIsWeighted>0</bIsWeighted>
      <QtyInPackage>1</QtyInPackage>
      <ItemPrice>14.20</ItemPrice>
      <UnitOfMeasurePrice>0.0000</UnitOfMeasurePrice>
      <AllowDiscount>1</AllowDiscount>
      <ItemStatus>1</ItemStatus>
      <ItemId>4968</ItemId>
    </Item>
    <Item>
      <PriceUpdateDate>2016-04-14 07:35:04</PriceUpdateDate>
      <ItemCode>48256222203</ItemCode>
      <ItemType>1</ItemType>
      <ItemName>לניקוי כללי אסטוניש</ItemName>
      <ManufacturerName>אסטוניש</ManufacturerName>
      <ManufactureCountry>אנגליה</ManufactureCountry>
      <ManufacturerItemDescription>לניקוי כללי אסטוניש משחה500גר          .</ManufacturerItemDescription>
      <UnitQty>גרמים</UnitQty>
      <Quantity>500.00</Quantity>
      <UnitOfMeasure>100 גרם</UnitOfMeasure>
      <bIsWeighted>0</bIsWeighted>
      <QtyInPackage>1</QtyInPackage>
      <ItemPrice>14.90</ItemPrice>
      <UnitOfMeasurePrice>2.9800</UnitOfMeasurePrice>
      <AllowDiscount>1</AllowDiscount>
      <ItemStatus>1</ItemStatus>
      <ItemId>4975</ItemId>
    </Item>
    <Item>
      <PriceUpdateDate>2015-10-01 06:18:38</PriceUpdateDate>
      <ItemCode>7290000048307</ItemCode>
      <ItemType>1</ItemType>
      <ItemName>קוטג+זיתים        5%</ItemName>
      <ManufacturerName>תנובה מרכז שיתופי לש</ManufacturerName>
      <ManufactureCountry>ישראל</ManufactureCountry>
      <ManufacturerItemDescription>קוטג 5%"זיתים 250 גר                   .</ManufacturerItemDescription>
      <UnitQty>גרמים</UnitQty>
      <Quantity>250.00</Quantity>
      <UnitOfMeasure>100 גרם</UnitOfMeasure>
      <bIsWeighted>0</bIsWeighted>
      <QtyInPackage>1</QtyInPackage>
      <ItemPrice>6.10</ItemPrice>
      <UnitOfMeasurePrice>2.4400</UnitOfMeasurePrice>
      <AllowDiscount>1</AllowDiscount>
      <ItemStatus>1</ItemStatus>
      <ItemId>4977</ItemId>
    </Item>
    <Item>
      <PriceUpdateDate>2015-10-01 06:16:16</PriceUpdateDate>
      <ItemCode>7290000483139</ItemCode>
      <ItemType>1</ItemType>
      <ItemName>מרציפן לבן</ItemName>
      <ManufacturerName>המרשלג</ManufacturerName>
      <ManufactureCountry>ישראל</ManufactureCountry>
      <ManufacturerItemDescription>מרציפן לבן 100 גרם</ManufacturerItemDescription>
      <UnitQty>גרמים</UnitQty>
      <Quantity>100.00</Quantity>
      <UnitOfMeasure>100 גרם</UnitOfMeasure>
      <bIsWeighted>0</bIsWeighted>
      <QtyInPackage>1</QtyInPackage>
      <ItemPrice>9.80</ItemPrice>
      <UnitOfMeasurePrice>9.8000</UnitOfMeasurePrice>
      <AllowDiscount>1</AllowDiscount>
      <ItemStatus>1</ItemStatus>
      <ItemId>4978</ItemId>
    </Item>
    <Item>
      <PriceUpdateDate>2015-10-01 06:16:16</PriceUpdateDate>
      <ItemCode>7290000483412</ItemCode>
      <ItemType>1</ItemType>
      <ItemName>קישוטי עוגה טיפטופים</ItemName>
      <ManufacturerName>המרשלג</ManufacturerName>
      <ManufactureCountry>ישראל</ManufactureCountry>
      <ManufacturerItemDescription>קישוטי עוגה טיפטופים 60 גר             .</ManufacturerItemDescription>
      <UnitQty>גרמים</UnitQty>
      <Quantity>60.00</Quantity>
      <UnitOfMeasure>100 גרם</UnitOfMeasure>
      <bIsWeighted>0</bIsWeighted>
      <QtyInPackage>1</QtyInPackage>
      <ItemPrice>12.80</ItemPrice>
      <UnitOfMeasurePrice>21.3333</UnitOfMeasurePrice>
      <AllowDiscount>1</AllowDiscount>
      <ItemStatus>1</ItemStatus>
      <ItemId>4980</ItemId>
    </Item>
    <Item>
      <PriceUpdateDate>2015-10-01 06:18:48</PriceUpdateDate>
      <ItemCode>7290000483641</ItemCode>
      <ItemType>1</ItemType>
      <ItemName>חטיף מרציפן חלה</ItemName>
      <ManufacturerName>יושלם</ManufacturerName>
      <ManufactureCountry>יושלם</ManufactureCountry>
      <ManufacturerItemDescription>חטיף מרציפן חלה 75 גר                  .</ManufacturerItemDescription>
      <UnitQty>גרמים</UnitQty>
      <Quantity>75.00</Quantity>
      <UnitOfMeasure>100 גרם</UnitOfMeasure>
      <bIsWeighted>0</bIsWeighted>
      <QtyInPackage>1</QtyInPackage>
      <ItemPrice>9.80</ItemPrice>
      <UnitOfMeasurePrice>13.0667</UnitOfMeasurePrice>
      <AllowDiscount>1</AllowDiscount>
      <ItemStatus>1</ItemStatus>
      <ItemId>4982</ItemId>
    </Item>
    <Item>
      <PriceUpdateDate>2015-10-01 06:18:38</PriceUpdateDate>
      <ItemCode>7290000048437</ItemCode>
      <ItemType>1</ItemType>
      <ItemName>צפתית5% פיראוס</ItemName>
      <ManufacturerName>תנובה מרכז שיתופי לש</ManufacturerName>
      <ManufactureCountry>ישראל</ManufactureCountry>
      <ManufacturerItemDescription>גבינה צפתית 5% פיראוס200 גר            .</ManufacturerItemDescription>
      <UnitQty>גרמים</UnitQty>
      <Quantity>200.00</Quantity>
      <UnitOfMeasure>100 גרם</UnitOfMeasure>
      <bIsWeighted>0</bIsWeighted>
      <QtyInPackage>1</QtyInPackage>
      <ItemPrice>16.10</ItemPrice>
      <UnitOfMeasurePrice>8.0500</UnitOfMeasurePrice>
      <AllowDiscount>1</AllowDiscount>
      <ItemStatus>1</ItemStatus>
      <ItemId>4995</ItemId>
    </Item>
    <Item>
      <PriceUpdateDate>2015-10-01 06:16:44</PriceUpdateDate>
      <ItemCode>7290004869120</ItemCode>
      <ItemType>1</ItemType>
      <ItemName>לחם אחיד קל פרוס</ItemName>
      <ManufacturerName>מאפיית אנג'ל</ManufacturerName>
      <ManufactureCountry>ישראל</ManufactureCountry>
      <ManufacturerItemDescription>לחם אחיד קל פרוס 750 גר</ManufacturerItemDescription>
      <UnitQty>גרמים</UnitQty>
      <Quantity>750.00</Quantity>
      <UnitOfMeasure>100 גרם</UnitOfMeasure>
      <bIsWeighted>0</bIsWeighted>
      <QtyInPackage>1</QtyInPackage>
      <ItemPrice>16.10</ItemPrice>
      <UnitOfMeasurePrice>2.1467</UnitOfMeasurePrice>
      <AllowDiscount>1</AllowDiscount>
      <ItemStatus>1</ItemStatus>
      <ItemId>5043</ItemId>
    </Item>
    <Item>
      <PriceUpdateDate>2015-10-01 06:17:27</PriceUpdateDate>
      <ItemCode>4977794009129</ItemCode>
      <ItemType>1</ItemType>
      <ItemName>מחצלת לסושי</ItemName>
      <ManufacturerName>גוילין דאבל קורפ</ManufacturerName>
      <ManufactureCountry>סין</ManufactureCountry>
      <ManufacturerItemDescription>מחצלת לסושי</ManufacturerItemDescription>
      <UnitQty>Unknown </UnitQty>
      <Quantity>0.00</Quantity>
      <UnitOfMeasure>Unknown </UnitOfMeasure>
      <bIsWeighted>0</bIsWeighted>
      <QtyInPackage>1</QtyInPackage>
      <ItemPrice>8.30</ItemPrice>
      <UnitOfMeasurePrice>0.0000</UnitOfMeasurePrice>
      <AllowDiscount>1</AllowDiscount>
      <ItemStatus>1</ItemStatus>
      <ItemId>5157</ItemId>
    </Item>
    <Item>
      <PriceUpdateDate>2015-10-01 06:20:53</PriceUpdateDate>
      <ItemCode>5038483574416</ItemCode>
      <ItemType>1</ItemType>
      <ItemName>דורקס אקסטרא</ItemName>
      <ManufacturerName>רקיט בנקיזר הלת'קר</ManufacturerName>
      <ManufactureCountry>תאילנד</ManufactureCountry>
      <ManufacturerItemDescription>דורקס אקסטרא 12 * 3 יחידות</ManufacturerItemDescription>
      <UnitQty>Unknown </UnitQty>
      <Quantity>0.00</Quantity>
      <UnitOfMeasure>Unknown </UnitOfMeasure>
      <bIsWeighted>0</bIsWeighted>
      <QtyInPackage>3</QtyInPackage>
      <ItemPrice>17.30</ItemPrice>
      <UnitOfMeasurePrice>0.0000</UnitOfMeasurePrice>
      <AllowDiscount>1</AllowDiscount>
      <ItemStatus>1</ItemStatus>
      <ItemId>85927</ItemId>
    </Item>
    <Item>
      <PriceUpdateDate>2015-10-01 06:14:45</PriceUpdateDate>
      <ItemCode>7290012823428</ItemCode>
      <ItemType>1</ItemType>
      <ItemName>מגבוני בייבי כיף ללא</ItemName>
      <ManufacturerName>טרופיקל דגיל</ManufacturerName>
      <ManufactureCountry>לא ידוע</ManufactureCountry>
      <ManufacturerItemDescription>מגבוני בייבי כיף ללא בישום          1/4</ManufacturerItemDescription>
      <UnitQty>Unknown </UnitQty>
      <Quantity>0.00</Quantity>
      <UnitOfMeasure>Unknown </UnitOfMeasure>
      <bIsWeighted>0</bIsWeighted>
      <QtyInPackage>1</QtyInPackage>
      <ItemPrice>22.70</ItemPrice>
      <UnitOfMeasurePrice>0.0000</UnitOfMeasurePrice>
      <AllowDiscount>1</AllowDiscount>
      <ItemStatus>1</ItemStatus>
      <ItemId>86030</ItemId>
    </Item>
    <Item>
      <PriceUpdateDate>2015-01-01 00:00:00</PriceUpdateDate>
      <ItemCode>8421361250</ItemCode>
      <ItemType>1</ItemType>
      <ItemName>בובה עיניים גדולות ד</ItemName>
      <ManufacturerName>TY</ManufacturerName>
      <ManufactureCountry>לא ידוע</ManufactureCountry>
      <ManufacturerItemDescription>בובה עיניים גדולות דוקי הכלב</ManufacturerItemDescription>
      <UnitQty>Unknown </UnitQty>
      <Quantity>0.00</Quantity>
      <UnitOfMeasure>Unknown </UnitOfMeasure>
      <bIsWeighted>0</bIsWeighted>
      <QtyInPackage>1</QtyInPackage>
      <ItemPrice>29.90</ItemPrice>
      <UnitOfMeasurePrice>0.0000</UnitOfMeasurePrice>
      <AllowDiscount>1</AllowDiscount>
      <ItemStatus>1</ItemStatus>
      <ItemId>98672</ItemId>
    </Item>
    <Item>
      <PriceUpdateDate>2016-06-06 11:36:03</PriceUpdateDate>
      <ItemCode>7290005008191</ItemCode>
      <ItemType>1</ItemType>
      <ItemName>פלמוליב ארומה תרפיה</ItemName>
      <ManufacturerName>COLGATE ($) -PALMOLI</ManufacturerName>
      <ManufactureCountry>טורקיה</ManufactureCountry>
      <ManufacturerItemDescription>פלמוליב ארומה תרפיה סגול500 מל</ManufacturerItemDescription>
      <UnitQty>מיליליטרים</UnitQty>
      <Quantity>500.00</Quantity>
      <UnitOfMeasure>100 מ"ל</UnitOfMeasure>
      <bIsWeighted>0</bIsWeighted>
      <QtyInPackage>1</QtyInPackage>
      <ItemPrice>22.90</ItemPrice>
      <UnitOfMeasurePrice>4.5800</UnitOfMeasurePrice>
      <AllowDiscount>1</AllowDiscount>
      <ItemStatus>1</ItemStatus>
      <ItemId>5288</ItemId>
    </Item>
    <Item>
      <PriceUpdateDate>2015-10-01 06:13:00</PriceUpdateDate>
      <ItemCode>5010182996805</ItemCode>
      <ItemType>1</ItemType>
      <ItemName>רייד מונע עש זוג</ItemName>
      <ManufacturerName>ZOBELE</ManufacturerName>
      <ManufactureCountry>איטליה</ManufactureCountry>
      <ManufacturerItemDescription>רייד מונע עש ניחוח שמן ארז זוג</ManufacturerItemDescription>
      <UnitQty>Unknown </UnitQty>
      <Quantity>0.00</Quantity>
      <UnitOfMeasure>Unknown </UnitOfMeasure>
      <bIsWeighted>0</bIsWeighted>
      <QtyInPackage>1</QtyInPackage>
      <ItemPrice>13.80</ItemPrice>
      <UnitOfMeasurePrice>0.0000</UnitOfMeasurePrice>
      <AllowDiscount>1</AllowDiscount>
      <ItemStatus>1</ItemStatus>
      <ItemId>5305</ItemId>
    </Item>
    <Item>
      <PriceUpdateDate>2015-10-01 06:13:00</PriceUpdateDate>
      <ItemCode>5010182997253</ItemCode>
      <ItemType>1</ItemType>
      <ItemName>רייד קוטל חרקים</ItemName>
      <ManufacturerName>SC Jonson</ManufacturerName>
      <ManufactureCountry>הולנד</ManufactureCountry>
      <ManufacturerItemDescription>רייד מקס קוטל חרקים 300 מ"ל</ManufacturerItemDescription>
      <UnitQty>מיליליטרים</UnitQty>
      <Quantity>300.00</Quantity>
      <UnitOfMeasure>100 מ"ל</UnitOfMeasure>
      <bIsWeighted>0</bIsWeighted>
      <QtyInPackage>1</QtyInPackage>
      <ItemPrice>18.70</ItemPrice>
      <UnitOfMeasurePrice>6.2333</UnitOfMeasurePrice>
      <AllowDiscount>1</AllowDiscount>
      <ItemStatus>1</ItemStatus>
      <ItemId>5306</ItemId>
    </Item>
    <Item>
      <PriceUpdateDate>2015-10-01 06:15:13</PriceUpdateDate>
      <ItemCode>5010677551281</ItemCode>
      <ItemType>1</ItemType>
      <ItemName>בקרדי בריזר לימון .</ItemName>
      <ManufacturerName>טמפו</ManufacturerName>
      <ManufactureCountry>גרמניה</ManufactureCountry>
      <ManufacturerItemDescription>בקרדי בריזר לימון 275 מל</ManufacturerItemDescription>
      <UnitQty>מיליליטרים</UnitQty>
      <Quantity>275.00</Quantity>
      <UnitOfMeasure>100 מ"ל</UnitOfMeasure>
      <bIsWeighted>0</bIsWeighted>
      <QtyInPackage>1</QtyInPackage>
      <ItemPrice>15.70</ItemPrice>
      <UnitOfMeasurePrice>5.7091</UnitOfMeasurePrice>
      <AllowDiscount>1</AllowDiscount>
      <ItemStatus>1</ItemStatus>
      <ItemId>5322</ItemId>
    </Item>
    <Item>
      <PriceUpdateDate>2015-10-01 06:15:13</PriceUpdateDate>
      <ItemCode>5010677552387</ItemCode>
      <ItemType>1</ItemType>
      <ItemName>בקרדי בריזר אננס .</ItemName>
      <ManufacturerName>טמפו</ManufacturerName>
      <ManufactureCountry>גרמניה</ManufactureCountry>
      <ManufacturerItemDescription>בקרדי בריזר אננס 275 מל</ManufacturerItemDescription>
      <UnitQty>מיליליטרים</UnitQty>
      <Quantity>275.00</Quantity>
      <UnitOfMeasure>100 מ"ל</UnitOfMeasure>
      <bIsWeighted>0</bIsWeighted>
      <QtyInPackage>1</QtyInPackage>
      <ItemPrice>15.70</ItemPrice>
      <UnitOfMeasurePrice>5.7091</UnitOfMeasurePrice>
      <AllowDiscount>1</AllowDiscount>
      <ItemStatus>1</ItemStatus>
      <ItemId>5323</ItemId>
    </Item>
    <Item>
      <PriceUpdateDate>2015-10-01 06:15:13</PriceUpdateDate>
      <ItemCode>5010677554398</ItemCode>
      <ItemType>1</ItemType>
      <ItemName>בקרדי בריזר אבטיח .</ItemName>
      <ManufacturerName>טמפו</ManufacturerName>
      <ManufactureCountry>גרמניה</ManufactureCountry>
      <ManufacturerItemDescription>בקרדי בריזר אבטיח 275 מל</ManufacturerItemDescription>
      <UnitQty>מיליליטרים</UnitQty>
      <Quantity>275.00</Quantity>
      <UnitOfMeasure>100 מ"ל</UnitOfMeasure>
      <bIsWeighted>0</bIsWeighted>
      <QtyInPackage>1</QtyInPackage>
      <ItemPrice>15.70</ItemPrice>
      <UnitOfMeasurePrice>5.7091</UnitOfMeasurePrice>
      <AllowDiscount>1</AllowDiscount>
      <ItemStatus>1</ItemStatus>
      <ItemId>5325</ItemId>
    </Item>
    <Item>
      <PriceUpdateDate>2015-01-01 00:00:00</PriceUpdateDate>
      <ItemCode>5014271300429</ItemCode>
      <ItemType>1</ItemType>
      <ItemName>מעדן משמש</ItemName>
      <ManufacturerName>סאנט דלפור</ManufacturerName>
      <ManufactureCountry>צרפת</ManufactureCountry>
      <ManufacturerItemDescription>מעדן משמש 284 גר</ManufacturerItemDescription>
      <UnitQty>גרמים</UnitQty>
      <Quantity>284.00</Quantity>
      <UnitOfMeasure>100 גרם</UnitOfMeasure>
      <bIsWeighted>0</bIsWeighted>
      <QtyInPackage>1</QtyInPackage>
      <ItemPrice>19.90</ItemPrice>
      <UnitOfMeasurePrice>7.0070</UnitOfMeasurePrice>
      <AllowDiscount>1</AllowDiscount>
      <ItemStatus>1</ItemStatus>
      <ItemId>5341</ItemId>
    </Item>
    <Item>
      <PriceUpdateDate>2015-01-01 00:00:00</PriceUpdateDate>
      <ItemCode>5014271310428</ItemCode>
      <ItemType>1</ItemType>
      <ItemName>מעדן דובדבנים שחורים</ItemName>
      <ManufacturerName>סאנט דלפור</ManufacturerName>
      <ManufactureCountry>צרפת</ManufactureCountry>
      <ManufacturerItemDescription>מעדן דובדבנים שחורים 284 גר</ManufacturerItemDescription>
      <UnitQty>גרמים</UnitQty>
      <Quantity>284.00</Quantity>
      <UnitOfMeasure>100 גרם</UnitOfMeasure>
      <bIsWeighted>0</bIsWeighted>
      <QtyInPackage>1</QtyInPackage>
      <ItemPrice>19.90</ItemPrice>
      <UnitOfMeasurePrice>7.0070</UnitOfMeasurePrice>
      <AllowDiscount>1</AllowDiscount>
      <ItemStatus>1</ItemStatus>
      <ItemId>5342</ItemId>
    </Item>
    <Item>
      <PriceUpdateDate>2015-01-01 00:00:00</PriceUpdateDate>
      <ItemCode>5014271330426</ItemCode>
      <ItemType>1</ItemType>
      <ItemName>מעדן אוכמניות כחולות</ItemName>
      <ManufacturerName>סאנט דלפור</ManufacturerName>
      <ManufactureCountry>צרפת</ManufactureCountry>
      <ManufacturerItemDescription>מעדן אוכמניות כחולות 284 גר</ManufacturerItemDescription>
      <UnitQty>גרמים</UnitQty>
      <Quantity>284.00</Quantity>
      <UnitOfMeasure>100 גרם</UnitOfMeasure>
      <bIsWeighted>0</bIsWeighted>
      <QtyInPackage>1</QtyInPackage>
      <ItemPrice>19.90</ItemPrice>
      <UnitOfMeasurePrice>7.0070</UnitOfMeasurePrice>
      <AllowDiscount>1</AllowDiscount>
      <ItemStatus>1</ItemStatus>
      <ItemId>5343</ItemId>
    </Item>
    <Item>
      <PriceUpdateDate>2015-10-01 06:14:24</PriceUpdateDate>
      <ItemCode>5014271360423</ItemCode>
      <ItemType>1</ItemType>
      <ItemName>מעדן תפוז</ItemName>
      <ManufacturerName>סאנט דלפור</ManufacturerName>
      <ManufactureCountry>צרפת</ManufactureCountry>
      <ManufacturerItemDescription>מעדן תפוז 284 גר</ManufacturerItemDescription>
      <UnitQty>גרמים</UnitQty>
      <Quantity>284.00</Quantity>
      <UnitOfMeasure>100 גרם</UnitOfMeasure>
      <bIsWeighted>0</bIsWeighted>
      <QtyInPackage>1</QtyInPackage>
      <ItemPrice>19.70</ItemPrice>
      <UnitOfMeasurePrice>6.9366</UnitOfMeasurePrice>
      <AllowDiscount>1</AllowDiscount>
      <ItemStatus>1</ItemStatus>
      <ItemId>5344</ItemId>
    </Item>
    <Item>
      <PriceUpdateDate>2015-01-01 00:00:00</PriceUpdateDate>
      <ItemCode>5014271370422</ItemCode>
      <ItemType>1</ItemType>
      <ItemName>מעדן אפרסק         .</ItemName>
      <ManufacturerName>סאנט דלפור</ManufacturerName>
      <ManufactureCountry>צרפת</ManufactureCountry>
      <ManufacturerItemDescription>מעדן אפרסק 284 גר                      "</ManufacturerItemDescription>
      <UnitQty>גרמים</UnitQty>
      <Quantity>284.00</Quantity>
      <UnitOfMeasure>100 גרם</UnitOfMeasure>
      <bIsWeighted>0</bIsWeighted>
      <QtyInPackage>1</QtyInPackage>
      <ItemPrice>19.90</ItemPrice>
      <UnitOfMeasurePrice>7.0070</UnitOfMeasurePrice>
      <AllowDiscount>1</AllowDiscount>
      <ItemStatus>1</ItemStatus>
      <ItemId>5345</ItemId>
    </Item>
    <Item>
      <PriceUpdateDate>2015-10-01 06:14:24</PriceUpdateDate>
      <ItemCode>5014271390420</ItemCode>
      <ItemType>1</ItemType>
      <ItemName>מעדן פטל</ItemName>
      <ManufacturerName>סאנט דלפור</ManufacturerName>
      <ManufactureCountry>צרפת</ManufactureCountry>
      <ManufacturerItemDescription>מעדן פטל 284 גר                        "</ManufacturerItemDescription>
      <UnitQty>גרמים</UnitQty>
      <Quantity>284.00</Quantity>
      <UnitOfMeasure>100 גרם</UnitOfMeasure>
      <bIsWeighted>0</bIsWeighted>
      <QtyInPackage>1</QtyInPackage>
      <ItemPrice>19.70</ItemPrice>
      <UnitOfMeasurePrice>6.9366</UnitOfMeasurePrice>
      <AllowDiscount>1</AllowDiscount>
      <ItemStatus>1</ItemStatus>
      <ItemId>5346</ItemId>
    </Item>
    <Item>
      <PriceUpdateDate>2015-10-01 06:16:27</PriceUpdateDate>
      <ItemCode>5029053000619</ItemCode>
      <ItemType>1</ItemType>
      <ItemName>ממחטות קלינקס אולטרא</ItemName>
      <ManufacturerName>KC Italy</ManufacturerName>
      <ManufactureCountry>איטליה</ManufactureCountry>
      <ManufacturerItemDescription>ממחטות קלינקס אולטרא סופט          9/10</ManufacturerItemDescription>
      <UnitQty>Unknown </UnitQty>
      <Quantity>0.00</Quantity>
      <UnitOfMeasure>Unknown </UnitOfMeasure>
      <bIsWeighted>0</bIsWeighted>
      <QtyInPackage>1</QtyInPackage>
      <ItemPrice>10.80</ItemPrice>
      <UnitOfMeasurePrice>0.0000</UnitOfMeasurePrice>
      <AllowDiscount>1</AllowDiscount>
      <ItemStatus>1</ItemStatus>
      <ItemId>5360</ItemId>
    </Item>
    <Item>
      <PriceUpdateDate>2015-10-01 06:16:27</PriceUpdateDate>
      <ItemCode>5029053002408</ItemCode>
      <ItemType>1</ItemType>
      <ItemName>נ.טואלט קלינקס לבן</ItemName>
      <ManufacturerName>חוגלה קימברלי</ManufacturerName>
      <ManufactureCountry>ישראל</ManufactureCountry>
      <ManufacturerItemDescription>נ.ט.קלינקס 1/9 לבן 275  מטר            .</ManufacturerItemDescription>
      <UnitQty>מטרים</UnitQty>
      <Quantity>27500.00</Quantity>
      <UnitOfMeasure>מטר</UnitOfMeasure>
      <bIsWeighted>0</bIsWeighted>
      <QtyInPackage>1</QtyInPackage>
      <ItemPrice>37.50</ItemPrice>
      <UnitOfMeasurePrice>0.0014</UnitOfMeasurePrice>
      <AllowDiscount>1</AllowDiscount>
      <ItemStatus>1</ItemStatus>
      <ItemId>5361</ItemId>
    </Item>
    <Item>
      <PriceUpdateDate>2015-07-27 11:47:36</PriceUpdateDate>
      <ItemCode>5029053503790</ItemCode>
      <ItemType>1</ItemType>
      <ItemName>מגבונים לחים 72 יח</ItemName>
      <ManufacturerName>יושלם</ManufacturerName>
      <ManufactureCountry>ישראל</ManufactureCountry>
      <ManufacturerItemDescription>האגיס מגבונים לחים 72 יח "מילו</ManufacturerItemDescription>
      <UnitQty>Unknown </UnitQty>
      <Quantity>0.00</Quantity>
      <UnitOfMeasure>Unknown </UnitOfMeasure>
      <bIsWeighted>0</bIsWeighted>
      <QtyInPackage>1</QtyInPackage>
      <ItemPrice>10.30</ItemPrice>
      <UnitOfMeasurePrice>0.0000</UnitOfMeasurePrice>
      <AllowDiscount>1</AllowDiscount>
      <ItemStatus>1</ItemStatus>
      <ItemId>5364</ItemId>
    </Item>
    <Item>
      <PriceUpdateDate>2015-10-01 06:16:27</PriceUpdateDate>
      <ItemCode>5029053510811</ItemCode>
      <ItemType>1</ItemType>
      <ItemName>קוטקס תחבושות נורמל</ItemName>
      <ManufacturerName>KC Turkey</ManufacturerName>
      <ManufactureCountry>טורקיה</ManufactureCountry>
      <ManufacturerItemDescription>קוטקס תחבושות נורמל+כנפ.28יח</ManufacturerItemDescription>
      <UnitQty>Unknown </UnitQty>
      <Quantity>0.00</Quantity>
      <UnitOfMeasure>Unknown </UnitOfMeasure>
      <bIsWeighted>0</bIsWeighted>
      <QtyInPackage>1</QtyInPackage>
      <ItemPrice>22.70</ItemPrice>
      <UnitOfMeasurePrice>0.0000</UnitOfMeasurePrice>
      <AllowDiscount>1</AllowDiscount>
      <ItemStatus>1</ItemStatus>
      <ItemId>5370</ItemId>
    </Item>
    <Item>
      <PriceUpdateDate>2015-10-01 06:13:14</PriceUpdateDate>
      <ItemCode>7290000504025</ItemCode>
      <ItemType>1</ItemType>
      <ItemName>ממתיק סוכרזית פיטריה</ItemName>
      <ManufacturerName>שטראוס גרופ</ManufacturerName>
      <ManufactureCountry>ישראל</ManufactureCountry>
      <ManufacturerItemDescription>ממתיק סוכרזית פיטריה300טבליו</ManufacturerItemDescription>
      <UnitQty>גרמים</UnitQty>
      <Quantity>25.00</Quantity>
      <UnitOfMeasure>100 גרם</UnitOfMeasure>
      <bIsWeighted>0</bIsWeighted>
      <QtyInPackage>1</QtyInPackage>
      <ItemPrice>9.80</ItemPrice>
      <UnitOfMeasurePrice>39.2000</UnitOfMeasurePrice>
      <AllowDiscount>1</AllowDiscount>
      <ItemStatus>1</ItemStatus>
      <ItemId>5385</ItemId>
    </Item>
    <Item>
      <PriceUpdateDate>2015-10-01 06:13:15</PriceUpdateDate>
      <ItemCode>7290000504049</ItemCode>
      <ItemType>1</ItemType>
      <ItemName>סוכרזית קנקן1200טבל.</ItemName>
      <ManufacturerName>שטראוס גרופ</ManufacturerName>
      <ManufactureCountry>ישראל</ManufactureCountry>
      <ManufacturerItemDescription>ממתיק סוכרזית קנקן1200טבליות</ManufacturerItemDescription>
      <UnitQty>גרמים</UnitQty>
      <Quantity>98.00</Quantity>
      <UnitOfMeasure>100 גרם</UnitOfMeasure>
      <bIsWeighted>0</bIsWeighted>
      <QtyInPackage>1</QtyInPackage>
      <ItemPrice>21.50</ItemPrice>
      <UnitOfMeasurePrice>21.9388</UnitOfMeasurePrice>
      <AllowDiscount>1</AllowDiscount>
      <ItemStatus>1</ItemStatus>
      <ItemId>5387</ItemId>
    </Item>
    <Item>
      <PriceUpdateDate>2015-10-01 06:13:15</PriceUpdateDate>
      <ItemCode>7290000504278</ItemCode>
      <ItemType>1</ItemType>
      <ItemName>סוכרזית פטנט700 טבל.</ItemName>
      <ManufacturerName>שטראוס גרופ</ManufacturerName>
      <ManufactureCountry>ישראל</ManufactureCountry>
      <ManufacturerItemDescription>ממתיק סוכרזית פטנט700טב70 .גר          .</ManufacturerItemDescription>
      <UnitQty>גרמים</UnitQty>
      <Quantity>57.00</Quantity>
      <UnitOfMeasure>100 גרם</UnitOfMeasure>
      <bIsWeighted>0</bIsWeighted>
      <QtyInPackage>1</QtyInPackage>
      <ItemPrice>18.50</ItemPrice>
      <UnitOfMeasurePrice>32.4561</UnitOfMeasurePrice>
      <AllowDiscount>1</AllowDiscount>
      <ItemStatus>1</ItemStatus>
      <ItemId>5389</ItemId>
    </Item>
    <Item>
      <PriceUpdateDate>2015-08-02 08:17:45</PriceUpdateDate>
      <ItemCode>7290005068058</ItemCode>
      <ItemType>1</ItemType>
      <ItemName>תירס קל 550 גר</ItemName>
      <ManufacturerName>ויטה פרי גליל</ManufacturerName>
      <ManufactureCountry>ישראל</ManufactureCountry>
      <ManufacturerItemDescription>תירס קל 550 גר</ManufacturerItemDescription>
      <UnitQty>גרמים</UnitQty>
      <Quantity>550.00</Quantity>
      <UnitOfMeasure>100 גרם</UnitOfMeasure>
      <bIsWeighted>0</bIsWeighted>
      <QtyInPackage>1</QtyInPackage>
      <ItemPrice>8.40</ItemPrice>
      <UnitOfMeasurePrice>1.5273</UnitOfMeasurePrice>
      <AllowDiscount>1</AllowDiscount>
      <ItemStatus>1</ItemStatus>
      <ItemId>5405</ItemId>
    </Item>
    <Item>
      <PriceUpdateDate>2015-10-01 06:17:27</PriceUpdateDate>
      <ItemCode>7290005111761</ItemCode>
      <ItemType>1</ItemType>
      <ItemName>מזון כלבים בונזו</ItemName>
      <ManufacturerName>ביופט בע"מ</ManufacturerName>
      <ManufactureCountry>ישראל</ManufactureCountry>
      <ManufacturerItemDescription>מזון כלבים בונזו 3 ק"ג</ManufacturerItemDescription>
      <UnitQty>קילוגרמים</UnitQty>
      <Quantity>3.00</Quantity>
      <UnitOfMeasure>ק"ג</UnitOfMeasure>
      <bIsWeighted>0</bIsWeighted>
      <QtyInPackage>1</QtyInPackage>
      <ItemPrice>47.40</ItemPrice>
      <UnitOfMeasurePrice>15.8000</UnitOfMeasurePrice>
      <AllowDiscount>1</AllowDiscount>
      <ItemStatus>1</ItemStatus>
      <ItemId>5419</ItemId>
    </Item>
    <Item>
      <PriceUpdateDate>2015-10-01 06:13:15</PriceUpdateDate>
      <ItemCode>7290005174513</ItemCode>
      <ItemType>1</ItemType>
      <ItemName>סלט חציל במיונז אחלה</ItemName>
      <ManufacturerName>שטראוס גרופ</ManufacturerName>
      <ManufactureCountry>ישראל</ManufactureCountry>
      <ManufacturerItemDescription>סלט חציל קלוי במיונז אחלה           500</ManufacturerItemDescription>
      <UnitQty>גרמים</UnitQty>
      <Quantity>500.00</Quantity>
      <UnitOfMeasure>100 גרם</UnitOfMeasure>
      <bIsWeighted>0</bIsWeighted>
      <QtyInPackage>1</QtyInPackage>
      <ItemPrice>15.50</ItemPrice>
      <UnitOfMeasurePrice>3.1000</UnitOfMeasurePrice>
      <AllowDiscount>1</AllowDiscount>
      <ItemStatus>1</ItemStatus>
      <ItemId>5447</ItemId>
    </Item>
    <Item>
      <PriceUpdateDate>2015-10-01 06:13:15</PriceUpdateDate>
      <ItemCode>7290005174551</ItemCode>
      <ItemType>1</ItemType>
      <ItemName>סלט חומוס יום יום</ItemName>
      <ManufacturerName>שטראוס גרופ</ManufacturerName>
      <ManufactureCountry>ישראל</ManufactureCountry>
      <ManufacturerItemDescription>סלט חומוס יום יום 125  גר              .</ManufacturerItemDescription>
      <UnitQty>גרמים</UnitQty>
      <Quantity>125.00</Quantity>
      <UnitOfMeasure>100 גרם</UnitOfMeasure>
      <bIsWeighted>0</bIsWeighted>
      <QtyInPackage>1</QtyInPackage>
      <ItemPrice>5.50</ItemPrice>
      <UnitOfMeasurePrice>4.4000</UnitOfMeasurePrice>
      <AllowDiscount>1</AllowDiscount>
      <ItemStatus>1</ItemStatus>
      <ItemId>5448</ItemId>
    </Item>
    <Item>
      <PriceUpdateDate>2015-10-01 06:13:15</PriceUpdateDate>
      <ItemCode>7290005174568</ItemCode>
      <ItemType>1</ItemType>
      <ItemName>חציל במיונז 125 גרם</ItemName>
      <ManufacturerName>שטראוס גרופ</ManufacturerName>
      <ManufactureCountry>ישראל</ManufactureCountry>
      <ManufacturerItemDescription>חציל במיונז 125 גרם</ManufacturerItemDescription>
      <UnitQty>גרמים</UnitQty>
      <Quantity>125.00</Quantity>
      <UnitOfMeasure>100 גרם</UnitOfMeasure>
      <bIsWeighted>0</bIsWeighted>
      <QtyInPackage>1</QtyInPackage>
      <ItemPrice>5.50</ItemPrice>
      <UnitOfMeasurePrice>4.4000</UnitOfMeasurePrice>
      <AllowDiscount>1</AllowDiscount>
      <ItemStatus>1</ItemStatus>
      <ItemId>5449</ItemId>
    </Item>
    <Item>
      <PriceUpdateDate>2015-10-01 06:13:15</PriceUpdateDate>
      <ItemCode>7290005174575</ItemCode>
      <ItemType>1</ItemType>
      <ItemName>סלט טחינה יום יום</ItemName>
      <ManufacturerName>שטראוס גרופ</ManufacturerName>
      <ManufactureCountry>ישראל</ManufactureCountry>
      <ManufacturerItemDescription>סלט טחינה יום יום 125 גר               .</ManufacturerItemDescription>
      <UnitQty>גרמים</UnitQty>
      <Quantity>125.00</Quantity>
      <UnitOfMeasure>100 גרם</UnitOfMeasure>
      <bIsWeighted>0</bIsWeighted>
      <QtyInPackage>1</QtyInPackage>
      <ItemPrice>5.50</ItemPrice>
      <UnitOfMeasurePrice>4.4000</UnitOfMeasurePrice>
      <AllowDiscount>1</AllowDiscount>
      <ItemStatus>1</ItemStatus>
      <ItemId>5450</ItemId>
    </Item>
    <Item>
      <PriceUpdateDate>2015-10-01 06:13:15</PriceUpdateDate>
      <ItemCode>7290005174841</ItemCode>
      <ItemType>1</ItemType>
      <ItemName>חציל בטעם כבד 125 גר</ItemName>
      <ManufacturerName>שטראוס גרופ</ManufacturerName>
      <ManufactureCountry>ישראל</ManufactureCountry>
      <ManufacturerItemDescription>חציל בטעם כבד 125 גרם</ManufacturerItemDescription>
      <UnitQty>גרמים</UnitQty>
      <Quantity>125.00</Quantity>
      <UnitOfMeasure>100 גרם</UnitOfMeasure>
      <bIsWeighted>0</bIsWeighted>
      <QtyInPackage>1</QtyInPackage>
      <ItemPrice>6.10</ItemPrice>
      <UnitOfMeasurePrice>4.8800</UnitOfMeasurePrice>
      <AllowDiscount>1</AllowDiscount>
      <ItemStatus>1</ItemStatus>
      <ItemId>5452</ItemId>
    </Item>
    <Item>
      <PriceUpdateDate>2015-10-01 06:15:00</PriceUpdateDate>
      <ItemCode>7290005191602</ItemCode>
      <ItemType>1</ItemType>
      <ItemName>משקה.סויה אלפור+סידן</ItemName>
      <ManufacturerName>ALPRO N.V.</ManufacturerName>
      <ManufactureCountry>בלגיה</ManufactureCountry>
      <ManufacturerItemDescription>משקה סויה אלפרו+סידן250 1/3 מל</ManufacturerItemDescription>
      <UnitQty>מיליליטרים</UnitQty>
      <Quantity>750.00</Quantity>
      <UnitOfMeasure>100 מ"ל</UnitOfMeasure>
      <bIsWeighted>0</bIsWeighted>
      <QtyInPackage>1</QtyInPackage>
      <ItemPrice>15.30</ItemPrice>
      <UnitOfMeasurePrice>2.0400</UnitOfMeasurePrice>
      <AllowDiscount>1</AllowDiscount>
      <ItemStatus>1</ItemStatus>
      <ItemId>5469</ItemId>
    </Item>
    <Item>
      <PriceUpdateDate>2015-10-01 06:13:15</PriceUpdateDate>
      <ItemCode>7290005199622</ItemCode>
      <ItemType>1</ItemType>
      <ItemName>ביסקוויט מריר 200 גר</ItemName>
      <ManufacturerName>שטראוס גרופ</ManufacturerName>
      <ManufactureCountry>ישראל</ManufactureCountry>
      <ManufacturerItemDescription>ביסקוויט מריר  200 גר</ManufacturerItemDescription>
      <UnitQty>גרמים</UnitQty>
      <Quantity>200.00</Quantity>
      <UnitOfMeasure>100 גרם</UnitOfMeasure>
      <bIsWeighted>0</bIsWeighted>
      <QtyInPackage>1</QtyInPackage>
      <ItemPrice>15.20</ItemPrice>
      <UnitOfMeasurePrice>7.6000</UnitOfMeasurePrice>
      <AllowDiscount>1</AllowDiscount>
      <ItemStatus>1</ItemStatus>
      <ItemId>5479</ItemId>
    </Item>
    <Item>
      <PriceUpdateDate>2015-08-12 06:10:42</PriceUpdateDate>
      <ItemCode>7290005199738</ItemCode>
      <ItemType>1</ItemType>
      <ItemName>מסטיק מאסט ציקלטס</ItemName>
      <ManufacturerName>שטראוס גרופ</ManufacturerName>
      <ManufactureCountry>ישראל</ManufactureCountry>
      <ManufacturerItemDescription>מסטיק מאסט ריח פה פפרמינט28 גר</ManufacturerItemDescription>
      <UnitQty>Unknown </UnitQty>
      <Quantity>0.00</Quantity>
      <UnitOfMeasure>Unknown </UnitOfMeasure>
      <bIsWeighted>0</bIsWeighted>
      <QtyInPackage>1</QtyInPackage>
      <ItemPrice>4.50</ItemPrice>
      <UnitOfMeasurePrice>0.0000</UnitOfMeasurePrice>
      <AllowDiscount>1</AllowDiscount>
      <ItemStatus>1</ItemStatus>
      <ItemId>5480</ItemId>
    </Item>
    <Item>
      <PriceUpdateDate>2015-08-05 17:31:10</PriceUpdateDate>
      <ItemCode>7290005200786</ItemCode>
      <ItemType>1</ItemType>
      <ItemName>תפוציפס שמנת ובצל</ItemName>
      <ManufacturerName>שטראוס גרופ</ManufacturerName>
      <ManufactureCountry>ישראל</ManufactureCountry>
      <ManufacturerItemDescription>תפוציפס טעם שמנת ובצל50 גר</ManufacturerItemDescription>
      <UnitQty>גרמים</UnitQty>
      <Quantity>50.00</Quantity>
      <UnitOfMeasure>100 גרם</UnitOfMeasure>
      <bIsWeighted>0</bIsWeighted>
      <QtyInPackage>1</QtyInPackage>
      <ItemPrice>4.20</ItemPrice>
      <UnitOfMeasurePrice>8.4000</UnitOfMeasurePrice>
      <AllowDiscount>1</AllowDiscount>
      <ItemStatus>1</ItemStatus>
      <ItemId>5486</ItemId>
    </Item>
    <Item>
      <PriceUpdateDate>2015-10-01 06:13:15</PriceUpdateDate>
      <ItemCode>7290005200908</ItemCode>
      <ItemType>1</ItemType>
      <ItemName>שוקולד פרה קראנצ</ItemName>
      <ManufacturerName>שטראוס גרופ</ManufacturerName>
      <ManufactureCountry>ישראל</ManufactureCountry>
      <ManufacturerItemDescription>ביסקויט קראנצ שוקולד 100 גרם</ManufacturerItemDescription>
      <UnitQty>גרמים</UnitQty>
      <Quantity>100.00</Quantity>
      <UnitOfMeasure>100 גרם</UnitOfMeasure>
      <bIsWeighted>0</bIsWeighted>
      <QtyInPackage>1</QtyInPackage>
      <ItemPrice>6.40</ItemPrice>
      <UnitOfMeasurePrice>6.4000</UnitOfMeasurePrice>
      <AllowDiscount>1</AllowDiscount>
      <ItemStatus>1</ItemStatus>
      <ItemId>5487</ItemId>
    </Item>
    <Item>
      <PriceUpdateDate>2015-10-01 06:18:34</PriceUpdateDate>
      <ItemCode>5201184021934</ItemCode>
      <ItemType>1</ItemType>
      <ItemName>נר זיקוק</ItemName>
      <ManufacturerName>יושלם</ManufacturerName>
      <ManufactureCountry>יושלם</ManufactureCountry>
      <ManufacturerItemDescription>נר זיקוק</ManufacturerItemDescription>
      <UnitQty>Unknown </UnitQty>
      <Quantity>0.00</Quantity>
      <UnitOfMeasure>Unknown </UnitOfMeasure>
      <bIsWeighted>0</bIsWeighted>
      <QtyInPackage>1</QtyInPackage>
      <ItemPrice>5.90</ItemPrice>
      <UnitOfMeasurePrice>0.0000</UnitOfMeasurePrice>
      <AllowDiscount>1</AllowDiscount>
      <ItemStatus>1</ItemStatus>
      <ItemId>5501</ItemId>
    </Item>
    <Item>
      <PriceUpdateDate>2015-01-01 00:00:00</PriceUpdateDate>
      <ItemCode>5201184066508</ItemCode>
      <ItemType>1</ItemType>
      <ItemName>נר מספר 8</ItemName>
      <ManufacturerName>שמחה</ManufacturerName>
      <ManufactureCountry>סין</ManufactureCountry>
      <ManufacturerItemDescription>נר מספר</ManufacturerItemDescription>
      <UnitQty>Unknown </UnitQty>
      <Quantity>0.00</Quantity>
      <UnitOfMeasure>Unknown </UnitOfMeasure>
      <bIsWeighted>0</bIsWeighted>
      <QtyInPackage>1</QtyInPackage>
      <ItemPrice>3.40</ItemPrice>
      <UnitOfMeasurePrice>0.0000</UnitOfMeasurePrice>
      <AllowDiscount>1</AllowDiscount>
      <ItemStatus>1</ItemStatus>
      <ItemId>5515</ItemId>
    </Item>
    <Item>
      <PriceUpdateDate>2015-10-01 06:13:15</PriceUpdateDate>
      <ItemCode>7290005201455</ItemCode>
      <ItemType>1</ItemType>
      <ItemName>קפה נמס מגורען ארומה</ItemName>
      <ManufacturerName>אינסטנטינה</ManufacturerName>
      <ManufactureCountry>פולין</ManufactureCountry>
      <ManufacturerItemDescription>קפה נמס מגורען ארומה200 גר             .</ManufacturerItemDescription>
      <UnitQty>גרמים</UnitQty>
      <Quantity>200.00</Quantity>
      <UnitOfMeasure>100 גרם</UnitOfMeasure>
      <bIsWeighted>0</bIsWeighted>
      <QtyInPackage>1</QtyInPackage>
      <ItemPrice>29.60</ItemPrice>
      <UnitOfMeasurePrice>14.8000</UnitOfMeasurePrice>
      <AllowDiscount>1</AllowDiscount>
      <ItemStatus>1</ItemStatus>
      <ItemId>5521</ItemId>
    </Item>
    <Item>
      <PriceUpdateDate>2015-08-12 06:10:42</PriceUpdateDate>
      <ItemCode>7290005201677</ItemCode>
      <ItemType>1</ItemType>
      <ItemName>מסטיק מאסט ציקלטס</ItemName>
      <ManufacturerName>שטראוס גרופ</ManufacturerName>
      <ManufactureCountry>ישראל</ManufactureCountry>
      <ManufacturerItemDescription>מסטיק מאסט ציקלטס ורוד28 גר            .</ManufacturerItemDescription>
      <UnitQty>Unknown </UnitQty>
      <Quantity>0.00</Quantity>
      <UnitOfMeasure>Unknown </UnitOfMeasure>
      <bIsWeighted>0</bIsWeighted>
      <QtyInPackage>1</QtyInPackage>
      <ItemPrice>4.50</ItemPrice>
      <UnitOfMeasurePrice>0.0000</UnitOfMeasurePrice>
      <AllowDiscount>1</AllowDiscount>
      <ItemStatus>1</ItemStatus>
      <ItemId>5523</ItemId>
    </Item>
    <Item>
      <PriceUpdateDate>2015-10-01 06:13:15</PriceUpdateDate>
      <ItemCode>7290005201882</ItemCode>
      <ItemType>1</ItemType>
      <ItemName>קפה טורקי בצלופן</ItemName>
      <ManufacturerName>שטראוס גרופ</ManufacturerName>
      <ManufactureCountry>ישראל</ManufactureCountry>
      <ManufacturerItemDescription>קפה טורקי בצלופן 200 גרם</ManufacturerItemDescription>
      <UnitQty>גרמים</UnitQty>
      <Quantity>200.00</Quantity>
      <UnitOfMeasure>100 גרם</UnitOfMeasure>
      <bIsWeighted>0</bIsWeighted>
      <QtyInPackage>1</QtyInPackage>
      <ItemPrice>18.70</ItemPrice>
      <UnitOfMeasurePrice>9.3500</UnitOfMeasurePrice>
      <AllowDiscount>1</AllowDiscount>
      <ItemStatus>1</ItemStatus>
      <ItemId>5525</ItemId>
    </Item>
    <Item>
      <PriceUpdateDate>2015-08-13 07:56:49</PriceUpdateDate>
      <ItemCode>52100070865</ItemCode>
      <ItemType>1</ItemType>
      <ItemName>תמצית וניל טהור</ItemName>
      <ManufacturerName>מקורמיק</ManufacturerName>
      <ManufactureCountry>ארצות הברית</ManufactureCountry>
      <ManufacturerItemDescription>תמצית וניל טהור מקורמיק 28 גר          "</ManufacturerItemDescription>
      <UnitQty>גרמים</UnitQty>
      <Quantity>28.00</Quantity>
      <UnitOfMeasure>100 גרם</UnitOfMeasure>
      <bIsWeighted>0</bIsWeighted>
      <QtyInPackage>1</QtyInPackage>
      <ItemPrice>22.90</ItemPrice>
      <UnitOfMeasurePrice>81.7857</UnitOfMeasurePrice>
      <AllowDiscount>1</AllowDiscount>
      <ItemStatus>1</ItemStatus>
      <ItemId>5536</ItemId>
    </Item>
    <Item>
      <PriceUpdateDate>2016-03-15 10:14:59</PriceUpdateDate>
      <ItemCode>7290000521008</ItemCode>
      <ItemType>1</ItemType>
      <ItemName>יין של סגל אדום</ItemName>
      <ManufacturerName>ברקן סגל</ManufacturerName>
      <ManufactureCountry>ישראל</ManufactureCountry>
      <ManufacturerItemDescription>יין של סגל אדום יבש750 מל</ManufacturerItemDescription>
      <UnitQty>מיליליטרים</UnitQty>
      <Quantity>750.00</Quantity>
      <UnitOfMeasure>100 מ"ל</UnitOfMeasure>
      <bIsWeighted>0</bIsWeighted>
      <QtyInPackage>1</QtyInPackage>
      <ItemPrice>25.60</ItemPrice>
      <UnitOfMeasurePrice>3.4133</UnitOfMeasurePrice>
      <AllowDiscount>1</AllowDiscount>
      <ItemStatus>1</ItemStatus>
      <ItemId>5549</ItemId>
    </Item>
    <Item>
      <PriceUpdateDate>2015-10-01 06:15:13</PriceUpdateDate>
      <ItemCode>7290000521015</ItemCode>
      <ItemType>1</ItemType>
      <ItemName>יין של סגל לבן יבש</ItemName>
      <ManufacturerName>ברקן סגל</ManufacturerName>
      <ManufactureCountry>ישראל</ManufactureCountry>
      <ManufacturerItemDescription>יין של סגל לבן יבש 750 מל</ManufacturerItemDescription>
      <UnitQty>מיליליטרים</UnitQty>
      <Quantity>750.00</Quantity>
      <UnitOfMeasure>100 מ"ל</UnitOfMeasure>
      <bIsWeighted>0</bIsWeighted>
      <QtyInPackage>1</QtyInPackage>
      <ItemPrice>25.60</ItemPrice>
      <UnitOfMeasurePrice>3.4133</UnitOfMeasurePrice>
      <AllowDiscount>1</AllowDiscount>
      <ItemStatus>1</ItemStatus>
      <ItemId>5550</ItemId>
    </Item>
    <Item>
      <PriceUpdateDate>2016-03-15 10:14:59</PriceUpdateDate>
      <ItemCode>7290000521022</ItemCode>
      <ItemType>1</ItemType>
      <ItemName>יין של סגל לבן ח.יבש</ItemName>
      <ManufacturerName>ברקן סגל</ManufacturerName>
      <ManufactureCountry>ישראל</ManufactureCountry>
      <ManufacturerItemDescription>יין של סגל לבן חצי יבש 750 מל</ManufacturerItemDescription>
      <UnitQty>מיליליטרים</UnitQty>
      <Quantity>750.00</Quantity>
      <UnitOfMeasure>100 מ"ל</UnitOfMeasure>
      <bIsWeighted>0</bIsWeighted>
      <QtyInPackage>1</QtyInPackage>
      <ItemPrice>25.60</ItemPrice>
      <UnitOfMeasurePrice>3.4133</UnitOfMeasurePrice>
      <AllowDiscount>1</AllowDiscount>
      <ItemStatus>1</ItemStatus>
      <ItemId>5551</ItemId>
    </Item>
    <Item>
      <PriceUpdateDate>2015-01-01 00:00:00</PriceUpdateDate>
      <ItemCode>7290000523125</ItemCode>
      <ItemType>1</ItemType>
      <ItemName>מלח ים יבש 250 גר</ItemName>
      <ManufacturerName>ויסוצקי</ManufacturerName>
      <ManufactureCountry>ישראל</ManufactureCountry>
      <ManufacturerItemDescription>מלח ים יבש 250 גר                      .</ManufacturerItemDescription>
      <UnitQty>גרמים</UnitQty>
      <Quantity>250.00</Quantity>
      <UnitOfMeasure>100 גרם</UnitOfMeasure>
      <bIsWeighted>0</bIsWeighted>
      <QtyInPackage>1</QtyInPackage>
      <ItemPrice>6.40</ItemPrice>
      <UnitOfMeasurePrice>2.5600</UnitOfMeasurePrice>
      <AllowDiscount>1</AllowDiscount>
      <ItemStatus>1</ItemStatus>
      <ItemId>5623</ItemId>
    </Item>
    <Item>
      <PriceUpdateDate>2015-07-24 06:45:15</PriceUpdateDate>
      <ItemCode>7290000523224</ItemCode>
      <ItemType>1</ItemType>
      <ItemName>מלח ים יבש</ItemName>
      <ManufacturerName>מלח הארץ אילת בע"מ</ManufacturerName>
      <ManufactureCountry>ישראל</ManufactureCountry>
      <ManufacturerItemDescription>מלח ים יבש 500 גר                      .</ManufacturerItemDescription>
      <UnitQty>גרמים</UnitQty>
      <Quantity>500.00</Quantity>
      <UnitOfMeasure>100 גרם</UnitOfMeasure>
      <bIsWeighted>0</bIsWeighted>
      <QtyInPackage>1</QtyInPackage>
      <ItemPrice>8.40</ItemPrice>
      <UnitOfMeasurePrice>1.6800</UnitOfMeasurePrice>
      <AllowDiscount>1</AllowDiscount>
      <ItemStatus>1</ItemStatus>
      <ItemId>5628</ItemId>
    </Item>
    <Item>
      <PriceUpdateDate>2015-10-01 06:16:47</PriceUpdateDate>
      <ItemCode>7290000523514</ItemCode>
      <ItemType>1</ItemType>
      <ItemName>מלח ים יבש מופחת</ItemName>
      <ManufacturerName>מלח הארץ אילת בע"מ</ManufacturerName>
      <ManufactureCountry>ישראל</ManufactureCountry>
      <ManufacturerItemDescription>מלח ים יבש מופחת נתרן250 גר            .</ManufacturerItemDescription>
      <UnitQty>גרמים</UnitQty>
      <Quantity>250.00</Quantity>
      <UnitOfMeasure>100 גרם</UnitOfMeasure>
      <bIsWeighted>0</bIsWeighted>
      <QtyInPackage>1</QtyInPackage>
      <ItemPrice>11.80</ItemPrice>
      <UnitOfMeasurePrice>4.7200</UnitOfMeasurePrice>
      <AllowDiscount>1</AllowDiscount>
      <ItemStatus>1</ItemStatus>
      <ItemId>5631</ItemId>
    </Item>
    <Item>
      <PriceUpdateDate>2015-10-01 06:16:47</PriceUpdateDate>
      <ItemCode>7290000523521</ItemCode>
      <ItemType>1</ItemType>
      <ItemName>מלח ים מועשר ביוד</ItemName>
      <ManufacturerName>מלח הארץ אילת בע"מ</ManufacturerName>
      <ManufactureCountry>ישראל</ManufactureCountry>
      <ManufacturerItemDescription>מלח ים מועשר ביוד 250 גר               "</ManufacturerItemDescription>
      <UnitQty>גרמים</UnitQty>
      <Quantity>250.00</Quantity>
      <UnitOfMeasure>100 גרם</UnitOfMeasure>
      <bIsWeighted>0</bIsWeighted>
      <QtyInPackage>1</QtyInPackage>
      <ItemPrice>6.80</ItemPrice>
      <UnitOfMeasurePrice>2.7200</UnitOfMeasurePrice>
      <AllowDiscount>1</AllowDiscount>
      <ItemStatus>1</ItemStatus>
      <ItemId>5632</ItemId>
    </Item>
    <Item>
      <PriceUpdateDate>2015-10-01 06:13:15</PriceUpdateDate>
      <ItemCode>7290000525969</ItemCode>
      <ItemType>1</ItemType>
      <ItemName>מיץ תפוזים סחוט</ItemName>
      <ManufacturerName>שטראוס גרופ</ManufacturerName>
      <ManufactureCountry>ישראל</ManufactureCountry>
      <ManufacturerItemDescription>מיץ סחוט תפוזים 1 ל                    .</ManufacturerItemDescription>
      <UnitQty>ליטרים</UnitQty>
      <Quantity>1.00</Quantity>
      <UnitOfMeasure>ליטר</UnitOfMeasure>
      <bIsWeighted>0</bIsWeighted>
      <QtyInPackage>1</QtyInPackage>
      <ItemPrice>15.70</ItemPrice>
      <UnitOfMeasurePrice>15.7000</UnitOfMeasurePrice>
      <AllowDiscount>1</AllowDiscount>
      <ItemStatus>1</ItemStatus>
      <ItemId>5645</ItemId>
    </Item>
    <Item>
      <PriceUpdateDate>2016-05-19 11:26:03</PriceUpdateDate>
      <ItemCode>7290014094345</ItemCode>
      <ItemType>1</ItemType>
      <ItemName>חמניות קלופות 300 גר</ItemName>
      <ManufacturerName>דין שיווק וקליה בע"מ</ManufacturerName>
      <ManufactureCountry>ארצות הברית</ManufactureCountry>
      <ManufacturerItemDescription>חמניות קלופות 300 גרם</ManufacturerItemDescription>
      <UnitQty>גרמים</UnitQty>
      <Quantity>300.00</Quantity>
      <UnitOfMeasure>100 גרם</UnitOfMeasure>
      <bIsWeighted>0</bIsWeighted>
      <QtyInPackage>1</QtyInPackage>
      <ItemPrice>15.90</ItemPrice>
      <UnitOfMeasurePrice>5.3000</UnitOfMeasurePrice>
      <AllowDiscount>1</AllowDiscount>
      <ItemStatus>1</ItemStatus>
      <ItemId>101997</ItemId>
    </Item>
    <Item>
      <PriceUpdateDate>2015-10-01 06:16:23</PriceUpdateDate>
      <ItemCode>7290107870085</ItemCode>
      <ItemType>1</ItemType>
      <ItemName>שלגון אימוגי</ItemName>
      <ManufacturerName>נגה גלידות</ManufacturerName>
      <ManufactureCountry>ישראל</ManufactureCountry>
      <ManufacturerItemDescription>שלגון אימוגי</ManufacturerItemDescription>
      <UnitQty>גרמים</UnitQty>
      <Quantity>65.00</Quantity>
      <UnitOfMeasure>100 גרם</UnitOfMeasure>
      <bIsWeighted>0</bIsWeighted>
      <QtyInPackage>1</QtyInPackage>
      <ItemPrice>8.80</ItemPrice>
      <UnitOfMeasurePrice>13.5385</UnitOfMeasurePrice>
      <AllowDiscount>1</AllowDiscount>
      <ItemStatus>1</ItemStatus>
      <ItemId>100902</ItemId>
    </Item>
    <Item>
      <PriceUpdateDate>2016-01-06 15:15:37</PriceUpdateDate>
      <ItemCode>7290107930963</ItemCode>
      <ItemType>1</ItemType>
      <ItemName>שוקולד פרה חלב אוריג</ItemName>
      <ManufacturerName>שטראוס גרופ</ManufacturerName>
      <ManufactureCountry>ישראל</ManufactureCountry>
      <ManufacturerItemDescription>שוקולד פרה חלב אוריגמי</ManufacturerItemDescription>
      <UnitQty>גרמים</UnitQty>
      <Quantity>100.00</Quantity>
      <UnitOfMeasure>100 גרם</UnitOfMeasure>
      <bIsWeighted>0</bIsWeighted>
      <QtyInPackage>1</QtyInPackage>
      <ItemPrice>6.40</ItemPrice>
      <UnitOfMeasurePrice>6.4000</UnitOfMeasurePrice>
      <AllowDiscount>1</AllowDiscount>
      <ItemStatus>1</ItemStatus>
      <ItemId>108084</ItemId>
    </Item>
    <Item>
      <PriceUpdateDate>2015-08-02 08:15:47</PriceUpdateDate>
      <ItemCode>5410126716016</ItemCode>
      <ItemType>1</ItemType>
      <ItemName>ביסקוויט בטעם קרמל</ItemName>
      <ManufacturerName>לוטוס ביקרי נ.וי.</ManufacturerName>
      <ManufactureCountry>בלגיה</ManufactureCountry>
      <ManufacturerItemDescription>ביסקוויט טעם קרמל250 גר                .</ManufacturerItemDescription>
      <UnitQty>גרמים</UnitQty>
      <Quantity>250.00</Quantity>
      <UnitOfMeasure>100 גרם</UnitOfMeasure>
      <bIsWeighted>0</bIsWeighted>
      <QtyInPackage>1</QtyInPackage>
      <ItemPrice>11.90</ItemPrice>
      <UnitOfMeasurePrice>4.7600</UnitOfMeasurePrice>
      <AllowDiscount>1</AllowDiscount>
      <ItemStatus>1</ItemStatus>
      <ItemId>5851</ItemId>
    </Item>
    <Item>
      <PriceUpdateDate>2015-08-02 08:18:32</PriceUpdateDate>
      <ItemCode>5413548280189</ItemCode>
      <ItemType>1</ItemType>
      <ItemName>חטיף קינדר שוקו בון</ItemName>
      <ManufacturerName>פררו</ManufacturerName>
      <ManufactureCountry>איטליה</ManufactureCountry>
      <ManufacturerItemDescription>חטיף קינדר שוקו בון 125 גר             "</ManufacturerItemDescription>
      <UnitQty>גרמים</UnitQty>
      <Quantity>125.00</Quantity>
      <UnitOfMeasure>100 גרם</UnitOfMeasure>
      <bIsWeighted>0</bIsWeighted>
      <QtyInPackage>1</QtyInPackage>
      <ItemPrice>17.50</ItemPrice>
      <UnitOfMeasurePrice>14.0000</UnitOfMeasurePrice>
      <AllowDiscount>1</AllowDiscount>
      <ItemStatus>1</ItemStatus>
      <ItemId>5876</ItemId>
    </Item>
    <Item>
      <PriceUpdateDate>2015-10-01 06:14:32</PriceUpdateDate>
      <ItemCode>7290005418709</ItemCode>
      <ItemType>1</ItemType>
      <ItemName>פרו בוט.ק.לחות+הזנה</ItemName>
      <ManufacturerName>אמיליה קוסמטיקס</ManufacturerName>
      <ManufactureCountry>ישראל</ManufactureCountry>
      <ManufacturerItemDescription>קרם לחות במרקם גל לקיבוע          GO C</ManufacturerItemDescription>
      <UnitQty>מיליליטרים</UnitQty>
      <Quantity>400.00</Quantity>
      <UnitOfMeasure>100 מ"ל</UnitOfMeasure>
      <bIsWeighted>0</bIsWeighted>
      <QtyInPackage>1</QtyInPackage>
      <ItemPrice>26.00</ItemPrice>
      <UnitOfMeasurePrice>6.5000</UnitOfMeasurePrice>
      <AllowDiscount>1</AllowDiscount>
      <ItemStatus>1</ItemStatus>
      <ItemId>5884</ItemId>
    </Item>
    <Item>
      <PriceUpdateDate>2015-10-01 06:14:32</PriceUpdateDate>
      <ItemCode>7290005423253</ItemCode>
      <ItemType>1</ItemType>
      <ItemName>למייבש כביסה מרסס</ItemName>
      <ManufacturerName>סנו</ManufacturerName>
      <ManufactureCountry>ישראל</ManufactureCountry>
      <ManufacturerItemDescription>למייבש כביסה מקסימה כחול750 מל</ManufacturerItemDescription>
      <UnitQty>מיליליטרים</UnitQty>
      <Quantity>750.00</Quantity>
      <UnitOfMeasure>100 מ"ל</UnitOfMeasure>
      <bIsWeighted>0</bIsWeighted>
      <QtyInPackage>1</QtyInPackage>
      <ItemPrice>18.70</ItemPrice>
      <UnitOfMeasurePrice>2.4933</UnitOfMeasurePrice>
      <AllowDiscount>1</AllowDiscount>
      <ItemStatus>1</ItemStatus>
      <ItemId>5897</ItemId>
    </Item>
    <Item>
      <PriceUpdateDate>2015-10-01 06:14:32</PriceUpdateDate>
      <ItemCode>7290005423567</ItemCode>
      <ItemType>1</ItemType>
      <ItemName>מטלית סנו לכל בגליל</ItemName>
      <ManufacturerName>זינרגד</ManufacturerName>
      <ManufactureCountry>ישראל</ManufactureCountry>
      <ManufacturerItemDescription>מטלית סנו לכל צהוב 40 יח גליל</ManufacturerItemDescription>
      <UnitQty>Unknown </UnitQty>
      <Quantity>0.00</Quantity>
      <UnitOfMeasure>Unknown </UnitOfMeasure>
      <bIsWeighted>0</bIsWeighted>
      <QtyInPackage>1</QtyInPackage>
      <ItemPrice>21.70</ItemPrice>
      <UnitOfMeasurePrice>0.0000</UnitOfMeasurePrice>
      <AllowDiscount>1</AllowDiscount>
      <ItemStatus>1</ItemStatus>
      <ItemId>5905</ItemId>
    </Item>
    <Item>
      <PriceUpdateDate>2015-10-01 06:14:32</PriceUpdateDate>
      <ItemCode>7290005423635</ItemCode>
      <ItemType>1</ItemType>
      <ItemName>ריצפז דוחה תיקנים</ItemName>
      <ManufacturerName>סנו</ManufacturerName>
      <ManufactureCountry>ישראל</ManufactureCountry>
      <ManufacturerItemDescription>ריצפז דוחה תיקנים 2 ל                  "</ManufacturerItemDescription>
      <UnitQty>ליטרים</UnitQty>
      <Quantity>2.00</Quantity>
      <UnitOfMeasure>ליטר</UnitOfMeasure>
      <bIsWeighted>0</bIsWeighted>
      <QtyInPackage>1</QtyInPackage>
      <ItemPrice>26.60</ItemPrice>
      <UnitOfMeasurePrice>13.3000</UnitOfMeasurePrice>
      <AllowDiscount>1</AllowDiscount>
      <ItemStatus>1</ItemStatus>
      <ItemId>5907</ItemId>
    </Item>
    <Item>
      <PriceUpdateDate>2015-10-01 06:14:32</PriceUpdateDate>
      <ItemCode>7290005423734</ItemCode>
      <ItemType>1</ItemType>
      <ItemName>מרכך כביסה אולטראפרש</ItemName>
      <ManufacturerName>סנו</ManufacturerName>
      <ManufactureCountry>ישראל</ManufactureCountry>
      <ManufacturerItemDescription>מרכך כביסה מקסימה אולטראפרש           4</ManufacturerItemDescription>
      <UnitQty>ליטרים</UnitQty>
      <Quantity>4.00</Quantity>
      <UnitOfMeasure>ליטר</UnitOfMeasure>
      <bIsWeighted>0</bIsWeighted>
      <QtyInPackage>1</QtyInPackage>
      <ItemPrice>21.70</ItemPrice>
      <UnitOfMeasurePrice>5.4250</UnitOfMeasurePrice>
      <AllowDiscount>1</AllowDiscount>
      <ItemStatus>1</ItemStatus>
      <ItemId>5909</ItemId>
    </Item>
    <Item>
      <PriceUpdateDate>2015-10-01 06:14:32</PriceUpdateDate>
      <ItemCode>7290005423871</ItemCode>
      <ItemType>1</ItemType>
      <ItemName>אורביטול משחת שיניים</ItemName>
      <ManufacturerName>טרופיקל דגיל</ManufacturerName>
      <ManufactureCountry>ישראל</ManufactureCountry>
      <ManufacturerItemDescription>אורביטול משחת שיניים 1/3 מנטול</ManufacturerItemDescription>
      <UnitQty>גרמים</UnitQty>
      <Quantity>435.00</Quantity>
      <UnitOfMeasure>100 גרם</UnitOfMeasure>
      <bIsWeighted>0</bIsWeighted>
      <QtyInPackage>1</QtyInPackage>
      <ItemPrice>18.70</ItemPrice>
      <UnitOfMeasurePrice>4.2989</UnitOfMeasurePrice>
      <AllowDiscount>1</AllowDiscount>
      <ItemStatus>1</ItemStatus>
      <ItemId>5911</ItemId>
    </Item>
    <Item>
      <PriceUpdateDate>2015-10-01 06:14:32</PriceUpdateDate>
      <ItemCode>7290005424113</ItemCode>
      <ItemType>1</ItemType>
      <ItemName>מטלית רצפה</ItemName>
      <ManufacturerName>עופרטקס</ManufacturerName>
      <ManufactureCountry>ישראל</ManufactureCountry>
      <ManufacturerItemDescription>מטלית רצפה סנו סושי 4 יח</ManufacturerItemDescription>
      <UnitQty>Unknown </UnitQty>
      <Quantity>0.00</Quantity>
      <UnitOfMeasure>Unknown </UnitOfMeasure>
      <bIsWeighted>0</bIsWeighted>
      <QtyInPackage>1</QtyInPackage>
      <ItemPrice>13.10</ItemPrice>
      <UnitOfMeasurePrice>0.0000</UnitOfMeasurePrice>
      <AllowDiscount>1</AllowDiscount>
      <ItemStatus>1</ItemStatus>
      <ItemId>5913</ItemId>
    </Item>
    <Item>
      <PriceUpdateDate>2015-10-01 06:14:32</PriceUpdateDate>
      <ItemCode>7290005424403</ItemCode>
      <ItemType>1</ItemType>
      <ItemName>אלסבון כיף אצות ים</ItemName>
      <ManufacturerName>קוסמופארם</ManufacturerName>
      <ManufactureCountry>ישראל</ManufactureCountry>
      <ManufacturerItemDescription>אלסבון כיף אצות ים 1 ל</ManufacturerItemDescription>
      <UnitQty>ליטרים</UnitQty>
      <Quantity>1.00</Quantity>
      <UnitOfMeasure>ליטר</UnitOfMeasure>
      <bIsWeighted>0</bIsWeighted>
      <QtyInPackage>1</QtyInPackage>
      <ItemPrice>13.80</ItemPrice>
      <UnitOfMeasurePrice>13.8000</UnitOfMeasurePrice>
      <AllowDiscount>1</AllowDiscount>
      <ItemStatus>1</ItemStatus>
      <ItemId>5917</ItemId>
    </Item>
    <Item>
      <PriceUpdateDate>2015-10-01 06:14:32</PriceUpdateDate>
      <ItemCode>7290005424571</ItemCode>
      <ItemType>1</ItemType>
      <ItemName>כרית קרצוף סנו סושי</ItemName>
      <ManufacturerName>סנו</ManufacturerName>
      <ManufactureCountry>לא ידוע</ManufactureCountry>
      <ManufacturerItemDescription>כרית קרצוף סנו סושי 6 יח               "</ManufacturerItemDescription>
      <UnitQty>Unknown </UnitQty>
      <Quantity>0.00</Quantity>
      <UnitOfMeasure>Unknown </UnitOfMeasure>
      <bIsWeighted>0</bIsWeighted>
      <QtyInPackage>1</QtyInPackage>
      <ItemPrice>14.80</ItemPrice>
      <UnitOfMeasurePrice>0.0000</UnitOfMeasurePrice>
      <AllowDiscount>1</AllowDiscount>
      <ItemStatus>1</ItemStatus>
      <ItemId>5918</ItemId>
    </Item>
    <Item>
      <PriceUpdateDate>2015-10-01 06:14:32</PriceUpdateDate>
      <ItemCode>7290005424656</ItemCode>
      <ItemType>1</ItemType>
      <ItemName>מסיר אבן אנטי קאלק</ItemName>
      <ManufacturerName>סנו</ManufacturerName>
      <ManufactureCountry>ישראל</ManufactureCountry>
      <ManufacturerItemDescription>מסיר אבן אנטי קאלק 200 גר</ManufacturerItemDescription>
      <UnitQty>גרמים</UnitQty>
      <Quantity>200.00</Quantity>
      <UnitOfMeasure>100 גרם</UnitOfMeasure>
      <bIsWeighted>0</bIsWeighted>
      <QtyInPackage>1</QtyInPackage>
      <ItemPrice>11.80</ItemPrice>
      <UnitOfMeasurePrice>5.9000</UnitOfMeasurePrice>
      <AllowDiscount>1</AllowDiscount>
      <ItemStatus>1</ItemStatus>
      <ItemId>5920</ItemId>
    </Item>
    <Item>
      <PriceUpdateDate>2015-10-01 06:14:32</PriceUpdateDate>
      <ItemCode>7290005425011</ItemCode>
      <ItemType>1</ItemType>
      <ItemName>מגבונים לניקוי כללי</ItemName>
      <ManufacturerName>פאלאס</ManufacturerName>
      <ManufactureCountry>ישראל</ManufactureCountry>
      <ManufacturerItemDescription>מגבוני סנוגט לניקוי כללי80 יח</ManufacturerItemDescription>
      <UnitQty>Unknown </UnitQty>
      <Quantity>0.00</Quantity>
      <UnitOfMeasure>Unknown </UnitOfMeasure>
      <bIsWeighted>0</bIsWeighted>
      <QtyInPackage>1</QtyInPackage>
      <ItemPrice>17.70</ItemPrice>
      <UnitOfMeasurePrice>0.0000</UnitOfMeasurePrice>
      <AllowDiscount>1</AllowDiscount>
      <ItemStatus>1</ItemStatus>
      <ItemId>5928</ItemId>
    </Item>
    <Item>
      <PriceUpdateDate>2015-01-01 00:00:00</PriceUpdateDate>
      <ItemCode>7290005425646</ItemCode>
      <ItemType>1</ItemType>
      <ItemName>לחלונות סנוקליר אקדח</ItemName>
      <ManufacturerName>סנו</ManufacturerName>
      <ManufactureCountry>ישראל</ManufactureCountry>
      <ManufacturerItemDescription>סנוקליר חלונות 1 ל                     "</ManufacturerItemDescription>
      <UnitQty>ליטרים</UnitQty>
      <Quantity>1.00</Quantity>
      <UnitOfMeasure>ליטר</UnitOfMeasure>
      <bIsWeighted>0</bIsWeighted>
      <QtyInPackage>1</QtyInPackage>
      <ItemPrice>11.90</ItemPrice>
      <UnitOfMeasurePrice>11.9000</UnitOfMeasurePrice>
      <AllowDiscount>1</AllowDiscount>
      <ItemStatus>1</ItemStatus>
      <ItemId>5934</ItemId>
    </Item>
    <Item>
      <PriceUpdateDate>2015-10-01 06:14:33</PriceUpdateDate>
      <ItemCode>7290005425783</ItemCode>
      <ItemType>1</ItemType>
      <ItemName>קרם גוף + ויטמין  E</ItemName>
      <ManufacturerName>קוסמופארם</ManufacturerName>
      <ManufactureCountry>ישראל</ManufactureCountry>
      <ManufacturerItemDescription>קרמה קרם גוף500 מל                     .</ManufacturerItemDescription>
      <UnitQty>מיליליטרים</UnitQty>
      <Quantity>500.00</Quantity>
      <UnitOfMeasure>100 מ"ל</UnitOfMeasure>
      <bIsWeighted>0</bIsWeighted>
      <QtyInPackage>1</QtyInPackage>
      <ItemPrice>27.60</ItemPrice>
      <UnitOfMeasurePrice>5.5200</UnitOfMeasurePrice>
      <AllowDiscount>1</AllowDiscount>
      <ItemStatus>1</ItemStatus>
      <ItemId>5939</ItemId>
    </Item>
    <Item>
      <PriceUpdateDate>2015-01-01 00:00:00</PriceUpdateDate>
      <ItemCode>8000380156825</ItemCode>
      <ItemType>1</ItemType>
      <ItemName>שוקולד חלב</ItemName>
      <ManufacturerName>לואקר</ManufacturerName>
      <ManufactureCountry>לא ידוע</ManufactureCountry>
      <ManufacturerItemDescription>שוקולד חלב 87 גרם</ManufacturerItemDescription>
      <UnitQty>גרמים</UnitQty>
      <Quantity>87.00</Quantity>
      <UnitOfMeasure>100 גרם</UnitOfMeasure>
      <bIsWeighted>0</bIsWeighted>
      <QtyInPackage>1</QtyInPackage>
      <ItemPrice>9.90</ItemPrice>
      <UnitOfMeasurePrice>11.3793</UnitOfMeasurePrice>
      <AllowDiscount>1</AllowDiscount>
      <ItemStatus>1</ItemStatus>
      <ItemId>98664</ItemId>
    </Item>
    <Item>
      <PriceUpdateDate>2015-10-01 06:14:33</PriceUpdateDate>
      <ItemCode>7290005426230</ItemCode>
      <ItemType>1</ItemType>
      <ItemName>מטלית הפלא לרצפה</ItemName>
      <ManufacturerName>N.S.</ManufacturerName>
      <ManufactureCountry>סין</ManufactureCountry>
      <ManufacturerItemDescription>מטלית הפלא לרצפה סנו סושי</ManufacturerItemDescription>
      <UnitQty>Unknown </UnitQty>
      <Quantity>0.00</Quantity>
      <UnitOfMeasure>Unknown </UnitOfMeasure>
      <bIsWeighted>0</bIsWeighted>
      <QtyInPackage>1</QtyInPackage>
      <ItemPrice>10.80</ItemPrice>
      <UnitOfMeasurePrice>0.0000</UnitOfMeasurePrice>
      <AllowDiscount>1</AllowDiscount>
      <ItemStatus>1</ItemStatus>
      <ItemId>5943</ItemId>
    </Item>
    <Item>
      <PriceUpdateDate>2015-10-01 06:14:33</PriceUpdateDate>
      <ItemCode>7290005426575</ItemCode>
      <ItemType>1</ItemType>
      <ItemName>קרמה לחות לשיער יבש</ItemName>
      <ManufacturerName>קוסמופארם</ManufacturerName>
      <ManufactureCountry>ישראל</ManufactureCountry>
      <ManufacturerItemDescription>קרמה לחות ללא שטיפה לשיער יבש</ManufacturerItemDescription>
      <UnitQty>מיליליטרים</UnitQty>
      <Quantity>400.00</Quantity>
      <UnitOfMeasure>100 מ"ל</UnitOfMeasure>
      <bIsWeighted>0</bIsWeighted>
      <QtyInPackage>1</QtyInPackage>
      <ItemPrice>20.70</ItemPrice>
      <UnitOfMeasurePrice>5.1750</UnitOfMeasurePrice>
      <AllowDiscount>1</AllowDiscount>
      <ItemStatus>1</ItemStatus>
      <ItemId>5949</ItemId>
    </Item>
    <Item>
      <PriceUpdateDate>2015-01-01 00:00:00</PriceUpdateDate>
      <ItemCode>8000380156832</ItemCode>
      <ItemType>1</ItemType>
      <ItemName>שוקולד קקאו</ItemName>
      <ManufacturerName>לואקר</ManufacturerName>
      <ManufactureCountry>לא ידוע</ManufactureCountry>
      <ManufacturerItemDescription>שוקולד קקאו 87 גרם</ManufacturerItemDescription>
      <UnitQty>Unknown </UnitQty>
      <Quantity>0.00</Quantity>
      <UnitOfMeasure>Unknown </UnitOfMeasure>
      <bIsWeighted>0</bIsWeighted>
      <QtyInPackage>1</QtyInPackage>
      <ItemPrice>9.90</ItemPrice>
      <UnitOfMeasurePrice>0.0000</UnitOfMeasurePrice>
      <AllowDiscount>1</AllowDiscount>
      <ItemStatus>1</ItemStatus>
      <ItemId>98665</ItemId>
    </Item>
    <Item>
      <PriceUpdateDate>2015-05-31 08:23:29</PriceUpdateDate>
      <ItemCode>7290005427541</ItemCode>
      <ItemType>1</ItemType>
      <ItemName>תחליב רחצה כיף חלב ש</ItemName>
      <ManufacturerName>קוסמופארם</ManufacturerName>
      <ManufactureCountry>ישראל</ManufactureCountry>
      <ManufacturerItemDescription>תחליב רחצה כיף חלב שקדים750 מל</ManufacturerItemDescription>
      <UnitQty>מיליליטרים</UnitQty>
      <Quantity>750.00</Quantity>
      <UnitOfMeasure>100 מ"ל</UnitOfMeasure>
      <bIsWeighted>0</bIsWeighted>
      <QtyInPackage>1</QtyInPackage>
      <ItemPrice>12.90</ItemPrice>
      <UnitOfMeasurePrice>1.7200</UnitOfMeasurePrice>
      <AllowDiscount>1</AllowDiscount>
      <ItemStatus>1</ItemStatus>
      <ItemId>5965</ItemId>
    </Item>
    <Item>
      <PriceUpdateDate>2015-10-01 06:14:33</PriceUpdateDate>
      <ItemCode>7290005427558</ItemCode>
      <ItemType>1</ItemType>
      <ItemName>תחליב רחצה כיף דבש</ItemName>
      <ManufacturerName>קוסמופארם</ManufacturerName>
      <ManufactureCountry>ישראל</ManufactureCountry>
      <ManufacturerItemDescription>תחליב רחצה כיף חלב דבש 750 מל</ManufacturerItemDescription>
      <UnitQty>מיליליטרים</UnitQty>
      <Quantity>750.00</Quantity>
      <UnitOfMeasure>100 מ"ל</UnitOfMeasure>
      <bIsWeighted>0</bIsWeighted>
      <QtyInPackage>1</QtyInPackage>
      <ItemPrice>12.80</ItemPrice>
      <UnitOfMeasurePrice>1.7067</UnitOfMeasurePrice>
      <AllowDiscount>1</AllowDiscount>
      <ItemStatus>1</ItemStatus>
      <ItemId>5966</ItemId>
    </Item>
    <Item>
      <PriceUpdateDate>2015-06-19 07:56:06</PriceUpdateDate>
      <ItemCode>7290005428920</ItemCode>
      <ItemType>1</ItemType>
      <ItemName>סנו סאן נוזל כלים</ItemName>
      <ManufacturerName>סנו</ManufacturerName>
      <ManufactureCountry>לא ידוע</ManufactureCountry>
      <ManufacturerItemDescription>סנו סאן נוזל כלים 1 ל "משאבה</ManufacturerItemDescription>
      <UnitQty>ליטרים</UnitQty>
      <Quantity>1.00</Quantity>
      <UnitOfMeasure>ליטר</UnitOfMeasure>
      <bIsWeighted>0</bIsWeighted>
      <QtyInPackage>1</QtyInPackage>
      <ItemPrice>16.90</ItemPrice>
      <UnitOfMeasurePrice>16.9000</UnitOfMeasurePrice>
      <AllowDiscount>1</AllowDiscount>
      <ItemStatus>1</ItemStatus>
      <ItemId>5970</ItemId>
    </Item>
    <Item>
      <PriceUpdateDate>2015-10-01 06:14:33</PriceUpdateDate>
      <ItemCode>7290005428982</ItemCode>
      <ItemType>1</ItemType>
      <ItemName>בייבי כיף קרם גוף לת</ItemName>
      <ManufacturerName>קוסמופארם</ManufacturerName>
      <ManufactureCountry>ישראל</ManufactureCountry>
      <ManufacturerItemDescription>בייבי כיף קרם גוף לתינוק500 מל</ManufacturerItemDescription>
      <UnitQty>מיליליטרים</UnitQty>
      <Quantity>500.00</Quantity>
      <UnitOfMeasure>100 מ"ל</UnitOfMeasure>
      <bIsWeighted>0</bIsWeighted>
      <QtyInPackage>1</QtyInPackage>
      <ItemPrice>24.70</ItemPrice>
      <UnitOfMeasurePrice>4.9400</UnitOfMeasurePrice>
      <AllowDiscount>1</AllowDiscount>
      <ItemStatus>1</ItemStatus>
      <ItemId>5973</ItemId>
    </Item>
    <Item>
      <PriceUpdateDate>2015-01-01 00:00:00</PriceUpdateDate>
      <ItemCode>7290005430602</ItemCode>
      <ItemType>1</ItemType>
      <ItemName>מסיר כתמים אוקסיגין</ItemName>
      <ManufacturerName>סנו</ManufacturerName>
      <ManufactureCountry>ישראל</ManufactureCountry>
      <ManufacturerItemDescription>מסיר כתמים אוקסיג"ן 750 מרסס</ManufacturerItemDescription>
      <UnitQty>מיליליטרים</UnitQty>
      <Quantity>750.00</Quantity>
      <UnitOfMeasure>100 מ"ל</UnitOfMeasure>
      <bIsWeighted>0</bIsWeighted>
      <QtyInPackage>1</QtyInPackage>
      <ItemPrice>21.80</ItemPrice>
      <UnitOfMeasurePrice>2.9067</UnitOfMeasurePrice>
      <AllowDiscount>1</AllowDiscount>
      <ItemStatus>1</ItemStatus>
      <ItemId>5979</ItemId>
    </Item>
    <Item>
      <PriceUpdateDate>2015-10-01 06:14:33</PriceUpdateDate>
      <ItemCode>7290005430961</ItemCode>
      <ItemType>1</ItemType>
      <ItemName>בד גרד נוזל כביסה</ItemName>
      <ManufacturerName>יושלם</ManufacturerName>
      <ManufactureCountry>יושלם</ManufactureCountry>
      <ManufacturerItemDescription>בד-גרד נוזל לכביסה ביד 1 ליטר</ManufacturerItemDescription>
      <UnitQty>ליטרים</UnitQty>
      <Quantity>1.00</Quantity>
      <UnitOfMeasure>ליטר</UnitOfMeasure>
      <bIsWeighted>0</bIsWeighted>
      <QtyInPackage>1</QtyInPackage>
      <ItemPrice>20.70</ItemPrice>
      <UnitOfMeasurePrice>20.7000</UnitOfMeasurePrice>
      <AllowDiscount>1</AllowDiscount>
      <ItemStatus>1</ItemStatus>
      <ItemId>5985</ItemId>
    </Item>
    <Item>
      <PriceUpdateDate>2016-05-19 11:18:06</PriceUpdateDate>
      <ItemCode>7290000552118</ItemCode>
      <ItemType>1</ItemType>
      <ItemName>נקניקיות מרגז גריל .</ItemName>
      <ManufacturerName>טיבון ויל</ManufacturerName>
      <ManufactureCountry>ישראל</ManufactureCountry>
      <ManufacturerItemDescription>נקניקיות מרגז גריל 400 גר              "</ManufacturerItemDescription>
      <UnitQty>גרמים</UnitQty>
      <Quantity>400.00</Quantity>
      <UnitOfMeasure>100 גרם</UnitOfMeasure>
      <bIsWeighted>0</bIsWeighted>
      <QtyInPackage>1</QtyInPackage>
      <ItemPrice>23.80</ItemPrice>
      <UnitOfMeasurePrice>5.9500</UnitOfMeasurePrice>
      <AllowDiscount>1</AllowDiscount>
      <ItemStatus>1</ItemStatus>
      <ItemId>6047</ItemId>
    </Item>
    <Item>
      <PriceUpdateDate>2015-01-01 00:00:00</PriceUpdateDate>
      <ItemCode>7290005559587</ItemCode>
      <ItemType>1</ItemType>
      <ItemName>מאפה נקניקיה 800 גרם</ItemName>
      <ManufacturerName>מעדנות</ManufacturerName>
      <ManufactureCountry>לא ידוע</ManufactureCountry>
      <ManufacturerItemDescription>מאפה נקניקיה 800 גרם</ManufacturerItemDescription>
      <UnitQty>גרמים</UnitQty>
      <Quantity>800.00</Quantity>
      <UnitOfMeasure>100 גרם</UnitOfMeasure>
      <bIsWeighted>0</bIsWeighted>
      <QtyInPackage>1</QtyInPackage>
      <ItemPrice>33.60</ItemPrice>
      <UnitOfMeasurePrice>4.2000</UnitOfMeasurePrice>
      <AllowDiscount>1</AllowDiscount>
      <ItemStatus>1</ItemStatus>
      <ItemId>6137</ItemId>
    </Item>
    <Item>
      <PriceUpdateDate>2015-10-01 06:16:50</PriceUpdateDate>
      <ItemCode>7290005559709</ItemCode>
      <ItemType>1</ItemType>
      <ItemName>בורקס פיצה</ItemName>
      <ManufacturerName>מעדנות</ManufacturerName>
      <ManufactureCountry>ישראל</ManufactureCountry>
      <ManufacturerItemDescription>בורקס פיצה 700 גרם</ManufacturerItemDescription>
      <UnitQty>גרמים</UnitQty>
      <Quantity>700.00</Quantity>
      <UnitOfMeasure>100 גרם</UnitOfMeasure>
      <bIsWeighted>0</bIsWeighted>
      <QtyInPackage>1</QtyInPackage>
      <ItemPrice>27.70</ItemPrice>
      <UnitOfMeasurePrice>3.9571</UnitOfMeasurePrice>
      <AllowDiscount>1</AllowDiscount>
      <ItemStatus>1</ItemStatus>
      <ItemId>6142</ItemId>
    </Item>
    <Item>
      <PriceUpdateDate>2015-10-01 06:16:50</PriceUpdateDate>
      <ItemCode>7290005559907</ItemCode>
      <ItemType>1</ItemType>
      <ItemName>פיצה משפחתית גבינה</ItemName>
      <ManufacturerName>מעדנות</ManufacturerName>
      <ManufactureCountry>ישראל</ManufactureCountry>
      <ManufacturerItemDescription>פיצה משפחתית גבינה 500 גרם</ManufacturerItemDescription>
      <UnitQty>גרמים</UnitQty>
      <Quantity>500.00</Quantity>
      <UnitOfMeasure>100 גרם</UnitOfMeasure>
      <bIsWeighted>0</bIsWeighted>
      <QtyInPackage>1</QtyInPackage>
      <ItemPrice>25.60</ItemPrice>
      <UnitOfMeasurePrice>5.1200</UnitOfMeasurePrice>
      <AllowDiscount>1</AllowDiscount>
      <ItemStatus>1</ItemStatus>
      <ItemId>6145</ItemId>
    </Item>
    <Item>
      <PriceUpdateDate>2015-01-01 00:00:00</PriceUpdateDate>
      <ItemCode>7290005559914</ItemCode>
      <ItemType>1</ItemType>
      <ItemName>פיצה משפחתית זיתים</ItemName>
      <ManufacturerName>מעדנות</ManufacturerName>
      <ManufactureCountry>ישראל</ManufactureCountry>
      <ManufacturerItemDescription>פיצה משפחתית זיתים 550 גרם</ManufacturerItemDescription>
      <UnitQty>גרמים</UnitQty>
      <Quantity>550.00</Quantity>
      <UnitOfMeasure>100 גרם</UnitOfMeasure>
      <bIsWeighted>0</bIsWeighted>
      <QtyInPackage>1</QtyInPackage>
      <ItemPrice>26.60</ItemPrice>
      <UnitOfMeasurePrice>4.8364</UnitOfMeasurePrice>
      <AllowDiscount>1</AllowDiscount>
      <ItemStatus>1</ItemStatus>
      <ItemId>6146</ItemId>
    </Item>
    <Item>
      <PriceUpdateDate>2015-10-01 06:13:08</PriceUpdateDate>
      <ItemCode>4801234145118</ItemCode>
      <ItemType>1</ItemType>
      <ItemName>גלייד נטול גז אירוס</ItemName>
      <ManufacturerName>SC Jonson</ManufacturerName>
      <ManufactureCountry>סין</ManufactureCountry>
      <ManufacturerItemDescription>גלייד נטול גז אירוס סגול</ManufacturerItemDescription>
      <UnitQty>מיליליטרים</UnitQty>
      <Quantity>400.00</Quantity>
      <UnitOfMeasure>100 מ"ל</UnitOfMeasure>
      <bIsWeighted>0</bIsWeighted>
      <QtyInPackage>1</QtyInPackage>
      <ItemPrice>13.80</ItemPrice>
      <UnitOfMeasurePrice>3.4500</UnitOfMeasurePrice>
      <AllowDiscount>1</AllowDiscount>
      <ItemStatus>1</ItemStatus>
      <ItemId>98742</ItemId>
    </Item>
    <Item>
      <PriceUpdateDate>2015-10-01 06:16:50</PriceUpdateDate>
      <ItemCode>7290005559983</ItemCode>
      <ItemType>1</ItemType>
      <ItemName>חטיפי פיצה בתבנית</ItemName>
      <ManufacturerName>מעדנות</ManufacturerName>
      <ManufactureCountry>ישראל</ManufactureCountry>
      <ManufacturerItemDescription>חטיפי פיצה בתבנית</ManufacturerItemDescription>
      <UnitQty>גרמים</UnitQty>
      <Quantity>650.00</Quantity>
      <UnitOfMeasure>100 גרם</UnitOfMeasure>
      <bIsWeighted>0</bIsWeighted>
      <QtyInPackage>1</QtyInPackage>
      <ItemPrice>35.00</ItemPrice>
      <UnitOfMeasurePrice>5.3846</UnitOfMeasurePrice>
      <AllowDiscount>1</AllowDiscount>
      <ItemStatus>1</ItemStatus>
      <ItemId>6149</ItemId>
    </Item>
    <Item>
      <PriceUpdateDate>2015-10-01 06:16:50</PriceUpdateDate>
      <ItemCode>7290005559990</ItemCode>
      <ItemType>1</ItemType>
      <ItemName>בצק פילאס תורכי</ItemName>
      <ManufacturerName>מעדנות</ManufacturerName>
      <ManufactureCountry>ישראל</ManufactureCountry>
      <ManufacturerItemDescription>בצק פילאס תורכי</ManufacturerItemDescription>
      <UnitQty>גרמים</UnitQty>
      <Quantity>600.00</Quantity>
      <UnitOfMeasure>100 גרם</UnitOfMeasure>
      <bIsWeighted>0</bIsWeighted>
      <QtyInPackage>1</QtyInPackage>
      <ItemPrice>25.40</ItemPrice>
      <UnitOfMeasurePrice>4.2333</UnitOfMeasurePrice>
      <AllowDiscount>1</AllowDiscount>
      <ItemStatus>1</ItemStatus>
      <ItemId>6150</ItemId>
    </Item>
    <Item>
      <PriceUpdateDate>2015-08-02 08:17:40</PriceUpdateDate>
      <ItemCode>7290002007166</ItemCode>
      <ItemType>1</ItemType>
      <ItemName>פירורי לחם 200ג</ItemName>
      <ManufacturerName>וודש</ManufacturerName>
      <ManufactureCountry>לא ידוע</ManufactureCountry>
      <ManufacturerItemDescription>פירורי לחם 200ג</ManufacturerItemDescription>
      <UnitQty>גרמים</UnitQty>
      <Quantity>200.00</Quantity>
      <UnitOfMeasure>100 גרם</UnitOfMeasure>
      <bIsWeighted>0</bIsWeighted>
      <QtyInPackage>1</QtyInPackage>
      <ItemPrice>3.50</ItemPrice>
      <UnitOfMeasurePrice>1.7500</UnitOfMeasurePrice>
      <AllowDiscount>1</AllowDiscount>
      <ItemStatus>1</ItemStatus>
      <ItemId>69457</ItemId>
    </Item>
    <Item>
      <PriceUpdateDate>2015-10-01 06:13:15</PriceUpdateDate>
      <ItemCode>7290005591761</ItemCode>
      <ItemType>1</ItemType>
      <ItemName>דבש מפרחי בר 400 גר</ItemName>
      <ManufacturerName>שטראוס גרופ</ManufacturerName>
      <ManufactureCountry>ישראל</ManufactureCountry>
      <ManufacturerItemDescription>דבש פרחי בר400 גר.בק"לחיץ</ManufacturerItemDescription>
      <UnitQty>גרמים</UnitQty>
      <Quantity>400.00</Quantity>
      <UnitOfMeasure>100 גרם</UnitOfMeasure>
      <bIsWeighted>0</bIsWeighted>
      <QtyInPackage>1</QtyInPackage>
      <ItemPrice>28.10</ItemPrice>
      <UnitOfMeasurePrice>7.0250</UnitOfMeasurePrice>
      <AllowDiscount>1</AllowDiscount>
      <ItemStatus>1</ItemStatus>
      <ItemId>6164</ItemId>
    </Item>
    <Item>
      <PriceUpdateDate>2015-10-01 06:15:29</PriceUpdateDate>
      <ItemCode>7290005604133</ItemCode>
      <ItemType>1</ItemType>
      <ItemName>משקל פריגת מנגו 1.5</ItemName>
      <ManufacturerName>פריגת</ManufacturerName>
      <ManufactureCountry>ישראל</ManufactureCountry>
      <ManufacturerItemDescription>משקל פריגת מנגו 1.5 ליטר</ManufacturerItemDescription>
      <UnitQty>ליטרים</UnitQty>
      <Quantity>1.50</Quantity>
      <UnitOfMeasure>ליטר</UnitOfMeasure>
      <bIsWeighted>0</bIsWeighted>
      <QtyInPackage>1</QtyInPackage>
      <ItemPrice>6.80</ItemPrice>
      <UnitOfMeasurePrice>4.5333</UnitOfMeasurePrice>
      <AllowDiscount>1</AllowDiscount>
      <ItemStatus>1</ItemStatus>
      <ItemId>6177</ItemId>
    </Item>
    <Item>
      <PriceUpdateDate>2015-01-01 00:00:00</PriceUpdateDate>
      <ItemCode>7290000560533</ItemCode>
      <ItemType>1</ItemType>
      <ItemName>אדג גל גילוח רגיל</ItemName>
      <ManufacturerName>אנרג'ייזר</ManufacturerName>
      <ManufactureCountry>ארצות הברית</ManufactureCountry>
      <ManufacturerItemDescription>אדג גל גילוח רגיל 200 מל</ManufacturerItemDescription>
      <UnitQty>מיליליטרים</UnitQty>
      <Quantity>200.00</Quantity>
      <UnitOfMeasure>100 מ"ל</UnitOfMeasure>
      <bIsWeighted>0</bIsWeighted>
      <QtyInPackage>1</QtyInPackage>
      <ItemPrice>21.90</ItemPrice>
      <UnitOfMeasurePrice>10.9500</UnitOfMeasurePrice>
      <AllowDiscount>1</AllowDiscount>
      <ItemStatus>1</ItemStatus>
      <ItemId>6182</ItemId>
    </Item>
    <Item>
      <PriceUpdateDate>2015-01-01 00:00:00</PriceUpdateDate>
      <ItemCode>7290000560540</ItemCode>
      <ItemType>1</ItemType>
      <ItemName>ג"ל גילוח לעור רגיש</ItemName>
      <ManufacturerName>אנרג'ייזר</ManufacturerName>
      <ManufactureCountry>ארצות הברית</ManufactureCountry>
      <ManufacturerItemDescription>אדג "ג"ל גילוח לעור רגיש200 מל</ManufacturerItemDescription>
      <UnitQty>מיליליטרים</UnitQty>
      <Quantity>200.00</Quantity>
      <UnitOfMeasure>100 מ"ל</UnitOfMeasure>
      <bIsWeighted>0</bIsWeighted>
      <QtyInPackage>1</QtyInPackage>
      <ItemPrice>21.90</ItemPrice>
      <UnitOfMeasurePrice>10.9500</UnitOfMeasurePrice>
      <AllowDiscount>1</AllowDiscount>
      <ItemStatus>1</ItemStatus>
      <ItemId>6183</ItemId>
    </Item>
    <Item>
      <PriceUpdateDate>2015-10-01 06:17:27</PriceUpdateDate>
      <ItemCode>7290005651366</ItemCode>
      <ItemType>1</ItemType>
      <ItemName>מ.כלבים בונזו טעםכבד</ItemName>
      <ManufacturerName>ביופט בע"מ</ManufacturerName>
      <ManufactureCountry>ישראל</ManufactureCountry>
      <ManufacturerItemDescription>מ.כלבים בונזו טעם כבד 3 ק"ג</ManufacturerItemDescription>
      <UnitQty>קילוגרמים</UnitQty>
      <Quantity>3.00</Quantity>
      <UnitOfMeasure>ק"ג</UnitOfMeasure>
      <bIsWeighted>0</bIsWeighted>
      <QtyInPackage>1</QtyInPackage>
      <ItemPrice>54.40</ItemPrice>
      <UnitOfMeasurePrice>18.1333</UnitOfMeasurePrice>
      <AllowDiscount>1</AllowDiscount>
      <ItemStatus>1</ItemStatus>
      <ItemId>6201</ItemId>
    </Item>
    <Item>
      <PriceUpdateDate>2015-10-01 06:17:27</PriceUpdateDate>
      <ItemCode>7290005651427</ItemCode>
      <ItemType>1</ItemType>
      <ItemName>מעדן בשר לכלבים</ItemName>
      <ManufacturerName>FIDELE SAS</ManufacturerName>
      <ManufactureCountry>צרפת</ManufactureCountry>
      <ManufacturerItemDescription>מעדן בשר לכלבים שלישיהX3 גר          415</ManufacturerItemDescription>
      <UnitQty>קילוגרמים</UnitQty>
      <Quantity>1.25</Quantity>
      <UnitOfMeasure>ק"ג</UnitOfMeasure>
      <bIsWeighted>0</bIsWeighted>
      <QtyInPackage>1</QtyInPackage>
      <ItemPrice>19.70</ItemPrice>
      <UnitOfMeasurePrice>15.7600</UnitOfMeasurePrice>
      <AllowDiscount>1</AllowDiscount>
      <ItemStatus>1</ItemStatus>
      <ItemId>6204</ItemId>
    </Item>
    <Item>
      <PriceUpdateDate>2015-08-02 08:18:18</PriceUpdateDate>
      <ItemCode>5701932026964</ItemCode>
      <ItemType>1</ItemType>
      <ItemName>פופקורן עם מלח 600 ג</ItemName>
      <ManufacturerName>פופז</ManufacturerName>
      <ManufactureCountry>לא ידוע</ManufactureCountry>
      <ManufacturerItemDescription>פופקורן עם מלח 600 גר                  .</ManufacturerItemDescription>
      <UnitQty>גרמים</UnitQty>
      <Quantity>600.00</Quantity>
      <UnitOfMeasure>100 גרם</UnitOfMeasure>
      <bIsWeighted>0</bIsWeighted>
      <QtyInPackage>1</QtyInPackage>
      <ItemPrice>19.90</ItemPrice>
      <UnitOfMeasurePrice>3.3167</UnitOfMeasurePrice>
      <AllowDiscount>1</AllowDiscount>
      <ItemStatus>1</ItemStatus>
      <ItemId>6232</ItemId>
    </Item>
    <Item>
      <PriceUpdateDate>2015-08-02 08:18:18</PriceUpdateDate>
      <ItemCode>5701932026971</ItemCode>
      <ItemType>1</ItemType>
      <ItemName>פופקורן בטעם חמאה 60</ItemName>
      <ManufacturerName>פופז</ManufacturerName>
      <ManufactureCountry>לא ידוע</ManufactureCountry>
      <ManufacturerItemDescription>פופקורן בטעם חמאה 600 גר               .</ManufacturerItemDescription>
      <UnitQty>גרמים</UnitQty>
      <Quantity>600.00</Quantity>
      <UnitOfMeasure>100 גרם</UnitOfMeasure>
      <bIsWeighted>0</bIsWeighted>
      <QtyInPackage>1</QtyInPackage>
      <ItemPrice>19.90</ItemPrice>
      <UnitOfMeasurePrice>3.3167</UnitOfMeasurePrice>
      <AllowDiscount>1</AllowDiscount>
      <ItemStatus>1</ItemStatus>
      <ItemId>6233</ItemId>
    </Item>
    <Item>
      <PriceUpdateDate>2015-10-01 06:18:38</PriceUpdateDate>
      <ItemCode>7290000571386</ItemCode>
      <ItemType>1</ItemType>
      <ItemName>יוגורט מחלב כבשים</ItemName>
      <ManufacturerName>תנובה מרכז שיתופי לש</ManufacturerName>
      <ManufactureCountry>ישראל</ManufactureCountry>
      <ManufacturerItemDescription>יוגורט יוגורמה מחלב כבשים           850</ManufacturerItemDescription>
      <UnitQty>גרמים</UnitQty>
      <Quantity>850.00</Quantity>
      <UnitOfMeasure>100 גרם</UnitOfMeasure>
      <bIsWeighted>0</bIsWeighted>
      <QtyInPackage>1</QtyInPackage>
      <ItemPrice>26.60</ItemPrice>
      <UnitOfMeasurePrice>3.1294</UnitOfMeasurePrice>
      <AllowDiscount>1</AllowDiscount>
      <ItemStatus>1</ItemStatus>
      <ItemId>6246</ItemId>
    </Item>
    <Item>
      <PriceUpdateDate>2016-01-28 10:38:39</PriceUpdateDate>
      <ItemCode>7290000572208</ItemCode>
      <ItemType>1</ItemType>
      <ItemName>חלבה אחוה</ItemName>
      <ManufacturerName>אחווה</ManufacturerName>
      <ManufactureCountry>ישראל</ManufactureCountry>
      <ManufacturerItemDescription>חלבה אחוה 100 גר</ManufacturerItemDescription>
      <UnitQty>גרמים</UnitQty>
      <Quantity>100.00</Quantity>
      <UnitOfMeasure>100 גרם</UnitOfMeasure>
      <bIsWeighted>0</bIsWeighted>
      <QtyInPackage>1</QtyInPackage>
      <ItemPrice>4.50</ItemPrice>
      <UnitOfMeasurePrice>4.5000</UnitOfMeasurePrice>
      <AllowDiscount>1</AllowDiscount>
      <ItemStatus>1</ItemStatus>
      <ItemId>6249</ItemId>
    </Item>
    <Item>
      <PriceUpdateDate>2016-07-22 06:24:50</PriceUpdateDate>
      <ItemCode>7290000572222</ItemCode>
      <ItemType>1</ItemType>
      <ItemName>חלבה בלוק</ItemName>
      <ManufacturerName>אחווה</ManufacturerName>
      <ManufactureCountry>ישראל</ManufactureCountry>
      <ManufacturerItemDescription>חלבה 500 גר .בלוק אחוה</ManufacturerItemDescription>
      <UnitQty>גרמים</UnitQty>
      <Quantity>500.00</Quantity>
      <UnitOfMeasure>100 גרם</UnitOfMeasure>
      <bIsWeighted>0</bIsWeighted>
      <QtyInPackage>1</QtyInPackage>
      <ItemPrice>12.90</ItemPrice>
      <UnitOfMeasurePrice>2.5800</UnitOfMeasurePrice>
      <AllowDiscount>1</AllowDiscount>
      <ItemStatus>1</ItemStatus>
      <ItemId>6250</ItemId>
    </Item>
    <Item>
      <PriceUpdateDate>2015-01-01 00:00:00</PriceUpdateDate>
      <ItemCode>8000380156856</ItemCode>
      <ItemType>1</ItemType>
      <ItemName>שוקולד לבן</ItemName>
      <ManufacturerName>לואקר</ManufacturerName>
      <ManufactureCountry>לא ידוע</ManufactureCountry>
      <ManufacturerItemDescription>שוקולד לבן 87 גרם</ManufacturerItemDescription>
      <UnitQty>Unknown </UnitQty>
      <Quantity>0.00</Quantity>
      <UnitOfMeasure>Unknown </UnitOfMeasure>
      <bIsWeighted>0</bIsWeighted>
      <QtyInPackage>1</QtyInPackage>
      <ItemPrice>9.90</ItemPrice>
      <UnitOfMeasurePrice>0.0000</UnitOfMeasurePrice>
      <AllowDiscount>1</AllowDiscount>
      <ItemStatus>1</ItemStatus>
      <ItemId>98667</ItemId>
    </Item>
    <Item>
      <PriceUpdateDate>2015-08-12 06:10:42</PriceUpdateDate>
      <ItemCode>7290005838002</ItemCode>
      <ItemType>1</ItemType>
      <ItemName>דניאלה מעדן גבינה</ItemName>
      <ManufacturerName>שטראוס גרופ</ManufacturerName>
      <ManufactureCountry>ישראל</ManufactureCountry>
      <ManufacturerItemDescription>דניאלה מעדן גבינה וניל 150 מל</ManufacturerItemDescription>
      <UnitQty>מיליליטרים</UnitQty>
      <Quantity>150.00</Quantity>
      <UnitOfMeasure>100 מ"ל</UnitOfMeasure>
      <bIsWeighted>0</bIsWeighted>
      <QtyInPackage>1</QtyInPackage>
      <ItemPrice>4.40</ItemPrice>
      <UnitOfMeasurePrice>2.9333</UnitOfMeasurePrice>
      <AllowDiscount>1</AllowDiscount>
      <ItemStatus>1</ItemStatus>
      <ItemId>6451</ItemId>
    </Item>
    <Item>
      <PriceUpdateDate>2015-10-01 06:13:15</PriceUpdateDate>
      <ItemCode>7290005839078</ItemCode>
      <ItemType>1</ItemType>
      <ItemName>מארז חסכון ביו   3%</ItemName>
      <ManufacturerName>שטראוס גרופ</ManufacturerName>
      <ManufactureCountry>ישראל</ManufactureCountry>
      <ManufacturerItemDescription>מארז חסכון ביו 1.200 3% גרם</ManufacturerItemDescription>
      <UnitQty>קילוגרמים</UnitQty>
      <Quantity>1.20</Quantity>
      <UnitOfMeasure>ק"ג</UnitOfMeasure>
      <bIsWeighted>0</bIsWeighted>
      <QtyInPackage>1</QtyInPackage>
      <ItemPrice>17.30</ItemPrice>
      <UnitOfMeasurePrice>14.4167</UnitOfMeasurePrice>
      <AllowDiscount>1</AllowDiscount>
      <ItemStatus>1</ItemStatus>
      <ItemId>6459</ItemId>
    </Item>
    <Item>
      <PriceUpdateDate>2015-06-14 11:54:18</PriceUpdateDate>
      <ItemCode>7290005839313</ItemCode>
      <ItemType>1</ItemType>
      <ItemName>מילקי טופ מגולגלת</ItemName>
      <ManufacturerName>שטראוס גרופ</ManufacturerName>
      <ManufactureCountry>ישראל</ManufactureCountry>
      <ManufacturerItemDescription>מילקי טופ מגולגלת 140 גר               "</ManufacturerItemDescription>
      <UnitQty>גרמים</UnitQty>
      <Quantity>140.00</Quantity>
      <UnitOfMeasure>100 גרם</UnitOfMeasure>
      <bIsWeighted>0</bIsWeighted>
      <QtyInPackage>1</QtyInPackage>
      <ItemPrice>5.00</ItemPrice>
      <UnitOfMeasurePrice>3.5714</UnitOfMeasurePrice>
      <AllowDiscount>1</AllowDiscount>
      <ItemStatus>1</ItemStatus>
      <ItemId>6463</ItemId>
    </Item>
    <Item>
      <PriceUpdateDate>2016-03-15 16:18:56</PriceUpdateDate>
      <ItemCode>7290000591742</ItemCode>
      <ItemType>1</ItemType>
      <ItemName>קמח מצה לפסח</ItemName>
      <ManufacturerName>אם החיטה</ManufacturerName>
      <ManufactureCountry>ישראל</ManufactureCountry>
      <ManufacturerItemDescription>קמח מצה 500 גר    .פסח</ManufacturerItemDescription>
      <UnitQty>גרמים</UnitQty>
      <Quantity>500.00</Quantity>
      <UnitOfMeasure>100 גרם</UnitOfMeasure>
      <bIsWeighted>0</bIsWeighted>
      <QtyInPackage>1</QtyInPackage>
      <ItemPrice>6.90</ItemPrice>
      <UnitOfMeasurePrice>1.3800</UnitOfMeasurePrice>
      <AllowDiscount>1</AllowDiscount>
      <ItemStatus>1</ItemStatus>
      <ItemId>6537</ItemId>
    </Item>
    <Item>
      <PriceUpdateDate>2016-07-20 07:59:41</PriceUpdateDate>
      <ItemCode>7290005966033</ItemCode>
      <ItemType>1</ItemType>
      <ItemName>יין הר חרמון לבן</ItemName>
      <ManufacturerName>יקב רמת הגולן</ManufacturerName>
      <ManufactureCountry>לא ידוע</ManufactureCountry>
      <ManufacturerItemDescription>יין הר חרמון לבן 750 מ"ל</ManufacturerItemDescription>
      <UnitQty>מיליליטרים</UnitQty>
      <Quantity>750.00</Quantity>
      <UnitOfMeasure>100 מ"ל</UnitOfMeasure>
      <bIsWeighted>0</bIsWeighted>
      <QtyInPackage>1</QtyInPackage>
      <ItemPrice>39.90</ItemPrice>
      <UnitOfMeasurePrice>5.3200</UnitOfMeasurePrice>
      <AllowDiscount>1</AllowDiscount>
      <ItemStatus>1</ItemStatus>
      <ItemId>6559</ItemId>
    </Item>
    <Item>
      <PriceUpdateDate>2016-07-20 07:59:41</PriceUpdateDate>
      <ItemCode>7290005966088</ItemCode>
      <ItemType>1</ItemType>
      <ItemName>יין הר חרמון</ItemName>
      <ManufacturerName>יקב רמת הגולן</ManufacturerName>
      <ManufactureCountry>לא ידוע</ManufactureCountry>
      <ManufacturerItemDescription>יין הר חרמון אדום 750 מל</ManufacturerItemDescription>
      <UnitQty>מיליליטרים</UnitQty>
      <Quantity>750.00</Quantity>
      <UnitOfMeasure>100 מ"ל</UnitOfMeasure>
      <bIsWeighted>0</bIsWeighted>
      <QtyInPackage>1</QtyInPackage>
      <ItemPrice>39.90</ItemPrice>
      <UnitOfMeasurePrice>5.3200</UnitOfMeasurePrice>
      <AllowDiscount>1</AllowDiscount>
      <ItemStatus>1</ItemStatus>
      <ItemId>6561</ItemId>
    </Item>
    <Item>
      <PriceUpdateDate>2016-07-20 07:59:42</PriceUpdateDate>
      <ItemCode>7290005966392</ItemCode>
      <ItemType>1</ItemType>
      <ItemName>יין גולן קברנה סובינ</ItemName>
      <ManufacturerName>יקב רמת הגולן</ManufacturerName>
      <ManufactureCountry>לא ידוע</ManufactureCountry>
      <ManufacturerItemDescription>יין גולן קברנה סוביניון750 מ"ל</ManufacturerItemDescription>
      <UnitQty>מיליליטרים</UnitQty>
      <Quantity>750.00</Quantity>
      <UnitOfMeasure>100 מ"ל</UnitOfMeasure>
      <bIsWeighted>0</bIsWeighted>
      <QtyInPackage>1</QtyInPackage>
      <ItemPrice>39.90</ItemPrice>
      <UnitOfMeasurePrice>5.3200</UnitOfMeasurePrice>
      <AllowDiscount>1</AllowDiscount>
      <ItemStatus>1</ItemStatus>
      <ItemId>6576</ItemId>
    </Item>
    <Item>
      <PriceUpdateDate>2015-10-01 06:19:28</PriceUpdateDate>
      <ItemCode>7290005966903</ItemCode>
      <ItemType>1</ItemType>
      <ItemName>יין גולן שיאון אדום</ItemName>
      <ManufacturerName>יקב רמת הגולן</ManufacturerName>
      <ManufactureCountry>לא ידוע</ManufactureCountry>
      <ManufacturerItemDescription>יין גולן שיאון אדום 750   מל</ManufacturerItemDescription>
      <UnitQty>מיליליטרים</UnitQty>
      <Quantity>750.00</Quantity>
      <UnitOfMeasure>100 מ"ל</UnitOfMeasure>
      <bIsWeighted>0</bIsWeighted>
      <QtyInPackage>1</QtyInPackage>
      <ItemPrice>29.60</ItemPrice>
      <UnitOfMeasurePrice>3.9467</UnitOfMeasurePrice>
      <AllowDiscount>1</AllowDiscount>
      <ItemStatus>1</ItemStatus>
      <ItemId>6585</ItemId>
    </Item>
    <Item>
      <PriceUpdateDate>2015-01-01 00:00:00</PriceUpdateDate>
      <ItemCode>7290000060163</ItemCode>
      <ItemType>1</ItemType>
      <ItemName>אטריות מובחר דקות</ItemName>
      <ManufacturerName>אסם</ManufacturerName>
      <ManufactureCountry>ישראל</ManufactureCountry>
      <ManufacturerItemDescription>אטריות מובחר דקות 400 גר               .</ManufacturerItemDescription>
      <UnitQty>גרמים</UnitQty>
      <Quantity>400.00</Quantity>
      <UnitOfMeasure>100 גרם</UnitOfMeasure>
      <bIsWeighted>0</bIsWeighted>
      <QtyInPackage>1</QtyInPackage>
      <ItemPrice>7.30</ItemPrice>
      <UnitOfMeasurePrice>1.8250</UnitOfMeasurePrice>
      <AllowDiscount>1</AllowDiscount>
      <ItemStatus>1</ItemStatus>
      <ItemId>6672</ItemId>
    </Item>
    <Item>
      <PriceUpdateDate>2015-01-01 00:00:00</PriceUpdateDate>
      <ItemCode>7290000060200</ItemCode>
      <ItemType>1</ItemType>
      <ItemName>פתיתים אפויים קוסקוס</ItemName>
      <ManufacturerName>אסם</ManufacturerName>
      <ManufactureCountry>ישראל</ManufactureCountry>
      <ManufacturerItemDescription>פתיתים אפויים קוסקוס 500 גרם</ManufacturerItemDescription>
      <UnitQty>גרמים</UnitQty>
      <Quantity>500.00</Quantity>
      <UnitOfMeasure>100 גרם</UnitOfMeasure>
      <bIsWeighted>0</bIsWeighted>
      <QtyInPackage>1</QtyInPackage>
      <ItemPrice>7.90</ItemPrice>
      <UnitOfMeasurePrice>1.5800</UnitOfMeasurePrice>
      <AllowDiscount>1</AllowDiscount>
      <ItemStatus>1</ItemStatus>
      <ItemId>6675</ItemId>
    </Item>
    <Item>
      <PriceUpdateDate>2016-05-19 11:21:23</PriceUpdateDate>
      <ItemCode>7290000060248</ItemCode>
      <ItemType>1</ItemType>
      <ItemName>פסטה תלתלים</ItemName>
      <ManufacturerName>זארה</ManufacturerName>
      <ManufactureCountry>איטליה</ManufactureCountry>
      <ManufacturerItemDescription>פסטה אסם תלתלים 500  גר                .</ManufacturerItemDescription>
      <UnitQty>גרמים</UnitQty>
      <Quantity>500.00</Quantity>
      <UnitOfMeasure>100 גרם</UnitOfMeasure>
      <bIsWeighted>0</bIsWeighted>
      <QtyInPackage>1</QtyInPackage>
      <ItemPrice>6.90</ItemPrice>
      <UnitOfMeasurePrice>1.3800</UnitOfMeasurePrice>
      <AllowDiscount>1</AllowDiscount>
      <ItemStatus>1</ItemStatus>
      <ItemId>6679</ItemId>
    </Item>
    <Item>
      <PriceUpdateDate>2015-10-01 06:14:18</PriceUpdateDate>
      <ItemCode>7290002319221</ItemCode>
      <ItemType>1</ItemType>
      <ItemName>חיטה</ItemName>
      <ManufacturerName>מיה תעשיות מזון</ManufacturerName>
      <ManufactureCountry>ישראל</ManufactureCountry>
      <ManufacturerItemDescription>חיטה 500 גר                            .</ManufacturerItemDescription>
      <UnitQty>גרמים</UnitQty>
      <Quantity>500.00</Quantity>
      <UnitOfMeasure>100 גרם</UnitOfMeasure>
      <bIsWeighted>0</bIsWeighted>
      <QtyInPackage>1</QtyInPackage>
      <ItemPrice>5.80</ItemPrice>
      <UnitOfMeasurePrice>1.1600</UnitOfMeasurePrice>
      <AllowDiscount>1</AllowDiscount>
      <ItemStatus>1</ItemStatus>
      <ItemId>99452</ItemId>
    </Item>
    <Item>
      <PriceUpdateDate>2015-08-09 08:03:28</PriceUpdateDate>
      <ItemCode>7290000060538</ItemCode>
      <ItemType>1</ItemType>
      <ItemName>פתיתים ניוקי פרפקטו</ItemName>
      <ManufacturerName>אסם</ManufacturerName>
      <ManufactureCountry>ישראל</ManufactureCountry>
      <ManufacturerItemDescription>פתיתים ניוקי פרפקטו 500 גר</ManufacturerItemDescription>
      <UnitQty>גרמים</UnitQty>
      <Quantity>500.00</Quantity>
      <UnitOfMeasure>100 גרם</UnitOfMeasure>
      <bIsWeighted>0</bIsWeighted>
      <QtyInPackage>1</QtyInPackage>
      <ItemPrice>8.50</ItemPrice>
      <UnitOfMeasurePrice>1.7000</UnitOfMeasurePrice>
      <AllowDiscount>1</AllowDiscount>
      <ItemStatus>1</ItemStatus>
      <ItemId>6696</ItemId>
    </Item>
    <Item>
      <PriceUpdateDate>2015-01-01 00:00:00</PriceUpdateDate>
      <ItemCode>7290000060576</ItemCode>
      <ItemType>1</ItemType>
      <ItemName>פתיתים אפויים כוכבים</ItemName>
      <ManufacturerName>אסם</ManufacturerName>
      <ManufactureCountry>ישראל</ManufactureCountry>
      <ManufacturerItemDescription>פתיתים אפויים כוכבים 500 גרם</ManufacturerItemDescription>
      <UnitQty>גרמים</UnitQty>
      <Quantity>500.00</Quantity>
      <UnitOfMeasure>100 גרם</UnitOfMeasure>
      <bIsWeighted>0</bIsWeighted>
      <QtyInPackage>1</QtyInPackage>
      <ItemPrice>7.90</ItemPrice>
      <UnitOfMeasurePrice>1.5800</UnitOfMeasurePrice>
      <AllowDiscount>1</AllowDiscount>
      <ItemStatus>1</ItemStatus>
      <ItemId>6699</ItemId>
    </Item>
    <Item>
      <PriceUpdateDate>2015-01-01 00:00:00</PriceUpdateDate>
      <ItemCode>7290000060781</ItemCode>
      <ItemType>1</ItemType>
      <ItemName>פסטה אסם מסולסלים</ItemName>
      <ManufacturerName>זארה</ManufacturerName>
      <ManufactureCountry>איטליה</ManufactureCountry>
      <ManufacturerItemDescription>פסטה אסם מסולסלים 500 גר               .</ManufacturerItemDescription>
      <UnitQty>גרמים</UnitQty>
      <Quantity>500.00</Quantity>
      <UnitOfMeasure>100 גרם</UnitOfMeasure>
      <bIsWeighted>0</bIsWeighted>
      <QtyInPackage>1</QtyInPackage>
      <ItemPrice>5.90</ItemPrice>
      <UnitOfMeasurePrice>1.1800</UnitOfMeasurePrice>
      <AllowDiscount>1</AllowDiscount>
      <ItemStatus>1</ItemStatus>
      <ItemId>6709</ItemId>
    </Item>
    <Item>
      <PriceUpdateDate>2015-01-01 00:00:00</PriceUpdateDate>
      <ItemCode>7290000060828</ItemCode>
      <ItemType>1</ItemType>
      <ItemName>פסטה קרניים בינוניות</ItemName>
      <ManufacturerName>זארה</ManufacturerName>
      <ManufactureCountry>איטליה</ManufactureCountry>
      <ManufacturerItemDescription>פסטה אסם קרניים בינוניות500 גר</ManufacturerItemDescription>
      <UnitQty>גרמים</UnitQty>
      <Quantity>500.00</Quantity>
      <UnitOfMeasure>100 גרם</UnitOfMeasure>
      <bIsWeighted>0</bIsWeighted>
      <QtyInPackage>1</QtyInPackage>
      <ItemPrice>5.90</ItemPrice>
      <UnitOfMeasurePrice>1.1800</UnitOfMeasurePrice>
      <AllowDiscount>1</AllowDiscount>
      <ItemStatus>1</ItemStatus>
      <ItemId>6711</ItemId>
    </Item>
    <Item>
      <PriceUpdateDate>2015-01-01 00:00:00</PriceUpdateDate>
      <ItemCode>7290000060842</ItemCode>
      <ItemType>1</ItemType>
      <ItemName>פסטה צדפים גדולים</ItemName>
      <ManufacturerName>זארה</ManufacturerName>
      <ManufactureCountry>איטליה</ManufactureCountry>
      <ManufacturerItemDescription>פסטה אסם צדפים גדולים500 גר            .</ManufacturerItemDescription>
      <UnitQty>גרמים</UnitQty>
      <Quantity>500.00</Quantity>
      <UnitOfMeasure>100 גרם</UnitOfMeasure>
      <bIsWeighted>0</bIsWeighted>
      <QtyInPackage>1</QtyInPackage>
      <ItemPrice>5.90</ItemPrice>
      <UnitOfMeasurePrice>1.1800</UnitOfMeasurePrice>
      <AllowDiscount>1</AllowDiscount>
      <ItemStatus>1</ItemStatus>
      <ItemId>6714</ItemId>
    </Item>
    <Item>
      <PriceUpdateDate>2015-01-01 00:00:00</PriceUpdateDate>
      <ItemCode>7290000060880</ItemCode>
      <ItemType>1</ItemType>
      <ItemName>ספגטי</ItemName>
      <ManufacturerName>זארה</ManufacturerName>
      <ManufactureCountry>לא ידוע</ManufactureCountry>
      <ManufacturerItemDescription>פסטה אסם ספגטי 500  גר</ManufacturerItemDescription>
      <UnitQty>גרמים</UnitQty>
      <Quantity>500.00</Quantity>
      <UnitOfMeasure>100 גרם</UnitOfMeasure>
      <bIsWeighted>0</bIsWeighted>
      <QtyInPackage>1</QtyInPackage>
      <ItemPrice>5.90</ItemPrice>
      <UnitOfMeasurePrice>1.1800</UnitOfMeasurePrice>
      <AllowDiscount>1</AllowDiscount>
      <ItemStatus>1</ItemStatus>
      <ItemId>6717</ItemId>
    </Item>
    <Item>
      <PriceUpdateDate>2015-01-01 00:00:00</PriceUpdateDate>
      <ItemCode>7290000060903</ItemCode>
      <ItemType>1</ItemType>
      <ItemName>פתיתים אפויים אורז50</ItemName>
      <ManufacturerName>אסם</ManufacturerName>
      <ManufactureCountry>ישראל</ManufactureCountry>
      <ManufacturerItemDescription>פתיתים אפויים אורז500 גר          .290/5</ManufacturerItemDescription>
      <UnitQty>גרמים</UnitQty>
      <Quantity>500.00</Quantity>
      <UnitOfMeasure>100 גרם</UnitOfMeasure>
      <bIsWeighted>0</bIsWeighted>
      <QtyInPackage>1</QtyInPackage>
      <ItemPrice>7.90</ItemPrice>
      <UnitOfMeasurePrice>1.5800</UnitOfMeasurePrice>
      <AllowDiscount>1</AllowDiscount>
      <ItemStatus>1</ItemStatus>
      <ItemId>6718</ItemId>
    </Item>
    <Item>
      <PriceUpdateDate>2015-01-01 00:00:00</PriceUpdateDate>
      <ItemCode>7290000060958</ItemCode>
      <ItemType>1</ItemType>
      <ItemName>אטריות מובחר בינונית</ItemName>
      <ManufacturerName>אסם</ManufacturerName>
      <ManufactureCountry>ישראל</ManufactureCountry>
      <ManufacturerItemDescription>אטריות מובחר בינוניות 400 גר           .</ManufacturerItemDescription>
      <UnitQty>גרמים</UnitQty>
      <Quantity>400.00</Quantity>
      <UnitOfMeasure>100 גרם</UnitOfMeasure>
      <bIsWeighted>0</bIsWeighted>
      <QtyInPackage>1</QtyInPackage>
      <ItemPrice>7.30</ItemPrice>
      <UnitOfMeasurePrice>1.8250</UnitOfMeasurePrice>
      <AllowDiscount>1</AllowDiscount>
      <ItemStatus>1</ItemStatus>
      <ItemId>6722</ItemId>
    </Item>
    <Item>
      <PriceUpdateDate>2015-01-01 00:00:00</PriceUpdateDate>
      <ItemCode>7290000060965</ItemCode>
      <ItemType>1</ItemType>
      <ItemName>אטריות מובחר רחבות</ItemName>
      <ManufacturerName>אסם</ManufacturerName>
      <ManufactureCountry>ישראל</ManufactureCountry>
      <ManufacturerItemDescription>אטריות מובחר רחבות 400 גר              .</ManufacturerItemDescription>
      <UnitQty>גרמים</UnitQty>
      <Quantity>400.00</Quantity>
      <UnitOfMeasure>100 גרם</UnitOfMeasure>
      <bIsWeighted>0</bIsWeighted>
      <QtyInPackage>1</QtyInPackage>
      <ItemPrice>7.30</ItemPrice>
      <UnitOfMeasurePrice>1.8250</UnitOfMeasurePrice>
      <AllowDiscount>1</AllowDiscount>
      <ItemStatus>1</ItemStatus>
      <ItemId>6723</ItemId>
    </Item>
    <Item>
      <PriceUpdateDate>2015-01-01 00:00:00</PriceUpdateDate>
      <ItemCode>7290000060972</ItemCode>
      <ItemType>1</ItemType>
      <ItemName>אטריות דקיקות 400 גר</ItemName>
      <ManufacturerName>זארה</ManufacturerName>
      <ManufactureCountry>איטליה</ManufactureCountry>
      <ManufacturerItemDescription>אטריות דקיקות 400 גר</ManufacturerItemDescription>
      <UnitQty>גרמים</UnitQty>
      <Quantity>400.00</Quantity>
      <UnitOfMeasure>100 גרם</UnitOfMeasure>
      <bIsWeighted>0</bIsWeighted>
      <QtyInPackage>1</QtyInPackage>
      <ItemPrice>7.30</ItemPrice>
      <UnitOfMeasurePrice>1.8250</UnitOfMeasurePrice>
      <AllowDiscount>1</AllowDiscount>
      <ItemStatus>1</ItemStatus>
      <ItemId>6724</ItemId>
    </Item>
    <Item>
      <PriceUpdateDate>2015-10-01 06:14:53</PriceUpdateDate>
      <ItemCode>7290000061245</ItemCode>
      <ItemType>1</ItemType>
      <ItemName>עוגיות שוקוציפס משהו</ItemName>
      <ManufacturerName>אסם</ManufacturerName>
      <ManufactureCountry>ישראל</ManufactureCountry>
      <ManufacturerItemDescription>עוגיות משהו משהו שוקוציפס           220</ManufacturerItemDescription>
      <UnitQty>גרמים</UnitQty>
      <Quantity>220.00</Quantity>
      <UnitOfMeasure>100 גרם</UnitOfMeasure>
      <bIsWeighted>0</bIsWeighted>
      <QtyInPackage>1</QtyInPackage>
      <ItemPrice>11.50</ItemPrice>
      <UnitOfMeasurePrice>5.2273</UnitOfMeasurePrice>
      <AllowDiscount>1</AllowDiscount>
      <ItemStatus>1</ItemStatus>
      <ItemId>6788</ItemId>
    </Item>
    <Item>
      <PriceUpdateDate>2015-10-01 06:17:23</PriceUpdateDate>
      <ItemCode>7290006210166</ItemCode>
      <ItemType>1</ItemType>
      <ItemName>אצבעות וניל לאפיה</ItemName>
      <ManufacturerName>בונזור</ManufacturerName>
      <ManufactureCountry>ישראל</ManufactureCountry>
      <ManufacturerItemDescription>אצבעות וניל1 קג  .לאפיה</ManufacturerItemDescription>
      <UnitQty>קילוגרמים</UnitQty>
      <Quantity>1.00</Quantity>
      <UnitOfMeasure>ק"ג</UnitOfMeasure>
      <bIsWeighted>1</bIsWeighted>
      <QtyInPackage>1</QtyInPackage>
      <ItemPrice>33.70</ItemPrice>
      <UnitOfMeasurePrice>33.7000</UnitOfMeasurePrice>
      <AllowDiscount>1</AllowDiscount>
      <ItemStatus>1</ItemStatus>
      <ItemId>6830</ItemId>
    </Item>
    <Item>
      <PriceUpdateDate>2015-01-01 00:00:00</PriceUpdateDate>
      <ItemCode>7290006210197</ItemCode>
      <ItemType>1</ItemType>
      <ItemName>רוגלך בטעם שוקולד</ItemName>
      <ManufacturerName>בונזור</ManufacturerName>
      <ManufactureCountry>ישראל</ManufactureCountry>
      <ManufacturerItemDescription>רוגלך בטעם שוקולד</ManufacturerItemDescription>
      <UnitQty>קילוגרמים</UnitQty>
      <Quantity>1.00</Quantity>
      <UnitOfMeasure>ק"ג</UnitOfMeasure>
      <bIsWeighted>1</bIsWeighted>
      <QtyInPackage>לא ידוע</QtyInPackage>
      <ItemPrice>34.00</ItemPrice>
      <UnitOfMeasurePrice>34.0000</UnitOfMeasurePrice>
      <AllowDiscount>1</AllowDiscount>
      <ItemStatus>1</ItemStatus>
      <ItemId>6832</ItemId>
    </Item>
    <Item>
      <PriceUpdateDate>2015-01-01 00:00:00</PriceUpdateDate>
      <ItemCode>7290006210203</ItemCode>
      <ItemType>1</ItemType>
      <ItemName>בורקס תפוא</ItemName>
      <ManufacturerName>בונזור</ManufacturerName>
      <ManufactureCountry>ישראל</ManufactureCountry>
      <ManufacturerItemDescription>בורקס תפוא 1 .קג .לאפיה בסניף</ManufacturerItemDescription>
      <UnitQty>קילוגרמים</UnitQty>
      <Quantity>1.00</Quantity>
      <UnitOfMeasure>ק"ג</UnitOfMeasure>
      <bIsWeighted>1</bIsWeighted>
      <QtyInPackage>לא ידוע</QtyInPackage>
      <ItemPrice>34.00</ItemPrice>
      <UnitOfMeasurePrice>34.0000</UnitOfMeasurePrice>
      <AllowDiscount>1</AllowDiscount>
      <ItemStatus>1</ItemStatus>
      <ItemId>6833</ItemId>
    </Item>
    <Item>
      <PriceUpdateDate>2015-01-01 00:00:00</PriceUpdateDate>
      <ItemCode>7290006210210</ItemCode>
      <ItemType>1</ItemType>
      <ItemName>בורקיטס 1 קג</ItemName>
      <ManufacturerName>בונזור</ManufacturerName>
      <ManufactureCountry>ישראל</ManufactureCountry>
      <ManufacturerItemDescription>בורקיטס 1 קג                           .</ManufacturerItemDescription>
      <UnitQty>קילוגרמים</UnitQty>
      <Quantity>1.00</Quantity>
      <UnitOfMeasure>ק"ג</UnitOfMeasure>
      <bIsWeighted>1</bIsWeighted>
      <QtyInPackage>לא ידוע</QtyInPackage>
      <ItemPrice>34.00</ItemPrice>
      <UnitOfMeasurePrice>34.0000</UnitOfMeasurePrice>
      <AllowDiscount>1</AllowDiscount>
      <ItemStatus>1</ItemStatus>
      <ItemId>6834</ItemId>
    </Item>
    <Item>
      <PriceUpdateDate>2015-10-01 06:17:24</PriceUpdateDate>
      <ItemCode>7290006210296</ItemCode>
      <ItemType>1</ItemType>
      <ItemName>אוזני המן פרג</ItemName>
      <ManufacturerName>בונזור</ManufacturerName>
      <ManufactureCountry>ישראל</ManufactureCountry>
      <ManufacturerItemDescription>אוזני המן פרג 1 ק"ג</ManufacturerItemDescription>
      <UnitQty>קילוגרמים</UnitQty>
      <Quantity>1.00</Quantity>
      <UnitOfMeasure>ק"ג</UnitOfMeasure>
      <bIsWeighted>1</bIsWeighted>
      <QtyInPackage>לא ידוע</QtyInPackage>
      <ItemPrice>39.60</ItemPrice>
      <UnitOfMeasurePrice>39.6000</UnitOfMeasurePrice>
      <AllowDiscount>1</AllowDiscount>
      <ItemStatus>1</ItemStatus>
      <ItemId>6842</ItemId>
    </Item>
    <Item>
      <PriceUpdateDate>2015-10-01 06:17:24</PriceUpdateDate>
      <ItemCode>7290006210302</ItemCode>
      <ItemType>1</ItemType>
      <ItemName>אוזני המן תמרים</ItemName>
      <ManufacturerName>בונזור</ManufacturerName>
      <ManufactureCountry>ישראל</ManufactureCountry>
      <ManufacturerItemDescription>אוזני המן תמרים 1 ק"ג</ManufacturerItemDescription>
      <UnitQty>קילוגרמים</UnitQty>
      <Quantity>1.00</Quantity>
      <UnitOfMeasure>ק"ג</UnitOfMeasure>
      <bIsWeighted>1</bIsWeighted>
      <QtyInPackage>לא ידוע</QtyInPackage>
      <ItemPrice>39.60</ItemPrice>
      <UnitOfMeasurePrice>39.6000</UnitOfMeasurePrice>
      <AllowDiscount>1</AllowDiscount>
      <ItemStatus>1</ItemStatus>
      <ItemId>6843</ItemId>
    </Item>
    <Item>
      <PriceUpdateDate>2015-01-01 00:00:00</PriceUpdateDate>
      <ItemCode>7290006210319</ItemCode>
      <ItemType>1</ItemType>
      <ItemName>קרואסון ביס חמאהאפיה</ItemName>
      <ManufacturerName>בונזור</ManufacturerName>
      <ManufactureCountry>ישראל</ManufactureCountry>
      <ManufacturerItemDescription>עוגיות קרואסון ביס חמאה 1 ק"ג</ManufacturerItemDescription>
      <UnitQty>קילוגרמים</UnitQty>
      <Quantity>1.00</Quantity>
      <UnitOfMeasure>ק"ג</UnitOfMeasure>
      <bIsWeighted>1</bIsWeighted>
      <QtyInPackage>לא ידוע</QtyInPackage>
      <ItemPrice>34.00</ItemPrice>
      <UnitOfMeasurePrice>34.0000</UnitOfMeasurePrice>
      <AllowDiscount>1</AllowDiscount>
      <ItemStatus>1</ItemStatus>
      <ItemId>6844</ItemId>
    </Item>
    <Item>
      <PriceUpdateDate>2015-10-01 06:17:24</PriceUpdateDate>
      <ItemCode>7290006210326</ItemCode>
      <ItemType>1</ItemType>
      <ItemName>אוזני המן שוקולד</ItemName>
      <ManufacturerName>בונזור</ManufacturerName>
      <ManufactureCountry>ישראל</ManufactureCountry>
      <ManufacturerItemDescription>אוזני המן שוקולד 1 קג</ManufacturerItemDescription>
      <UnitQty>קילוגרמים</UnitQty>
      <Quantity>1.00</Quantity>
      <UnitOfMeasure>ק"ג</UnitOfMeasure>
      <bIsWeighted>1</bIsWeighted>
      <QtyInPackage>1</QtyInPackage>
      <ItemPrice>39.60</ItemPrice>
      <UnitOfMeasurePrice>39.6000</UnitOfMeasurePrice>
      <AllowDiscount>1</AllowDiscount>
      <ItemStatus>1</ItemStatus>
      <ItemId>6845</ItemId>
    </Item>
    <Item>
      <PriceUpdateDate>2015-01-01 00:00:00</PriceUpdateDate>
      <ItemCode>7290006210340</ItemCode>
      <ItemType>1</ItemType>
      <ItemName>קוראסון שוקולד אפיה</ItemName>
      <ManufacturerName>בונזור</ManufacturerName>
      <ManufactureCountry>ישראל</ManufactureCountry>
      <ManufacturerItemDescription>קוראסון שוקולד 1 קג לאפיה</ManufacturerItemDescription>
      <UnitQty>קילוגרמים</UnitQty>
      <Quantity>1.00</Quantity>
      <UnitOfMeasure>ק"ג</UnitOfMeasure>
      <bIsWeighted>1</bIsWeighted>
      <QtyInPackage>לא ידוע</QtyInPackage>
      <ItemPrice>34.00</ItemPrice>
      <UnitOfMeasurePrice>34.0000</UnitOfMeasurePrice>
      <AllowDiscount>1</AllowDiscount>
      <ItemStatus>1</ItemStatus>
      <ItemId>6847</ItemId>
    </Item>
    <Item>
      <PriceUpdateDate>2015-01-01 00:00:00</PriceUpdateDate>
      <ItemCode>7290006210357</ItemCode>
      <ItemType>1</ItemType>
      <ItemName>שנק פיצה ביס1 קג</ItemName>
      <ManufacturerName>בונזור</ManufacturerName>
      <ManufactureCountry>ישראל</ManufactureCountry>
      <ManufacturerItemDescription>שנק פיצה ביס1 קג       .לאפיה</ManufacturerItemDescription>
      <UnitQty>קילוגרמים</UnitQty>
      <Quantity>1.00</Quantity>
      <UnitOfMeasure>ק"ג</UnitOfMeasure>
      <bIsWeighted>1</bIsWeighted>
      <QtyInPackage>לא ידוע</QtyInPackage>
      <ItemPrice>34.00</ItemPrice>
      <UnitOfMeasurePrice>34.0000</UnitOfMeasurePrice>
      <AllowDiscount>1</AllowDiscount>
      <ItemStatus>1</ItemStatus>
      <ItemId>6848</ItemId>
    </Item>
    <Item>
      <PriceUpdateDate>2015-10-01 06:15:13</PriceUpdateDate>
      <ItemCode>7290006229069</ItemCode>
      <ItemType>1</ItemType>
      <ItemName>משקל גאמפ ענבים 1.5</ItemName>
      <ManufacturerName>טמפו</ManufacturerName>
      <ManufactureCountry>ישראל</ManufactureCountry>
      <ManufacturerItemDescription>משקל גאמפ ענבים 1.5 ליטר</ManufacturerItemDescription>
      <UnitQty>ליטרים</UnitQty>
      <Quantity>1.50</Quantity>
      <UnitOfMeasure>ליטר</UnitOfMeasure>
      <bIsWeighted>0</bIsWeighted>
      <QtyInPackage>1</QtyInPackage>
      <ItemPrice>5.90</ItemPrice>
      <UnitOfMeasurePrice>3.9333</UnitOfMeasurePrice>
      <AllowDiscount>1</AllowDiscount>
      <ItemStatus>1</ItemStatus>
      <ItemId>6909</ItemId>
    </Item>
    <Item>
      <PriceUpdateDate>2015-10-01 06:16:11</PriceUpdateDate>
      <ItemCode>7290006241085</ItemCode>
      <ItemType>1</ItemType>
      <ItemName>מיץ סחוט קלמנטינה</ItemName>
      <ManufacturerName>פריגת מצוננים</ManufacturerName>
      <ManufactureCountry>ישראל</ManufactureCountry>
      <ManufacturerItemDescription>מיץ סחוט קלמנטינה 2 ליטר</ManufacturerItemDescription>
      <UnitQty>ליטרים</UnitQty>
      <Quantity>2.00</Quantity>
      <UnitOfMeasure>ליטר</UnitOfMeasure>
      <bIsWeighted>0</bIsWeighted>
      <QtyInPackage>1</QtyInPackage>
      <ItemPrice>25.70</ItemPrice>
      <UnitOfMeasurePrice>12.8500</UnitOfMeasurePrice>
      <AllowDiscount>1</AllowDiscount>
      <ItemStatus>1</ItemStatus>
      <ItemId>6914</ItemId>
    </Item>
    <Item>
      <PriceUpdateDate>2015-07-24 06:45:14</PriceUpdateDate>
      <ItemCode>7290006251107</ItemCode>
      <ItemType>1</ItemType>
      <ItemName>תה מסאלה צ"אי 25 שקי</ItemName>
      <ManufacturerName>ויסוצקי</ManufacturerName>
      <ManufactureCountry>לא ידוע</ManufactureCountry>
      <ManufacturerItemDescription>תה מסאלה צ"אי 2/25 גר</ManufacturerItemDescription>
      <UnitQty>גרמים</UnitQty>
      <Quantity>50.00</Quantity>
      <UnitOfMeasure>100 גרם</UnitOfMeasure>
      <bIsWeighted>0</bIsWeighted>
      <QtyInPackage>1</QtyInPackage>
      <ItemPrice>19.90</ItemPrice>
      <UnitOfMeasurePrice>39.8000</UnitOfMeasurePrice>
      <AllowDiscount>1</AllowDiscount>
      <ItemStatus>1</ItemStatus>
      <ItemId>6942</ItemId>
    </Item>
    <Item>
      <PriceUpdateDate>2016-08-31 16:53:10</PriceUpdateDate>
      <ItemCode>7290006251275</ItemCode>
      <ItemType>1</ItemType>
      <ItemName>תה ירוק סיני 1.5/25</ItemName>
      <ManufacturerName>ויסוצקי</ManufacturerName>
      <ManufactureCountry>ישראל</ManufactureCountry>
      <ManufacturerItemDescription>תה ירוק סיני 1.5/25 גר</ManufacturerItemDescription>
      <UnitQty>גרמים</UnitQty>
      <Quantity>37.00</Quantity>
      <UnitOfMeasure>100 גרם</UnitOfMeasure>
      <bIsWeighted>0</bIsWeighted>
      <QtyInPackage>1</QtyInPackage>
      <ItemPrice>26.90</ItemPrice>
      <UnitOfMeasurePrice>72.7027</UnitOfMeasurePrice>
      <AllowDiscount>1</AllowDiscount>
      <ItemStatus>1</ItemStatus>
      <ItemId>6944</ItemId>
    </Item>
    <Item>
      <PriceUpdateDate>2015-10-01 06:13:50</PriceUpdateDate>
      <ItemCode>7290006251343</ItemCode>
      <ItemType>1</ItemType>
      <ItemName>חליטת תה פסיפלורה מנ</ItemName>
      <ManufacturerName>ויסוצקי</ManufacturerName>
      <ManufactureCountry>לא ידוע</ManufactureCountry>
      <ManufacturerItemDescription>חליטת פסיפלורה מנגו                  25</ManufacturerItemDescription>
      <UnitQty>גרמים</UnitQty>
      <Quantity>62.00</Quantity>
      <UnitOfMeasure>100 גרם</UnitOfMeasure>
      <bIsWeighted>0</bIsWeighted>
      <QtyInPackage>1</QtyInPackage>
      <ItemPrice>17.70</ItemPrice>
      <UnitOfMeasurePrice>28.5484</UnitOfMeasurePrice>
      <AllowDiscount>1</AllowDiscount>
      <ItemStatus>1</ItemStatus>
      <ItemId>6947</ItemId>
    </Item>
    <Item>
      <PriceUpdateDate>2015-10-01 06:16:50</PriceUpdateDate>
      <ItemCode>7290006271174</ItemCode>
      <ItemType>1</ItemType>
      <ItemName>גחנון בצק 700 גרם</ItemName>
      <ManufacturerName>מעדנות</ManufacturerName>
      <ManufactureCountry>ישראל</ManufactureCountry>
      <ManufacturerItemDescription>גחנון בצק 700 גרם</ManufacturerItemDescription>
      <UnitQty>גרמים</UnitQty>
      <Quantity>700.00</Quantity>
      <UnitOfMeasure>100 גרם</UnitOfMeasure>
      <bIsWeighted>0</bIsWeighted>
      <QtyInPackage>1</QtyInPackage>
      <ItemPrice>19.40</ItemPrice>
      <UnitOfMeasurePrice>2.7714</UnitOfMeasurePrice>
      <AllowDiscount>1</AllowDiscount>
      <ItemStatus>1</ItemStatus>
      <ItemId>6966</ItemId>
    </Item>
    <Item>
      <PriceUpdateDate>2015-01-01 00:00:00</PriceUpdateDate>
      <ItemCode>7290006271280</ItemCode>
      <ItemType>1</ItemType>
      <ItemName>מיני בורקס גבינה במג</ItemName>
      <ManufacturerName>מעדנות</ManufacturerName>
      <ManufactureCountry>ישראל</ManufactureCountry>
      <ManufacturerItemDescription>מיני בורקס גבינה במגשית800 גרם</ManufacturerItemDescription>
      <UnitQty>גרמים</UnitQty>
      <Quantity>800.00</Quantity>
      <UnitOfMeasure>100 גרם</UnitOfMeasure>
      <bIsWeighted>0</bIsWeighted>
      <QtyInPackage>1</QtyInPackage>
      <ItemPrice>27.90</ItemPrice>
      <UnitOfMeasurePrice>3.4875</UnitOfMeasurePrice>
      <AllowDiscount>1</AllowDiscount>
      <ItemStatus>1</ItemStatus>
      <ItemId>6969</ItemId>
    </Item>
    <Item>
      <PriceUpdateDate>2016-05-04 08:37:25</PriceUpdateDate>
      <ItemCode>7290000630014</ItemCode>
      <ItemType>1</ItemType>
      <ItemName>עוף מס           2</ItemName>
      <ManufacturerName>בקר תנובה שותפות מוג</ManufacturerName>
      <ManufactureCountry>ישראל</ManufactureCountry>
      <ManufacturerItemDescription>עוף מס 2 קפוא לקג</ManufacturerItemDescription>
      <UnitQty>קילוגרמים</UnitQty>
      <Quantity>1.00</Quantity>
      <UnitOfMeasure>ק"ג</UnitOfMeasure>
      <bIsWeighted>1</bIsWeighted>
      <QtyInPackage>1</QtyInPackage>
      <ItemPrice>22.90</ItemPrice>
      <UnitOfMeasurePrice>22.9000</UnitOfMeasurePrice>
      <AllowDiscount>1</AllowDiscount>
      <ItemStatus>1</ItemStatus>
      <ItemId>6991</ItemId>
    </Item>
    <Item>
      <PriceUpdateDate>2016-05-04 08:37:25</PriceUpdateDate>
      <ItemCode>7290000631004</ItemCode>
      <ItemType>1</ItemType>
      <ItemName>כבד עוף</ItemName>
      <ManufacturerName>בקר תנובה שותפות מוג</ManufacturerName>
      <ManufactureCountry>ישראל</ManufactureCountry>
      <ManufacturerItemDescription>כבד עוף ארוז לק"ג .קפוא</ManufacturerItemDescription>
      <UnitQty>קילוגרמים</UnitQty>
      <Quantity>1.00</Quantity>
      <UnitOfMeasure>ק"ג</UnitOfMeasure>
      <bIsWeighted>1</bIsWeighted>
      <QtyInPackage>לא ידוע</QtyInPackage>
      <ItemPrice>15.90</ItemPrice>
      <UnitOfMeasurePrice>15.9000</UnitOfMeasurePrice>
      <AllowDiscount>1</AllowDiscount>
      <ItemStatus>1</ItemStatus>
      <ItemId>6999</ItemId>
    </Item>
    <Item>
      <PriceUpdateDate>2015-01-01 00:00:00</PriceUpdateDate>
      <ItemCode>7290000063102</ItemCode>
      <ItemType>1</ItemType>
      <ItemName>קמח תופח</ItemName>
      <ManufacturerName>אסם</ManufacturerName>
      <ManufactureCountry>ישראל</ManufactureCountry>
      <ManufacturerItemDescription>קמח תופח 350 גר             352        .</ManufacturerItemDescription>
      <UnitQty>גרמים</UnitQty>
      <Quantity>350.00</Quantity>
      <UnitOfMeasure>100 גרם</UnitOfMeasure>
      <bIsWeighted>0</bIsWeighted>
      <QtyInPackage>1</QtyInPackage>
      <ItemPrice>5.50</ItemPrice>
      <UnitOfMeasurePrice>1.5714</UnitOfMeasurePrice>
      <AllowDiscount>1</AllowDiscount>
      <ItemStatus>1</ItemStatus>
      <ItemId>7000</ItemId>
    </Item>
    <Item>
      <PriceUpdateDate>2015-08-09 08:03:28</PriceUpdateDate>
      <ItemCode>7290000063140</ItemCode>
      <ItemType>1</ItemType>
      <ItemName>שקדי מרק</ItemName>
      <ManufacturerName>אסם</ManufacturerName>
      <ManufactureCountry>ישראל</ManufactureCountry>
      <ManufacturerItemDescription>שקדי מרק 400 גרם</ManufacturerItemDescription>
      <UnitQty>גרמים</UnitQty>
      <Quantity>400.00</Quantity>
      <UnitOfMeasure>100 גרם</UnitOfMeasure>
      <bIsWeighted>0</bIsWeighted>
      <QtyInPackage>1</QtyInPackage>
      <ItemPrice>15.70</ItemPrice>
      <UnitOfMeasurePrice>3.9250</UnitOfMeasurePrice>
      <AllowDiscount>1</AllowDiscount>
      <ItemStatus>1</ItemStatus>
      <ItemId>7008</ItemId>
    </Item>
    <Item>
      <PriceUpdateDate>2016-05-04 08:37:25</PriceUpdateDate>
      <ItemCode>7290000632216</ItemCode>
      <ItemType>1</ItemType>
      <ItemName>חזה עוף קפו</ItemName>
      <ManufacturerName>בקר תנובה שותפות מוג</ManufacturerName>
      <ManufactureCountry>ישראל</ManufactureCountry>
      <ManufacturerItemDescription>חזה עוף לקג קפוא</ManufacturerItemDescription>
      <UnitQty>קילוגרמים</UnitQty>
      <Quantity>1.00</Quantity>
      <UnitOfMeasure>ק"ג</UnitOfMeasure>
      <bIsWeighted>1</bIsWeighted>
      <QtyInPackage>1</QtyInPackage>
      <ItemPrice>31.90</ItemPrice>
      <UnitOfMeasurePrice>31.9000</UnitOfMeasurePrice>
      <AllowDiscount>1</AllowDiscount>
      <ItemStatus>1</ItemStatus>
      <ItemId>7017</ItemId>
    </Item>
    <Item>
      <PriceUpdateDate>2016-05-04 08:37:26</PriceUpdateDate>
      <ItemCode>7290000632407</ItemCode>
      <ItemType>1</ItemType>
      <ItemName>כרעיים עוף</ItemName>
      <ManufacturerName>בקר תנובה שותפות מוג</ManufacturerName>
      <ManufactureCountry>ישראל</ManufactureCountry>
      <ManufacturerItemDescription>כרעי עוף  לקג קפוא</ManufacturerItemDescription>
      <UnitQty>קילוגרמים</UnitQty>
      <Quantity>1.00</Quantity>
      <UnitOfMeasure>ק"ג</UnitOfMeasure>
      <bIsWeighted>1</bIsWeighted>
      <QtyInPackage>1</QtyInPackage>
      <ItemPrice>23.90</ItemPrice>
      <UnitOfMeasurePrice>23.9000</UnitOfMeasurePrice>
      <AllowDiscount>1</AllowDiscount>
      <ItemStatus>1</ItemStatus>
      <ItemId>7022</ItemId>
    </Item>
    <Item>
      <PriceUpdateDate>2015-01-01 00:00:00</PriceUpdateDate>
      <ItemCode>7290000632506</ItemCode>
      <ItemType>1</ItemType>
      <ItemName>ירך עוף</ItemName>
      <ManufacturerName>בקר תנובה שותפות מוג</ManufacturerName>
      <ManufactureCountry>ישראל</ManufactureCountry>
      <ManufacturerItemDescription>ירך פטם לקג קפוא</ManufacturerItemDescription>
      <UnitQty>קילוגרמים</UnitQty>
      <Quantity>1.00</Quantity>
      <UnitOfMeasure>ק"ג</UnitOfMeasure>
      <bIsWeighted>1</bIsWeighted>
      <QtyInPackage>1</QtyInPackage>
      <ItemPrice>23.90</ItemPrice>
      <UnitOfMeasurePrice>23.9000</UnitOfMeasurePrice>
      <AllowDiscount>1</AllowDiscount>
      <ItemStatus>1</ItemStatus>
      <ItemId>7024</ItemId>
    </Item>
    <Item>
      <PriceUpdateDate>2016-05-04 08:37:25</PriceUpdateDate>
      <ItemCode>7290000632704</ItemCode>
      <ItemType>1</ItemType>
      <ItemName>שוקיים עוף</ItemName>
      <ManufacturerName>בקר תנובה שותפות מוג</ManufacturerName>
      <ManufactureCountry>ישראל</ManufactureCountry>
      <ManufacturerItemDescription>שוקיים פטם לקג</ManufacturerItemDescription>
      <UnitQty>קילוגרמים</UnitQty>
      <Quantity>1.00</Quantity>
      <UnitOfMeasure>ק"ג</UnitOfMeasure>
      <bIsWeighted>1</bIsWeighted>
      <QtyInPackage>1</QtyInPackage>
      <ItemPrice>30.90</ItemPrice>
      <UnitOfMeasurePrice>30.9000</UnitOfMeasurePrice>
      <AllowDiscount>1</AllowDiscount>
      <ItemStatus>1</ItemStatus>
      <ItemId>7025</ItemId>
    </Item>
    <Item>
      <PriceUpdateDate>2016-05-04 08:37:26</PriceUpdateDate>
      <ItemCode>7290000633824</ItemCode>
      <ItemType>1</ItemType>
      <ItemName>כנף עוף</ItemName>
      <ManufacturerName>בקר תנובה שותפות מוג</ManufacturerName>
      <ManufactureCountry>ישראל</ManufactureCountry>
      <ManufacturerItemDescription>כנפיים עוף לקג "מגש קפוא</ManufacturerItemDescription>
      <UnitQty>קילוגרמים</UnitQty>
      <Quantity>1.00</Quantity>
      <UnitOfMeasure>ק"ג</UnitOfMeasure>
      <bIsWeighted>1</bIsWeighted>
      <QtyInPackage>לא ידוע</QtyInPackage>
      <ItemPrice>12.90</ItemPrice>
      <UnitOfMeasurePrice>12.9000</UnitOfMeasurePrice>
      <AllowDiscount>1</AllowDiscount>
      <ItemStatus>1</ItemStatus>
      <ItemId>7028</ItemId>
    </Item>
    <Item>
      <PriceUpdateDate>2015-08-09 08:03:28</PriceUpdateDate>
      <ItemCode>7290000064871</ItemCode>
      <ItemType>1</ItemType>
      <ItemName>מנה חמה פירה בצל</ItemName>
      <ManufacturerName>אסם</ManufacturerName>
      <ManufactureCountry>ישראל</ManufactureCountry>
      <ManufacturerItemDescription>תבשיל מנה חמה פירה בצל 56 גרם</ManufacturerItemDescription>
      <UnitQty>גרמים</UnitQty>
      <Quantity>56.00</Quantity>
      <UnitOfMeasure>100 גרם</UnitOfMeasure>
      <bIsWeighted>0</bIsWeighted>
      <QtyInPackage>1</QtyInPackage>
      <ItemPrice>6.90</ItemPrice>
      <UnitOfMeasurePrice>12.3214</UnitOfMeasurePrice>
      <AllowDiscount>1</AllowDiscount>
      <ItemStatus>1</ItemStatus>
      <ItemId>7125</ItemId>
    </Item>
    <Item>
      <PriceUpdateDate>2015-10-27 09:11:54</PriceUpdateDate>
      <ItemCode>7290106525436</ItemCode>
      <ItemType>1</ItemType>
      <ItemName>פסק זמן חלב בננה</ItemName>
      <ManufacturerName>שטראוס גרופ</ManufacturerName>
      <ManufactureCountry>ישראל</ManufactureCountry>
      <ManufacturerItemDescription>טבלת פסק זמן חלב בננה 110 גר           "</ManufacturerItemDescription>
      <UnitQty>גרמים</UnitQty>
      <Quantity>110.00</Quantity>
      <UnitOfMeasure>100 גרם</UnitOfMeasure>
      <bIsWeighted>0</bIsWeighted>
      <QtyInPackage>1</QtyInPackage>
      <ItemPrice>8.80</ItemPrice>
      <UnitOfMeasurePrice>8.0000</UnitOfMeasurePrice>
      <AllowDiscount>1</AllowDiscount>
      <ItemStatus>1</ItemStatus>
      <ItemId>92485</ItemId>
    </Item>
    <Item>
      <PriceUpdateDate>2015-01-01 00:00:00</PriceUpdateDate>
      <ItemCode>7290000065557</ItemCode>
      <ItemType>1</ItemType>
      <ItemName>קוסקוס עם ירקות</ItemName>
      <ManufacturerName>אסם</ManufacturerName>
      <ManufactureCountry>ישראל</ManufactureCountry>
      <ManufacturerItemDescription>תבשיל מנה חמה קוסקוס+ירקות84גר</ManufacturerItemDescription>
      <UnitQty>גרמים</UnitQty>
      <Quantity>84.00</Quantity>
      <UnitOfMeasure>100 גרם</UnitOfMeasure>
      <bIsWeighted>0</bIsWeighted>
      <QtyInPackage>1</QtyInPackage>
      <ItemPrice>7.50</ItemPrice>
      <UnitOfMeasurePrice>8.9286</UnitOfMeasurePrice>
      <AllowDiscount>1</AllowDiscount>
      <ItemStatus>1</ItemStatus>
      <ItemId>7182</ItemId>
    </Item>
    <Item>
      <PriceUpdateDate>2015-08-09 08:03:29</PriceUpdateDate>
      <ItemCode>7290000066141</ItemCode>
      <ItemType>1</ItemType>
      <ItemName>ביסלי גריל</ItemName>
      <ManufacturerName>אסם</ManufacturerName>
      <ManufactureCountry>ישראל</ManufactureCountry>
      <ManufacturerItemDescription>ביסלי גריל 70 גר                 826   .</ManufacturerItemDescription>
      <UnitQty>גרמים</UnitQty>
      <Quantity>70.00</Quantity>
      <UnitOfMeasure>100 גרם</UnitOfMeasure>
      <bIsWeighted>0</bIsWeighted>
      <QtyInPackage>1</QtyInPackage>
      <ItemPrice>4.70</ItemPrice>
      <UnitOfMeasurePrice>6.7143</UnitOfMeasurePrice>
      <AllowDiscount>1</AllowDiscount>
      <ItemStatus>1</ItemStatus>
      <ItemId>7280</ItemId>
    </Item>
    <Item>
      <PriceUpdateDate>2015-08-09 08:03:29</PriceUpdateDate>
      <ItemCode>7290000066165</ItemCode>
      <ItemType>1</ItemType>
      <ItemName>ביסלי ברביקיו</ItemName>
      <ManufacturerName>אסם</ManufacturerName>
      <ManufactureCountry>ישראל</ManufactureCountry>
      <ManufacturerItemDescription>ביסלי ברביקיו 67 גרם</ManufacturerItemDescription>
      <UnitQty>גרמים</UnitQty>
      <Quantity>67.00</Quantity>
      <UnitOfMeasure>100 גרם</UnitOfMeasure>
      <bIsWeighted>0</bIsWeighted>
      <QtyInPackage>1</QtyInPackage>
      <ItemPrice>4.70</ItemPrice>
      <UnitOfMeasurePrice>7.0149</UnitOfMeasurePrice>
      <AllowDiscount>1</AllowDiscount>
      <ItemStatus>1</ItemStatus>
      <ItemId>7282</ItemId>
    </Item>
    <Item>
      <PriceUpdateDate>2015-08-09 08:03:29</PriceUpdateDate>
      <ItemCode>7290000066196</ItemCode>
      <ItemType>1</ItemType>
      <ItemName>ביסלי גריל</ItemName>
      <ManufacturerName>אסם</ManufacturerName>
      <ManufactureCountry>ישראל</ManufactureCountry>
      <ManufacturerItemDescription>ביסלי גריל 200 גר                      .</ManufacturerItemDescription>
      <UnitQty>גרמים</UnitQty>
      <Quantity>200.00</Quantity>
      <UnitOfMeasure>100 גרם</UnitOfMeasure>
      <bIsWeighted>0</bIsWeighted>
      <QtyInPackage>1</QtyInPackage>
      <ItemPrice>8.90</ItemPrice>
      <UnitOfMeasurePrice>4.4500</UnitOfMeasurePrice>
      <AllowDiscount>1</AllowDiscount>
      <ItemStatus>1</ItemStatus>
      <ItemId>7285</ItemId>
    </Item>
    <Item>
      <PriceUpdateDate>2015-08-09 08:03:29</PriceUpdateDate>
      <ItemCode>7290000066202</ItemCode>
      <ItemType>1</ItemType>
      <ItemName>ביסלי בצל</ItemName>
      <ManufacturerName>אסם</ManufacturerName>
      <ManufactureCountry>ישראל</ManufactureCountry>
      <ManufacturerItemDescription>ביסלי בצל 190 גר                       .</ManufacturerItemDescription>
      <UnitQty>גרמים</UnitQty>
      <Quantity>190.00</Quantity>
      <UnitOfMeasure>100 גרם</UnitOfMeasure>
      <bIsWeighted>0</bIsWeighted>
      <QtyInPackage>1</QtyInPackage>
      <ItemPrice>8.90</ItemPrice>
      <UnitOfMeasurePrice>4.6842</UnitOfMeasurePrice>
      <AllowDiscount>1</AllowDiscount>
      <ItemStatus>1</ItemStatus>
      <ItemId>7286</ItemId>
    </Item>
    <Item>
      <PriceUpdateDate>2015-08-09 08:03:29</PriceUpdateDate>
      <ItemCode>7290000066264</ItemCode>
      <ItemType>1</ItemType>
      <ItemName>חטיף דובונים</ItemName>
      <ManufacturerName>אסם</ManufacturerName>
      <ManufactureCountry>ישראל</ManufactureCountry>
      <ManufacturerItemDescription>דובונים40 גר                           .</ManufacturerItemDescription>
      <UnitQty>גרמים</UnitQty>
      <Quantity>40.00</Quantity>
      <UnitOfMeasure>100 גרם</UnitOfMeasure>
      <bIsWeighted>0</bIsWeighted>
      <QtyInPackage>1</QtyInPackage>
      <ItemPrice>4.90</ItemPrice>
      <UnitOfMeasurePrice>12.2500</UnitOfMeasurePrice>
      <AllowDiscount>1</AllowDiscount>
      <ItemStatus>1</ItemStatus>
      <ItemId>7289</ItemId>
    </Item>
    <Item>
      <PriceUpdateDate>2015-08-09 08:03:29</PriceUpdateDate>
      <ItemCode>7290000066318</ItemCode>
      <ItemType>1</ItemType>
      <ItemName>במבה 80 גרם</ItemName>
      <ManufacturerName>אסם</ManufacturerName>
      <ManufactureCountry>ישראל</ManufactureCountry>
      <ManufacturerItemDescription>במבה 80 גר .כשר             806/8</ManufacturerItemDescription>
      <UnitQty>גרמים</UnitQty>
      <Quantity>80.00</Quantity>
      <UnitOfMeasure>100 גרם</UnitOfMeasure>
      <bIsWeighted>0</bIsWeighted>
      <QtyInPackage>1</QtyInPackage>
      <ItemPrice>5.90</ItemPrice>
      <UnitOfMeasurePrice>7.3750</UnitOfMeasurePrice>
      <AllowDiscount>1</AllowDiscount>
      <ItemStatus>1</ItemStatus>
      <ItemId>7335</ItemId>
    </Item>
    <Item>
      <PriceUpdateDate>2015-01-01 00:00:00</PriceUpdateDate>
      <ItemCode>7290000066332</ItemCode>
      <ItemType>1</ItemType>
      <ItemName>אפרופו</ItemName>
      <ManufacturerName>אסם</ManufacturerName>
      <ManufactureCountry>ישראל</ManufactureCountry>
      <ManufacturerItemDescription>אפרופו50 גר.שקית</ManufacturerItemDescription>
      <UnitQty>גרמים</UnitQty>
      <Quantity>50.00</Quantity>
      <UnitOfMeasure>100 גרם</UnitOfMeasure>
      <bIsWeighted>0</bIsWeighted>
      <QtyInPackage>1</QtyInPackage>
      <ItemPrice>5.50</ItemPrice>
      <UnitOfMeasurePrice>11.0000</UnitOfMeasurePrice>
      <AllowDiscount>1</AllowDiscount>
      <ItemStatus>1</ItemStatus>
      <ItemId>7336</ItemId>
    </Item>
    <Item>
      <PriceUpdateDate>2016-05-05 09:32:28</PriceUpdateDate>
      <ItemCode>7290014555174</ItemCode>
      <ItemType>1</ItemType>
      <ItemName>קצף כיבוי אש</ItemName>
      <ManufacturerName>סאסטק</ManufacturerName>
      <ManufactureCountry>ישראל</ManufactureCountry>
      <ManufacturerItemDescription>קצף כיבוי אש</ManufacturerItemDescription>
      <UnitQty>מיליליטרים</UnitQty>
      <Quantity>600.00</Quantity>
      <UnitOfMeasure>100 מ"ל</UnitOfMeasure>
      <bIsWeighted>0</bIsWeighted>
      <QtyInPackage>1</QtyInPackage>
      <ItemPrice>49.90</ItemPrice>
      <UnitOfMeasurePrice>8.3167</UnitOfMeasurePrice>
      <AllowDiscount>1</AllowDiscount>
      <ItemStatus>1</ItemStatus>
      <ItemId>92391</ItemId>
    </Item>
    <Item>
      <PriceUpdateDate>2015-10-01 06:16:14</PriceUpdateDate>
      <ItemCode>7290006651389</ItemCode>
      <ItemType>1</ItemType>
      <ItemName>אל סבון קידס 750 מל.</ItemName>
      <ManufacturerName>ד"ר פישר</ManufacturerName>
      <ManufactureCountry>ישראל</ManufactureCountry>
      <ManufacturerItemDescription>אל סבון קידס 750 מל                    .</ManufacturerItemDescription>
      <UnitQty>מיליליטרים</UnitQty>
      <Quantity>750.00</Quantity>
      <UnitOfMeasure>100 מ"ל</UnitOfMeasure>
      <bIsWeighted>0</bIsWeighted>
      <QtyInPackage>1</QtyInPackage>
      <ItemPrice>19.70</ItemPrice>
      <UnitOfMeasurePrice>2.6267</UnitOfMeasurePrice>
      <AllowDiscount>1</AllowDiscount>
      <ItemStatus>1</ItemStatus>
      <ItemId>7343</ItemId>
    </Item>
    <Item>
      <PriceUpdateDate>2015-10-01 06:16:14</PriceUpdateDate>
      <ItemCode>7290006651396</ItemCode>
      <ItemType>1</ItemType>
      <ItemName>שמפו קידס 750 מל   .</ItemName>
      <ManufacturerName>ד"ר פישר</ManufacturerName>
      <ManufactureCountry>ישראל</ManufactureCountry>
      <ManufacturerItemDescription>שמפו קידס 750 מל                       .</ManufacturerItemDescription>
      <UnitQty>מיליליטרים</UnitQty>
      <Quantity>750.00</Quantity>
      <UnitOfMeasure>100 מ"ל</UnitOfMeasure>
      <bIsWeighted>0</bIsWeighted>
      <QtyInPackage>1</QtyInPackage>
      <ItemPrice>19.70</ItemPrice>
      <UnitOfMeasurePrice>2.6267</UnitOfMeasurePrice>
      <AllowDiscount>1</AllowDiscount>
      <ItemStatus>1</ItemStatus>
      <ItemId>7344</ItemId>
    </Item>
    <Item>
      <PriceUpdateDate>2015-10-01 06:13:15</PriceUpdateDate>
      <ItemCode>7290006664167</ItemCode>
      <ItemType>1</ItemType>
      <ItemName>סימפוניה 3% שום</ItemName>
      <ManufacturerName>שטראוס גרופ</ManufacturerName>
      <ManufactureCountry>ישראל</ManufactureCountry>
      <ManufacturerItemDescription>סימפוניה 3% שום שמיר                200</ManufacturerItemDescription>
      <UnitQty>גרמים</UnitQty>
      <Quantity>200.00</Quantity>
      <UnitOfMeasure>100 גרם</UnitOfMeasure>
      <bIsWeighted>0</bIsWeighted>
      <QtyInPackage>1</QtyInPackage>
      <ItemPrice>12.70</ItemPrice>
      <UnitOfMeasurePrice>6.3500</UnitOfMeasurePrice>
      <AllowDiscount>1</AllowDiscount>
      <ItemStatus>1</ItemStatus>
      <ItemId>7389</ItemId>
    </Item>
    <Item>
      <PriceUpdateDate>2016-02-19 07:49:46</PriceUpdateDate>
      <ItemCode>7290006664402</ItemCode>
      <ItemType>1</ItemType>
      <ItemName>גבינה סקי        5%</ItemName>
      <ManufacturerName>שטראוס גרופ</ManufacturerName>
      <ManufactureCountry>ישראל</ManufactureCountry>
      <ManufacturerItemDescription>גבינה סקי 750 5% גרם</ManufacturerItemDescription>
      <UnitQty>גרמים</UnitQty>
      <Quantity>750.00</Quantity>
      <UnitOfMeasure>100 גרם</UnitOfMeasure>
      <bIsWeighted>0</bIsWeighted>
      <QtyInPackage>1</QtyInPackage>
      <ItemPrice>13.80</ItemPrice>
      <UnitOfMeasurePrice>1.8400</UnitOfMeasurePrice>
      <AllowDiscount>1</AllowDiscount>
      <ItemStatus>1</ItemStatus>
      <ItemId>7400</ItemId>
    </Item>
    <Item>
      <PriceUpdateDate>2016-06-15 07:39:58</PriceUpdateDate>
      <ItemCode>7290006681003</ItemCode>
      <ItemType>1</ItemType>
      <ItemName>גלידה סורבה תות לימו</ItemName>
      <ManufacturerName>שטראוס גלידות</ManufacturerName>
      <ManufactureCountry>ישראל</ManufactureCountry>
      <ManufacturerItemDescription>קרמיסימו סורבה תות לימון</ManufacturerItemDescription>
      <UnitQty>ליטרים</UnitQty>
      <Quantity>1.33</Quantity>
      <UnitOfMeasure>ליטר</UnitOfMeasure>
      <bIsWeighted>0</bIsWeighted>
      <QtyInPackage>1</QtyInPackage>
      <ItemPrice>23.90</ItemPrice>
      <UnitOfMeasurePrice>17.9699</UnitOfMeasurePrice>
      <AllowDiscount>1</AllowDiscount>
      <ItemStatus>1</ItemStatus>
      <ItemId>7403</ItemId>
    </Item>
    <Item>
      <PriceUpdateDate>2015-10-01 06:14:53</PriceUpdateDate>
      <ItemCode>7290000067070</ItemCode>
      <ItemType>1</ItemType>
      <ItemName>עוגיות מילוי שוקולד</ItemName>
      <ManufacturerName>אסם</ManufacturerName>
      <ManufactureCountry>ישראל</ManufactureCountry>
      <ManufacturerItemDescription>עוגיות מיני ממולאות שוקולד</ManufacturerItemDescription>
      <UnitQty>גרמים</UnitQty>
      <Quantity>300.00</Quantity>
      <UnitOfMeasure>100 גרם</UnitOfMeasure>
      <bIsWeighted>0</bIsWeighted>
      <QtyInPackage>1</QtyInPackage>
      <ItemPrice>14.80</ItemPrice>
      <UnitOfMeasurePrice>4.9333</UnitOfMeasurePrice>
      <AllowDiscount>1</AllowDiscount>
      <ItemStatus>1</ItemStatus>
      <ItemId>7411</ItemId>
    </Item>
    <Item>
      <PriceUpdateDate>2015-08-09 08:03:29</PriceUpdateDate>
      <ItemCode>7290000067599</ItemCode>
      <ItemType>1</ItemType>
      <ItemName>ספגטי בולונז</ItemName>
      <ManufacturerName>אסם</ManufacturerName>
      <ManufactureCountry>ישראל</ManufactureCountry>
      <ManufacturerItemDescription>מנה חמה ספגטי בולונז 65 גרם</ManufacturerItemDescription>
      <UnitQty>גרמים</UnitQty>
      <Quantity>65.00</Quantity>
      <UnitOfMeasure>100 גרם</UnitOfMeasure>
      <bIsWeighted>0</bIsWeighted>
      <QtyInPackage>1</QtyInPackage>
      <ItemPrice>6.90</ItemPrice>
      <UnitOfMeasurePrice>10.6154</UnitOfMeasurePrice>
      <AllowDiscount>1</AllowDiscount>
      <ItemStatus>1</ItemStatus>
      <ItemId>7470</ItemId>
    </Item>
    <Item>
      <PriceUpdateDate>2015-10-14 08:32:30</PriceUpdateDate>
      <ItemCode>7290006764072</ItemCode>
      <ItemType>1</ItemType>
      <ItemName>בירה גולדסטאר.500חוז</ItemName>
      <ManufacturerName>טמפו</ManufacturerName>
      <ManufactureCountry>ישראל</ManufactureCountry>
      <ManufacturerItemDescription>בירה גולדסטאר.500 מל בק חוזר</ManufacturerItemDescription>
      <UnitQty>מיליליטרים</UnitQty>
      <Quantity>500.00</Quantity>
      <UnitOfMeasure>100 מ"ל</UnitOfMeasure>
      <bIsWeighted>0</bIsWeighted>
      <QtyInPackage>1</QtyInPackage>
      <ItemPrice>7.70</ItemPrice>
      <UnitOfMeasurePrice>1.5400</UnitOfMeasurePrice>
      <AllowDiscount>1</AllowDiscount>
      <ItemStatus>1</ItemStatus>
      <ItemId>7475</ItemId>
    </Item>
    <Item>
      <PriceUpdateDate>2015-10-01 06:14:34</PriceUpdateDate>
      <ItemCode>7290006788009</ItemCode>
      <ItemType>1</ItemType>
      <ItemName>שמפו 10 לשיער רגיל</ItemName>
      <ManufacturerName>אמיליה קוסמטיקס</ManufacturerName>
      <ManufactureCountry>ישראל</ManufactureCountry>
      <ManufacturerItemDescription>שמפו 10 לשיער רגיל 700 מל              .</ManufacturerItemDescription>
      <UnitQty>מיליליטרים</UnitQty>
      <Quantity>700.00</Quantity>
      <UnitOfMeasure>100 מ"ל</UnitOfMeasure>
      <bIsWeighted>0</bIsWeighted>
      <QtyInPackage>1</QtyInPackage>
      <ItemPrice>12.80</ItemPrice>
      <UnitOfMeasurePrice>1.8286</UnitOfMeasurePrice>
      <AllowDiscount>1</AllowDiscount>
      <ItemStatus>1</ItemStatus>
      <ItemId>7496</ItemId>
    </Item>
    <Item>
      <PriceUpdateDate>2015-10-01 06:14:34</PriceUpdateDate>
      <ItemCode>7290006788023</ItemCode>
      <ItemType>1</ItemType>
      <ItemName>שמפו 10 לשיער צבוע</ItemName>
      <ManufacturerName>אמיליה קוסמטיקס</ManufacturerName>
      <ManufactureCountry>ישראל</ManufactureCountry>
      <ManufacturerItemDescription>שמפו 10 לשיער צבוע 700 מל              .</ManufacturerItemDescription>
      <UnitQty>מיליליטרים</UnitQty>
      <Quantity>700.00</Quantity>
      <UnitOfMeasure>100 מ"ל</UnitOfMeasure>
      <bIsWeighted>0</bIsWeighted>
      <QtyInPackage>1</QtyInPackage>
      <ItemPrice>12.80</ItemPrice>
      <UnitOfMeasurePrice>1.8286</UnitOfMeasurePrice>
      <AllowDiscount>1</AllowDiscount>
      <ItemStatus>1</ItemStatus>
      <ItemId>7498</ItemId>
    </Item>
    <Item>
      <PriceUpdateDate>2015-10-01 06:14:34</PriceUpdateDate>
      <ItemCode>7290006788061</ItemCode>
      <ItemType>1</ItemType>
      <ItemName>מרכך 10 לשיער רגיל</ItemName>
      <ManufacturerName>אמיליה קוסמטיקס</ManufacturerName>
      <ManufactureCountry>ישראל</ManufactureCountry>
      <ManufacturerItemDescription>מרכך 10 לשיער רגיל 700 מל              .</ManufacturerItemDescription>
      <UnitQty>מיליליטרים</UnitQty>
      <Quantity>700.00</Quantity>
      <UnitOfMeasure>100 מ"ל</UnitOfMeasure>
      <bIsWeighted>0</bIsWeighted>
      <QtyInPackage>1</QtyInPackage>
      <ItemPrice>12.80</ItemPrice>
      <UnitOfMeasurePrice>1.8286</UnitOfMeasurePrice>
      <AllowDiscount>1</AllowDiscount>
      <ItemStatus>1</ItemStatus>
      <ItemId>7502</ItemId>
    </Item>
    <Item>
      <PriceUpdateDate>2015-10-01 06:14:34</PriceUpdateDate>
      <ItemCode>7290006788085</ItemCode>
      <ItemType>1</ItemType>
      <ItemName>מרכך 10 לשיער צבוע</ItemName>
      <ManufacturerName>אמיליה קוסמטיקס</ManufacturerName>
      <ManufactureCountry>ישראל</ManufactureCountry>
      <ManufacturerItemDescription>מרכך 10 לשיער צבוע 700 מל              .</ManufacturerItemDescription>
      <UnitQty>מיליליטרים</UnitQty>
      <Quantity>700.00</Quantity>
      <UnitOfMeasure>100 מ"ל</UnitOfMeasure>
      <bIsWeighted>0</bIsWeighted>
      <QtyInPackage>1</QtyInPackage>
      <ItemPrice>12.80</ItemPrice>
      <UnitOfMeasurePrice>1.8286</UnitOfMeasurePrice>
      <AllowDiscount>1</AllowDiscount>
      <ItemStatus>1</ItemStatus>
      <ItemId>7504</ItemId>
    </Item>
    <Item>
      <PriceUpdateDate>2015-01-01 00:00:00</PriceUpdateDate>
      <ItemCode>7290000068138</ItemCode>
      <ItemType>1</ItemType>
      <ItemName>פודינג וניל אינסטנט</ItemName>
      <ManufacturerName>אסם</ManufacturerName>
      <ManufactureCountry>ישראל</ManufactureCountry>
      <ManufacturerItemDescription>פודינג וניל 80 גרם</ManufacturerItemDescription>
      <UnitQty>גרמים</UnitQty>
      <Quantity>80.00</Quantity>
      <UnitOfMeasure>100 גרם</UnitOfMeasure>
      <bIsWeighted>0</bIsWeighted>
      <QtyInPackage>1</QtyInPackage>
      <ItemPrice>5.60</ItemPrice>
      <UnitOfMeasurePrice>7.0000</UnitOfMeasurePrice>
      <AllowDiscount>1</AllowDiscount>
      <ItemStatus>1</ItemStatus>
      <ItemId>7556</ItemId>
    </Item>
    <Item>
      <PriceUpdateDate>2015-01-01 00:00:00</PriceUpdateDate>
      <ItemCode>7290000068169</ItemCode>
      <ItemType>1</ItemType>
      <ItemName>פודינג בטעם שוקולד</ItemName>
      <ManufacturerName>אסם</ManufacturerName>
      <ManufactureCountry>ישראל</ManufactureCountry>
      <ManufacturerItemDescription>פודינג בטעם שוקולד 95 גרם</ManufacturerItemDescription>
      <UnitQty>גרמים</UnitQty>
      <Quantity>95.00</Quantity>
      <UnitOfMeasure>100 גרם</UnitOfMeasure>
      <bIsWeighted>0</bIsWeighted>
      <QtyInPackage>1</QtyInPackage>
      <ItemPrice>5.60</ItemPrice>
      <UnitOfMeasurePrice>5.8947</UnitOfMeasurePrice>
      <AllowDiscount>1</AllowDiscount>
      <ItemStatus>1</ItemStatus>
      <ItemId>7566</ItemId>
    </Item>
    <Item>
      <PriceUpdateDate>2016-05-19 11:21:23</PriceUpdateDate>
      <ItemCode>7290000068190</ItemCode>
      <ItemType>1</ItemType>
      <ItemName>גלי בזק תות שדה</ItemName>
      <ManufacturerName>אסם</ManufacturerName>
      <ManufactureCountry>ישראל</ManufactureCountry>
      <ManufacturerItemDescription>ג"לי בזק טעם תות שדה 90 גרם</ManufacturerItemDescription>
      <UnitQty>גרמים</UnitQty>
      <Quantity>90.00</Quantity>
      <UnitOfMeasure>100 גרם</UnitOfMeasure>
      <bIsWeighted>0</bIsWeighted>
      <QtyInPackage>1</QtyInPackage>
      <ItemPrice>8.00</ItemPrice>
      <UnitOfMeasurePrice>8.8889</UnitOfMeasurePrice>
      <AllowDiscount>1</AllowDiscount>
      <ItemStatus>1</ItemStatus>
      <ItemId>7568</ItemId>
    </Item>
    <Item>
      <PriceUpdateDate>2015-10-01 06:14:54</PriceUpdateDate>
      <ItemCode>7290000068251</ItemCode>
      <ItemType>1</ItemType>
      <ItemName>גלי  בזק טעם אננס</ItemName>
      <ManufacturerName>אסם</ManufacturerName>
      <ManufactureCountry>ישראל</ManufactureCountry>
      <ManufacturerItemDescription>גלי בזק טעם אננס85 רם</ManufacturerItemDescription>
      <UnitQty>גרמים</UnitQty>
      <Quantity>85.00</Quantity>
      <UnitOfMeasure>100 גרם</UnitOfMeasure>
      <bIsWeighted>0</bIsWeighted>
      <QtyInPackage>1</QtyInPackage>
      <ItemPrice>7.40</ItemPrice>
      <UnitOfMeasurePrice>8.7059</UnitOfMeasurePrice>
      <AllowDiscount>1</AllowDiscount>
      <ItemStatus>1</ItemStatus>
      <ItemId>7581</ItemId>
    </Item>
    <Item>
      <PriceUpdateDate>2015-01-01 00:00:00</PriceUpdateDate>
      <ItemCode>7290000068343</ItemCode>
      <ItemType>1</ItemType>
      <ItemName>פריכוני אורז מלא</ItemName>
      <ManufacturerName>פרח תעשיות</ManufacturerName>
      <ManufactureCountry>ישראל</ManufactureCountry>
      <ManufacturerItemDescription>פריכוני אורז מלא 140 גר</ManufacturerItemDescription>
      <UnitQty>גרמים</UnitQty>
      <Quantity>140.00</Quantity>
      <UnitOfMeasure>100 גרם</UnitOfMeasure>
      <bIsWeighted>0</bIsWeighted>
      <QtyInPackage>1</QtyInPackage>
      <ItemPrice>7.80</ItemPrice>
      <UnitOfMeasurePrice>5.5714</UnitOfMeasurePrice>
      <AllowDiscount>1</AllowDiscount>
      <ItemStatus>1</ItemStatus>
      <ItemId>7587</ItemId>
    </Item>
    <Item>
      <PriceUpdateDate>2015-10-01 06:15:22</PriceUpdateDate>
      <ItemCode>7290000684345</ItemCode>
      <ItemType>1</ItemType>
      <ItemName>פילטר בריטה שלישיה</ItemName>
      <ManufacturerName>שלישיית פילטר בריטה</ManufacturerName>
      <ManufactureCountry>לא ידוע</ManufactureCountry>
      <ManufacturerItemDescription>פילטר בריטה שלישיה</ManufacturerItemDescription>
      <UnitQty>Unknown </UnitQty>
      <Quantity>0.00</Quantity>
      <UnitOfMeasure>Unknown </UnitOfMeasure>
      <bIsWeighted>0</bIsWeighted>
      <QtyInPackage>1</QtyInPackage>
      <ItemPrice>111.90</ItemPrice>
      <UnitOfMeasurePrice>0.0000</UnitOfMeasurePrice>
      <AllowDiscount>1</AllowDiscount>
      <ItemStatus>1</ItemStatus>
      <ItemId>7593</ItemId>
    </Item>
    <Item>
      <PriceUpdateDate>2015-10-01 06:15:00</PriceUpdateDate>
      <ItemCode>7290000692227</ItemCode>
      <ItemType>1</ItemType>
      <ItemName>פלמוליב לכלים</ItemName>
      <ManufacturerName>COLGATE (Greece)-PAL</ManufacturerName>
      <ManufactureCountry>יוון</ManufactureCountry>
      <ManufacturerItemDescription>פלמוליב כלים 1 ליטר</ManufacturerItemDescription>
      <UnitQty>ליטרים</UnitQty>
      <Quantity>1.00</Quantity>
      <UnitOfMeasure>ליטר</UnitOfMeasure>
      <bIsWeighted>0</bIsWeighted>
      <QtyInPackage>1</QtyInPackage>
      <ItemPrice>14.30</ItemPrice>
      <UnitOfMeasurePrice>14.3000</UnitOfMeasurePrice>
      <AllowDiscount>1</AllowDiscount>
      <ItemStatus>1</ItemStatus>
      <ItemId>7707</ItemId>
    </Item>
    <Item>
      <PriceUpdateDate>2015-10-01 06:15:00</PriceUpdateDate>
      <ItemCode>7290000692456</ItemCode>
      <ItemType>1</ItemType>
      <ItemName>לניקוי חלונות אגקס</ItemName>
      <ManufacturerName>COLGATE (Greece)-PAL</ManufacturerName>
      <ManufactureCountry>ישראל</ManufactureCountry>
      <ManufacturerItemDescription>לניקוי חלונות אגקס כחול זוג</ManufacturerItemDescription>
      <UnitQty>ליטרים</UnitQty>
      <Quantity>1.50</Quantity>
      <UnitOfMeasure>ליטר</UnitOfMeasure>
      <bIsWeighted>0</bIsWeighted>
      <QtyInPackage>1</QtyInPackage>
      <ItemPrice>24.70</ItemPrice>
      <UnitOfMeasurePrice>16.4667</UnitOfMeasurePrice>
      <AllowDiscount>1</AllowDiscount>
      <ItemStatus>1</ItemStatus>
      <ItemId>7712</ItemId>
    </Item>
    <Item>
      <PriceUpdateDate>2015-08-09 08:03:29</PriceUpdateDate>
      <ItemCode>7290000069258</ItemCode>
      <ItemType>1</ItemType>
      <ItemName>פסטה פנה ריגאטה</ItemName>
      <ManufacturerName>זארה</ManufacturerName>
      <ManufactureCountry>איטליה</ManufactureCountry>
      <ManufacturerItemDescription>פסטה פנה ריגאטה פרפקטו500 גר</ManufacturerItemDescription>
      <UnitQty>גרמים</UnitQty>
      <Quantity>500.00</Quantity>
      <UnitOfMeasure>100 גרם</UnitOfMeasure>
      <bIsWeighted>0</bIsWeighted>
      <QtyInPackage>1</QtyInPackage>
      <ItemPrice>8.50</ItemPrice>
      <UnitOfMeasurePrice>1.7000</UnitOfMeasurePrice>
      <AllowDiscount>1</AllowDiscount>
      <ItemStatus>1</ItemStatus>
      <ItemId>7715</ItemId>
    </Item>
    <Item>
      <PriceUpdateDate>2015-06-08 13:31:58</PriceUpdateDate>
      <ItemCode>6926572510386</ItemCode>
      <ItemType>1</ItemType>
      <ItemName>סוכריית לקקן גלי ממו</ItemName>
      <ManufacturerName>אחים מזרחי</ManufacturerName>
      <ManufactureCountry>סין</ManufactureCountry>
      <ManufacturerItemDescription>סוכריית לקקן גלי ממותג</ManufacturerItemDescription>
      <UnitQty>Unknown </UnitQty>
      <Quantity>0.00</Quantity>
      <UnitOfMeasure>Unknown </UnitOfMeasure>
      <bIsWeighted>0</bIsWeighted>
      <QtyInPackage>1</QtyInPackage>
      <ItemPrice>4.60</ItemPrice>
      <UnitOfMeasurePrice>0.0000</UnitOfMeasurePrice>
      <AllowDiscount>1</AllowDiscount>
      <ItemStatus>1</ItemStatus>
      <ItemId>7718</ItemId>
    </Item>
    <Item>
      <PriceUpdateDate>2015-01-01 00:00:00</PriceUpdateDate>
      <ItemCode>7290006983176</ItemCode>
      <ItemType>1</ItemType>
      <ItemName>לחמית עם שיפון</ItemName>
      <ManufacturerName>אסם</ManufacturerName>
      <ManufactureCountry>ישראל</ManufactureCountry>
      <ManufacturerItemDescription>לחמית עם שיפון 230 גרם</ManufacturerItemDescription>
      <UnitQty>גרמים</UnitQty>
      <Quantity>230.00</Quantity>
      <UnitOfMeasure>100 גרם</UnitOfMeasure>
      <bIsWeighted>0</bIsWeighted>
      <QtyInPackage>1</QtyInPackage>
      <ItemPrice>10.40</ItemPrice>
      <UnitOfMeasurePrice>4.5217</UnitOfMeasurePrice>
      <AllowDiscount>1</AllowDiscount>
      <ItemStatus>1</ItemStatus>
      <ItemId>7743</ItemId>
    </Item>
    <Item>
      <PriceUpdateDate>2015-08-09 08:03:34</PriceUpdateDate>
      <ItemCode>7290107873062</ItemCode>
      <ItemType>1</ItemType>
      <ItemName>פתי בר בטעם שוקולד</ItemName>
      <ManufacturerName>אסם</ManufacturerName>
      <ManufactureCountry>ישראל</ManufactureCountry>
      <ManufacturerItemDescription>פתי בר בטעם שוקולד מריר</ManufacturerItemDescription>
      <UnitQty>גרמים</UnitQty>
      <Quantity>500.00</Quantity>
      <UnitOfMeasure>100 גרם</UnitOfMeasure>
      <bIsWeighted>0</bIsWeighted>
      <QtyInPackage>1</QtyInPackage>
      <ItemPrice>12.30</ItemPrice>
      <UnitOfMeasurePrice>2.4600</UnitOfMeasurePrice>
      <AllowDiscount>1</AllowDiscount>
      <ItemStatus>1</ItemStatus>
      <ItemId>102556</ItemId>
    </Item>
    <Item>
      <PriceUpdateDate>2015-11-02 13:27:55</PriceUpdateDate>
      <ItemCode>70221011116</ItemCode>
      <ItemType>1</ItemType>
      <ItemName>שוקולד טובלרון חלב</ItemName>
      <ManufacturerName>מונדלייז</ManufacturerName>
      <ManufactureCountry>שוויץ</ManufactureCountry>
      <ManufacturerItemDescription>שוקולד טובלרון חלב 100 גר              .</ManufacturerItemDescription>
      <UnitQty>גרמים</UnitQty>
      <Quantity>100.00</Quantity>
      <UnitOfMeasure>100 גרם</UnitOfMeasure>
      <bIsWeighted>0</bIsWeighted>
      <QtyInPackage>1</QtyInPackage>
      <ItemPrice>12.90</ItemPrice>
      <UnitOfMeasurePrice>12.9000</UnitOfMeasurePrice>
      <AllowDiscount>1</AllowDiscount>
      <ItemStatus>1</ItemStatus>
      <ItemId>7787</ItemId>
    </Item>
    <Item>
      <PriceUpdateDate>2015-01-01 00:00:00</PriceUpdateDate>
      <ItemCode>7290000070322</ItemCode>
      <ItemType>1</ItemType>
      <ItemName>מרק פטריות</ItemName>
      <ManufacturerName>אסם</ManufacturerName>
      <ManufactureCountry>לא ידוע</ManufactureCountry>
      <ManufacturerItemDescription>מרק פטריות 400 גרם</ManufacturerItemDescription>
      <UnitQty>גרמים</UnitQty>
      <Quantity>400.00</Quantity>
      <UnitOfMeasure>100 גרם</UnitOfMeasure>
      <bIsWeighted>0</bIsWeighted>
      <QtyInPackage>1</QtyInPackage>
      <ItemPrice>31.30</ItemPrice>
      <UnitOfMeasurePrice>7.8250</UnitOfMeasurePrice>
      <AllowDiscount>1</AllowDiscount>
      <ItemStatus>1</ItemStatus>
      <ItemId>7802</ItemId>
    </Item>
    <Item>
      <PriceUpdateDate>2015-10-01 06:14:54</PriceUpdateDate>
      <ItemCode>7290000072241</ItemCode>
      <ItemType>1</ItemType>
      <ItemName>רוטב פיצה</ItemName>
      <ManufacturerName>אסם</ManufacturerName>
      <ManufactureCountry>ישראל</ManufactureCountry>
      <ManufacturerItemDescription>רוטב פיצה 290 מל</ManufacturerItemDescription>
      <UnitQty>מיליליטרים</UnitQty>
      <Quantity>290.00</Quantity>
      <UnitOfMeasure>100 מ"ל</UnitOfMeasure>
      <bIsWeighted>0</bIsWeighted>
      <QtyInPackage>1</QtyInPackage>
      <ItemPrice>12.80</ItemPrice>
      <UnitOfMeasurePrice>4.4138</UnitOfMeasurePrice>
      <AllowDiscount>1</AllowDiscount>
      <ItemStatus>1</ItemStatus>
      <ItemId>7847</ItemId>
    </Item>
    <Item>
      <PriceUpdateDate>2015-08-09 08:03:29</PriceUpdateDate>
      <ItemCode>7290000072623</ItemCode>
      <ItemType>1</ItemType>
      <ItemName>קטשופ לחיץ רגיל</ItemName>
      <ManufacturerName>אסם</ManufacturerName>
      <ManufactureCountry>ישראל</ManufactureCountry>
      <ManufacturerItemDescription>קטשופ לחיץ רגיל 750 גרם</ManufacturerItemDescription>
      <UnitQty>גרמים</UnitQty>
      <Quantity>750.00</Quantity>
      <UnitOfMeasure>100 גרם</UnitOfMeasure>
      <bIsWeighted>0</bIsWeighted>
      <QtyInPackage>1</QtyInPackage>
      <ItemPrice>12.70</ItemPrice>
      <UnitOfMeasurePrice>1.6933</UnitOfMeasurePrice>
      <AllowDiscount>1</AllowDiscount>
      <ItemStatus>1</ItemStatus>
      <ItemId>7858</ItemId>
    </Item>
    <Item>
      <PriceUpdateDate>2015-10-01 06:13:01</PriceUpdateDate>
      <ItemCode>7290010049059</ItemCode>
      <ItemType>1</ItemType>
      <ItemName>עוגיות גרנולה</ItemName>
      <ManufacturerName>רוקחמן בע"מ</ManufacturerName>
      <ManufactureCountry>ישראל</ManufactureCountry>
      <ManufacturerItemDescription>טוסו עוגיות גרנולה 200 גרם</ManufacturerItemDescription>
      <UnitQty>גרמים</UnitQty>
      <Quantity>200.00</Quantity>
      <UnitOfMeasure>100 גרם</UnitOfMeasure>
      <bIsWeighted>0</bIsWeighted>
      <QtyInPackage>1</QtyInPackage>
      <ItemPrice>17.30</ItemPrice>
      <UnitOfMeasurePrice>8.6500</UnitOfMeasurePrice>
      <AllowDiscount>1</AllowDiscount>
      <ItemStatus>1</ItemStatus>
      <ItemId>7922</ItemId>
    </Item>
    <Item>
      <PriceUpdateDate>2016-05-19 11:18:06</PriceUpdateDate>
      <ItemCode>7290010154012</ItemCode>
      <ItemType>1</ItemType>
      <ItemName>לימון בלאדי</ItemName>
      <ManufacturerName>תבליני ביטון</ManufacturerName>
      <ManufactureCountry>ישראל</ManufactureCountry>
      <ManufacturerItemDescription>לימון בלאדי 250 גר                     .</ManufacturerItemDescription>
      <UnitQty>גרמים</UnitQty>
      <Quantity>250.00</Quantity>
      <UnitOfMeasure>100 גרם</UnitOfMeasure>
      <bIsWeighted>0</bIsWeighted>
      <QtyInPackage>1</QtyInPackage>
      <ItemPrice>16.00</ItemPrice>
      <UnitOfMeasurePrice>6.4000</UnitOfMeasurePrice>
      <AllowDiscount>1</AllowDiscount>
      <ItemStatus>1</ItemStatus>
      <ItemId>7940</ItemId>
    </Item>
    <Item>
      <PriceUpdateDate>2015-10-01 06:13:15</PriceUpdateDate>
      <ItemCode>72909768</ItemCode>
      <ItemType>1</ItemType>
      <ItemName>חטיף פסק זמן   PLAY</ItemName>
      <ManufacturerName>שטראוס גרופ</ManufacturerName>
      <ManufactureCountry>ישראל</ManufactureCountry>
      <ManufacturerItemDescription>חטיף פסק זמן 40 PLAY גרם</ManufacturerItemDescription>
      <UnitQty>גרמים</UnitQty>
      <Quantity>40.00</Quantity>
      <UnitOfMeasure>100 גרם</UnitOfMeasure>
      <bIsWeighted>0</bIsWeighted>
      <QtyInPackage>1</QtyInPackage>
      <ItemPrice>5.70</ItemPrice>
      <UnitOfMeasurePrice>14.2500</UnitOfMeasurePrice>
      <AllowDiscount>1</AllowDiscount>
      <ItemStatus>1</ItemStatus>
      <ItemId>8004</ItemId>
    </Item>
    <Item>
      <PriceUpdateDate>2015-08-09 08:03:40</PriceUpdateDate>
      <ItemCode>72909799</ItemCode>
      <ItemType>1</ItemType>
      <ItemName>חטיף קליק אוקיי</ItemName>
      <ManufacturerName>אתר צפת חטיפים - Foo</ManufacturerName>
      <ManufactureCountry>ישראל</ManufactureCountry>
      <ManufacturerItemDescription>חטיף קליק אוקיי 35 גר                  .</ManufacturerItemDescription>
      <UnitQty>Unknown </UnitQty>
      <Quantity>0.00</Quantity>
      <UnitOfMeasure>Unknown </UnitOfMeasure>
      <bIsWeighted>0</bIsWeighted>
      <QtyInPackage>1</QtyInPackage>
      <ItemPrice>5.90</ItemPrice>
      <UnitOfMeasurePrice>0.0000</UnitOfMeasurePrice>
      <AllowDiscount>1</AllowDiscount>
      <ItemStatus>1</ItemStatus>
      <ItemId>8005</ItemId>
    </Item>
    <Item>
      <PriceUpdateDate>2015-10-01 06:13:16</PriceUpdateDate>
      <ItemCode>72917275</ItemCode>
      <ItemType>1</ItemType>
      <ItemName>חטיף טורטית 40 גרם</ItemName>
      <ManufacturerName>שטראוס גרופ</ManufacturerName>
      <ManufactureCountry>לא ידוע</ManufactureCountry>
      <ManufacturerItemDescription>חטיף טורטית40 גר</ManufacturerItemDescription>
      <UnitQty>גרמים</UnitQty>
      <Quantity>40.00</Quantity>
      <UnitOfMeasure>100 גרם</UnitOfMeasure>
      <bIsWeighted>0</bIsWeighted>
      <QtyInPackage>1</QtyInPackage>
      <ItemPrice>5.70</ItemPrice>
      <UnitOfMeasurePrice>14.2500</UnitOfMeasurePrice>
      <AllowDiscount>1</AllowDiscount>
      <ItemStatus>1</ItemStatus>
      <ItemId>8015</ItemId>
    </Item>
    <Item>
      <PriceUpdateDate>2015-08-12 06:10:42</PriceUpdateDate>
      <ItemCode>72917329</ItemCode>
      <ItemType>1</ItemType>
      <ItemName>חטיף אגוזי</ItemName>
      <ManufacturerName>שטראוס גרופ</ManufacturerName>
      <ManufactureCountry>ישראל</ManufactureCountry>
      <ManufacturerItemDescription>חטיף אגוזי 45 גר                       .</ManufacturerItemDescription>
      <UnitQty>Unknown </UnitQty>
      <Quantity>0.00</Quantity>
      <UnitOfMeasure>Unknown </UnitOfMeasure>
      <bIsWeighted>0</bIsWeighted>
      <QtyInPackage>1</QtyInPackage>
      <ItemPrice>4.60</ItemPrice>
      <UnitOfMeasurePrice>0.0000</UnitOfMeasurePrice>
      <AllowDiscount>1</AllowDiscount>
      <ItemStatus>1</ItemStatus>
      <ItemId>8016</ItemId>
    </Item>
    <Item>
      <PriceUpdateDate>2015-08-12 06:10:42</PriceUpdateDate>
      <ItemCode>72917367</ItemCode>
      <ItemType>1</ItemType>
      <ItemName>חטיף טעמי</ItemName>
      <ManufacturerName>שטראוס גרופ</ManufacturerName>
      <ManufactureCountry>ישראל</ManufactureCountry>
      <ManufacturerItemDescription>חטיף טעמי 40 גרם</ManufacturerItemDescription>
      <UnitQty>Unknown </UnitQty>
      <Quantity>0.00</Quantity>
      <UnitOfMeasure>Unknown </UnitOfMeasure>
      <bIsWeighted>0</bIsWeighted>
      <QtyInPackage>1</QtyInPackage>
      <ItemPrice>4.60</ItemPrice>
      <UnitOfMeasurePrice>0.0000</UnitOfMeasurePrice>
      <AllowDiscount>1</AllowDiscount>
      <ItemStatus>1</ItemStatus>
      <ItemId>8017</ItemId>
    </Item>
    <Item>
      <PriceUpdateDate>2015-08-12 06:10:43</PriceUpdateDate>
      <ItemCode>72917589</ItemCode>
      <ItemType>1</ItemType>
      <ItemName>חטיף שוקולדה מקופלת</ItemName>
      <ManufacturerName>שטראוס גרופ</ManufacturerName>
      <ManufactureCountry>ישראל</ManufactureCountry>
      <ManufacturerItemDescription>חטיף שוק.מקופלת 25 גר                  .</ManufacturerItemDescription>
      <UnitQty>Unknown </UnitQty>
      <Quantity>0.00</Quantity>
      <UnitOfMeasure>Unknown </UnitOfMeasure>
      <bIsWeighted>0</bIsWeighted>
      <QtyInPackage>1</QtyInPackage>
      <ItemPrice>4.60</ItemPrice>
      <UnitOfMeasurePrice>0.0000</UnitOfMeasurePrice>
      <AllowDiscount>1</AllowDiscount>
      <ItemStatus>1</ItemStatus>
      <ItemId>8018</ItemId>
    </Item>
    <Item>
      <PriceUpdateDate>2015-10-01 06:13:16</PriceUpdateDate>
      <ItemCode>72917893</ItemCode>
      <ItemType>1</ItemType>
      <ItemName>פסק זמן חלב</ItemName>
      <ManufacturerName>שטראוס גרופ</ManufacturerName>
      <ManufactureCountry>ישראל</ManufactureCountry>
      <ManufacturerItemDescription>חטיף פסק זמן חלב45 גר                  .</ManufacturerItemDescription>
      <UnitQty>גרמים</UnitQty>
      <Quantity>45.00</Quantity>
      <UnitOfMeasure>100 גרם</UnitOfMeasure>
      <bIsWeighted>0</bIsWeighted>
      <QtyInPackage>1</QtyInPackage>
      <ItemPrice>5.70</ItemPrice>
      <UnitOfMeasurePrice>12.6667</UnitOfMeasurePrice>
      <AllowDiscount>1</AllowDiscount>
      <ItemStatus>1</ItemStatus>
      <ItemId>8020</ItemId>
    </Item>
    <Item>
      <PriceUpdateDate>2015-08-12 06:10:43</PriceUpdateDate>
      <ItemCode>72918388</ItemCode>
      <ItemType>1</ItemType>
      <ItemName>חטיף טוויסט</ItemName>
      <ManufacturerName>שטראוס גרופ</ManufacturerName>
      <ManufactureCountry>ישראל</ManufactureCountry>
      <ManufacturerItemDescription>חטיף טוויסט 28 גר                      .</ManufacturerItemDescription>
      <UnitQty>Unknown </UnitQty>
      <Quantity>0.00</Quantity>
      <UnitOfMeasure>Unknown </UnitOfMeasure>
      <bIsWeighted>0</bIsWeighted>
      <QtyInPackage>1</QtyInPackage>
      <ItemPrice>4.60</ItemPrice>
      <UnitOfMeasurePrice>0.0000</UnitOfMeasurePrice>
      <AllowDiscount>1</AllowDiscount>
      <ItemStatus>1</ItemStatus>
      <ItemId>8022</ItemId>
    </Item>
    <Item>
      <PriceUpdateDate>2015-08-12 06:10:43</PriceUpdateDate>
      <ItemCode>72940754</ItemCode>
      <ItemType>1</ItemType>
      <ItemName>מילקי וניל</ItemName>
      <ManufacturerName>שטראוס גרופ</ManufacturerName>
      <ManufactureCountry>ישראל</ManufactureCountry>
      <ManufacturerItemDescription>מילקי וניל170 מל                       .</ManufacturerItemDescription>
      <UnitQty>מיליליטרים</UnitQty>
      <Quantity>170.00</Quantity>
      <UnitOfMeasure>100 מ"ל</UnitOfMeasure>
      <bIsWeighted>0</bIsWeighted>
      <QtyInPackage>1</QtyInPackage>
      <ItemPrice>3.00</ItemPrice>
      <UnitOfMeasurePrice>1.7647</UnitOfMeasurePrice>
      <AllowDiscount>1</AllowDiscount>
      <ItemStatus>1</ItemStatus>
      <ItemId>8026</ItemId>
    </Item>
    <Item>
      <PriceUpdateDate>2015-08-12 06:10:43</PriceUpdateDate>
      <ItemCode>72940761</ItemCode>
      <ItemType>1</ItemType>
      <ItemName>מעדן מילקי שוקו</ItemName>
      <ManufacturerName>שטראוס גרופ</ManufacturerName>
      <ManufactureCountry>ישראל</ManufactureCountry>
      <ManufacturerItemDescription>מילקי שוקו170 גר                       .</ManufacturerItemDescription>
      <UnitQty>מיליליטרים</UnitQty>
      <Quantity>170.00</Quantity>
      <UnitOfMeasure>100 מ"ל</UnitOfMeasure>
      <bIsWeighted>0</bIsWeighted>
      <QtyInPackage>1</QtyInPackage>
      <ItemPrice>3.00</ItemPrice>
      <UnitOfMeasurePrice>1.7647</UnitOfMeasurePrice>
      <AllowDiscount>1</AllowDiscount>
      <ItemStatus>1</ItemStatus>
      <ItemId>8027</ItemId>
    </Item>
    <Item>
      <PriceUpdateDate>2015-01-01 00:00:00</PriceUpdateDate>
      <ItemCode>72945308</ItemCode>
      <ItemType>1</ItemType>
      <ItemName>שמרים לחים קוביות</ItemName>
      <ManufacturerName>פאקא תעשיות בע"מ</ManufacturerName>
      <ManufactureCountry>ישראל</ManufactureCountry>
      <ManufacturerItemDescription>שמרים לחים 50 גר                   .1/24</ManufacturerItemDescription>
      <UnitQty>גרמים</UnitQty>
      <Quantity>50.00</Quantity>
      <UnitOfMeasure>100 גרם</UnitOfMeasure>
      <bIsWeighted>0</bIsWeighted>
      <QtyInPackage>1</QtyInPackage>
      <ItemPrice>3.80</ItemPrice>
      <UnitOfMeasurePrice>7.6000</UnitOfMeasurePrice>
      <AllowDiscount>1</AllowDiscount>
      <ItemStatus>1</ItemStatus>
      <ItemId>8124</ItemId>
    </Item>
    <Item>
      <PriceUpdateDate>2015-06-14 11:54:21</PriceUpdateDate>
      <ItemCode>72961506</ItemCode>
      <ItemType>1</ItemType>
      <ItemName>מעדן פרילי תות</ItemName>
      <ManufacturerName>תנובה מרכז שיתופי לש</ManufacturerName>
      <ManufactureCountry>ישראל</ManufactureCountry>
      <ManufacturerItemDescription>פרילי תות בגביע125 גר                  .</ManufacturerItemDescription>
      <UnitQty>מיליליטרים</UnitQty>
      <Quantity>125.00</Quantity>
      <UnitOfMeasure>100 מ"ל</UnitOfMeasure>
      <bIsWeighted>0</bIsWeighted>
      <QtyInPackage>1</QtyInPackage>
      <ItemPrice>3.60</ItemPrice>
      <UnitOfMeasurePrice>2.8800</UnitOfMeasurePrice>
      <AllowDiscount>1</AllowDiscount>
      <ItemStatus>1</ItemStatus>
      <ItemId>8327</ItemId>
    </Item>
    <Item>
      <PriceUpdateDate>2015-06-14 11:54:21</PriceUpdateDate>
      <ItemCode>72961520</ItemCode>
      <ItemType>1</ItemType>
      <ItemName>פרילי אננס</ItemName>
      <ManufacturerName>תנובה מרכז שיתופי לש</ManufacturerName>
      <ManufactureCountry>ישראל</ManufactureCountry>
      <ManufacturerItemDescription>פרילי אננס בגביע125 מל                 .</ManufacturerItemDescription>
      <UnitQty>מיליליטרים</UnitQty>
      <Quantity>125.00</Quantity>
      <UnitOfMeasure>100 מ"ל</UnitOfMeasure>
      <bIsWeighted>0</bIsWeighted>
      <QtyInPackage>1</QtyInPackage>
      <ItemPrice>3.60</ItemPrice>
      <UnitOfMeasurePrice>2.8800</UnitOfMeasurePrice>
      <AllowDiscount>1</AllowDiscount>
      <ItemStatus>1</ItemStatus>
      <ItemId>8328</ItemId>
    </Item>
    <Item>
      <PriceUpdateDate>2015-08-02 08:18:33</PriceUpdateDate>
      <ItemCode>72961544</ItemCode>
      <ItemType>1</ItemType>
      <ItemName>באדי תות125 מל</ItemName>
      <ManufacturerName>תנובה מרכז שיתופי לש</ManufacturerName>
      <ManufactureCountry>ישראל</ManufactureCountry>
      <ManufacturerItemDescription>באדי תות125 מל                         .</ManufacturerItemDescription>
      <UnitQty>מיליליטרים</UnitQty>
      <Quantity>125.00</Quantity>
      <UnitOfMeasure>100 מ"ל</UnitOfMeasure>
      <bIsWeighted>0</bIsWeighted>
      <QtyInPackage>1</QtyInPackage>
      <ItemPrice>3.30</ItemPrice>
      <UnitOfMeasurePrice>2.6400</UnitOfMeasurePrice>
      <AllowDiscount>1</AllowDiscount>
      <ItemStatus>1</ItemStatus>
      <ItemId>8334</ItemId>
    </Item>
    <Item>
      <PriceUpdateDate>2016-02-11 08:35:57</PriceUpdateDate>
      <ItemCode>72963104</ItemCode>
      <ItemType>1</ItemType>
      <ItemName>חמאה 100 גרם פיקוח</ItemName>
      <ManufacturerName>תנובה מרכז שיתופי לש</ManufacturerName>
      <ManufactureCountry>ישראל</ManufactureCountry>
      <ManufacturerItemDescription>חמאה 100 גרם פיקוח</ManufacturerItemDescription>
      <UnitQty>גרמים</UnitQty>
      <Quantity>100.00</Quantity>
      <UnitOfMeasure>100 גרם</UnitOfMeasure>
      <bIsWeighted>0</bIsWeighted>
      <QtyInPackage>1</QtyInPackage>
      <ItemPrice>3.80</ItemPrice>
      <UnitOfMeasurePrice>3.8000</UnitOfMeasurePrice>
      <AllowDiscount>1</AllowDiscount>
      <ItemStatus>1</ItemStatus>
      <ItemId>8367</ItemId>
    </Item>
    <Item>
      <PriceUpdateDate>2015-08-02 08:18:33</PriceUpdateDate>
      <ItemCode>72963753</ItemCode>
      <ItemType>1</ItemType>
      <ItemName>שמנת של פעם     200</ItemName>
      <ManufacturerName>תנובה מרכז שיתופי לש</ManufacturerName>
      <ManufactureCountry>ישראל</ManufactureCountry>
      <ManufacturerItemDescription>שמנת של פעם200 מל                   27%.</ManufacturerItemDescription>
      <UnitQty>גרמים</UnitQty>
      <Quantity>200.00</Quantity>
      <UnitOfMeasure>100 גרם</UnitOfMeasure>
      <bIsWeighted>0</bIsWeighted>
      <QtyInPackage>1</QtyInPackage>
      <ItemPrice>4.20</ItemPrice>
      <UnitOfMeasurePrice>2.1000</UnitOfMeasurePrice>
      <AllowDiscount>1</AllowDiscount>
      <ItemStatus>1</ItemStatus>
      <ItemId>8370</ItemId>
    </Item>
    <Item>
      <PriceUpdateDate>2015-01-01 00:00:00</PriceUpdateDate>
      <ItemCode>72963920</ItemCode>
      <ItemType>1</ItemType>
      <ItemName>דנובה200 מל        .</ItemName>
      <ManufacturerName>תנובה מרכז שיתופי לש</ManufacturerName>
      <ManufactureCountry>ישראל</ManufactureCountry>
      <ManufacturerItemDescription>דנובה200 מל                            .</ManufacturerItemDescription>
      <UnitQty>גרמים</UnitQty>
      <Quantity>200.00</Quantity>
      <UnitOfMeasure>100 גרם</UnitOfMeasure>
      <bIsWeighted>0</bIsWeighted>
      <QtyInPackage>1</QtyInPackage>
      <ItemPrice>3.40</ItemPrice>
      <UnitOfMeasurePrice>1.7000</UnitOfMeasurePrice>
      <AllowDiscount>1</AllowDiscount>
      <ItemStatus>1</ItemStatus>
      <ItemId>8371</ItemId>
    </Item>
    <Item>
      <PriceUpdateDate>2015-01-01 00:00:00</PriceUpdateDate>
      <ItemCode>72964422</ItemCode>
      <ItemType>1</ItemType>
      <ItemName>יוגורט200-4% מל</ItemName>
      <ManufacturerName>תנובה מרכז שיתופי לש</ManufacturerName>
      <ManufactureCountry>ישראל</ManufactureCountry>
      <ManufacturerItemDescription>יוגורט200-4% מל                        .</ManufacturerItemDescription>
      <UnitQty>גרמים</UnitQty>
      <Quantity>200.00</Quantity>
      <UnitOfMeasure>100 גרם</UnitOfMeasure>
      <bIsWeighted>0</bIsWeighted>
      <QtyInPackage>1</QtyInPackage>
      <ItemPrice>2.80</ItemPrice>
      <UnitOfMeasurePrice>1.4000</UnitOfMeasurePrice>
      <AllowDiscount>1</AllowDiscount>
      <ItemStatus>1</ItemStatus>
      <ItemId>8373</ItemId>
    </Item>
    <Item>
      <PriceUpdateDate>2015-10-01 08:05:54</PriceUpdateDate>
      <ItemCode>72991374</ItemCode>
      <ItemType>1</ItemType>
      <ItemName>סיגריות טיים רד חפיס</ItemName>
      <ManufacturerName>דובק</ManufacturerName>
      <ManufactureCountry>לא ידוע</ManufactureCountry>
      <ManufacturerItemDescription>סיגריות טיים רד בודד</ManufacturerItemDescription>
      <UnitQty>Unknown </UnitQty>
      <Quantity>0.00</Quantity>
      <UnitOfMeasure>Unknown </UnitOfMeasure>
      <bIsWeighted>0</bIsWeighted>
      <QtyInPackage>1</QtyInPackage>
      <ItemPrice>28.90</ItemPrice>
      <UnitOfMeasurePrice>0.0000</UnitOfMeasurePrice>
      <AllowDiscount>0</AllowDiscount>
      <ItemStatus>1</ItemStatus>
      <ItemId>9163</ItemId>
    </Item>
    <Item>
      <PriceUpdateDate>2015-10-01 08:05:54</PriceUpdateDate>
      <ItemCode>72991497</ItemCode>
      <ItemType>1</ItemType>
      <ItemName>סיגריות נובלס פילטר</ItemName>
      <ManufacturerName>דובק</ManufacturerName>
      <ManufactureCountry>לא ידוע</ManufactureCountry>
      <ManufacturerItemDescription>סיגריות נובלס פילטר בודד</ManufacturerItemDescription>
      <UnitQty>Unknown </UnitQty>
      <Quantity>0.00</Quantity>
      <UnitOfMeasure>Unknown </UnitOfMeasure>
      <bIsWeighted>0</bIsWeighted>
      <QtyInPackage>1</QtyInPackage>
      <ItemPrice>29.20</ItemPrice>
      <UnitOfMeasurePrice>0.0000</UnitOfMeasurePrice>
      <AllowDiscount>0</AllowDiscount>
      <ItemStatus>1</ItemStatus>
      <ItemId>9174</ItemId>
    </Item>
    <Item>
      <PriceUpdateDate>2015-10-01 08:05:54</PriceUpdateDate>
      <ItemCode>72991503</ItemCode>
      <ItemType>1</ItemType>
      <ItemName>סיגריות נובלס בלנד ח</ItemName>
      <ManufacturerName>דובק</ManufacturerName>
      <ManufactureCountry>לא ידוע</ManufactureCountry>
      <ManufacturerItemDescription>סיגריות נובלס בודד בלנד</ManufacturerItemDescription>
      <UnitQty>Unknown </UnitQty>
      <Quantity>0.00</Quantity>
      <UnitOfMeasure>Unknown </UnitOfMeasure>
      <bIsWeighted>0</bIsWeighted>
      <QtyInPackage>1</QtyInPackage>
      <ItemPrice>29.20</ItemPrice>
      <UnitOfMeasurePrice>0.0000</UnitOfMeasurePrice>
      <AllowDiscount>0</AllowDiscount>
      <ItemStatus>1</ItemStatus>
      <ItemId>9175</ItemId>
    </Item>
    <Item>
      <PriceUpdateDate>2015-10-01 08:05:54</PriceUpdateDate>
      <ItemCode>72991527</ItemCode>
      <ItemType>1</ItemType>
      <ItemName>סיגריות מוסטנג</ItemName>
      <ManufacturerName>דובק</ManufacturerName>
      <ManufactureCountry>ישראל</ManufactureCountry>
      <ManufacturerItemDescription>סיגריות מוסטנג                      RED</ManufacturerItemDescription>
      <UnitQty>Unknown </UnitQty>
      <Quantity>0.00</Quantity>
      <UnitOfMeasure>Unknown </UnitOfMeasure>
      <bIsWeighted>0</bIsWeighted>
      <QtyInPackage>1</QtyInPackage>
      <ItemPrice>25.70</ItemPrice>
      <UnitOfMeasurePrice>0.0000</UnitOfMeasurePrice>
      <AllowDiscount>0</AllowDiscount>
      <ItemStatus>1</ItemStatus>
      <ItemId>9177</ItemId>
    </Item>
    <Item>
      <PriceUpdateDate>2015-10-01 06:13:16</PriceUpdateDate>
      <ItemCode>72992357</ItemCode>
      <ItemType>1</ItemType>
      <ItemName>פסק זמן ביג ביט</ItemName>
      <ManufacturerName>שטראוס גרופ</ManufacturerName>
      <ManufactureCountry>ישראל</ManufactureCountry>
      <ManufacturerItemDescription>חטיף פסק זמן ביג בייט 52 גרם</ManufacturerItemDescription>
      <UnitQty>גרמים</UnitQty>
      <Quantity>52.00</Quantity>
      <UnitOfMeasure>100 גרם</UnitOfMeasure>
      <bIsWeighted>0</bIsWeighted>
      <QtyInPackage>1</QtyInPackage>
      <ItemPrice>5.70</ItemPrice>
      <UnitOfMeasurePrice>10.9615</UnitOfMeasurePrice>
      <AllowDiscount>1</AllowDiscount>
      <ItemStatus>1</ItemStatus>
      <ItemId>9185</ItemId>
    </Item>
    <Item>
      <PriceUpdateDate>2015-10-01 06:14:54</PriceUpdateDate>
      <ItemCode>7290000073040</ItemCode>
      <ItemType>1</ItemType>
      <ItemName>שלגון פרילי פסיפלורה</ItemName>
      <ManufacturerName>נגה גלידות</ManufacturerName>
      <ManufactureCountry>לא ידוע</ManufactureCountry>
      <ManufacturerItemDescription>שלגון פרילי פסיפלורה</ManufacturerItemDescription>
      <UnitQty>גרמים</UnitQty>
      <Quantity>78.00</Quantity>
      <UnitOfMeasure>100 גרם</UnitOfMeasure>
      <bIsWeighted>0</bIsWeighted>
      <QtyInPackage>1</QtyInPackage>
      <ItemPrice>5.80</ItemPrice>
      <UnitOfMeasurePrice>7.4359</UnitOfMeasurePrice>
      <AllowDiscount>1</AllowDiscount>
      <ItemStatus>1</ItemStatus>
      <ItemId>9191</ItemId>
    </Item>
    <Item>
      <PriceUpdateDate>2015-05-17 15:41:56</PriceUpdateDate>
      <ItemCode>5906485301470</ItemCode>
      <ItemType>1</ItemType>
      <ItemName>משקה אנרגיה</ItemName>
      <ManufacturerName>טמפו</ManufacturerName>
      <ManufactureCountry>ישראל</ManufactureCountry>
      <ManufacturerItemDescription>משקה אנרגיה דאבל קיק 250    מל</ManufacturerItemDescription>
      <UnitQty>מיליליטרים</UnitQty>
      <Quantity>250.00</Quantity>
      <UnitOfMeasure>100 מ"ל</UnitOfMeasure>
      <bIsWeighted>0</bIsWeighted>
      <QtyInPackage>1</QtyInPackage>
      <ItemPrice>5.20</ItemPrice>
      <UnitOfMeasurePrice>2.0800</UnitOfMeasurePrice>
      <AllowDiscount>1</AllowDiscount>
      <ItemStatus>1</ItemStatus>
      <ItemId>97142</ItemId>
    </Item>
    <Item>
      <PriceUpdateDate>2015-01-01 00:00:00</PriceUpdateDate>
      <ItemCode>7290000073125</ItemCode>
      <ItemType>1</ItemType>
      <ItemName>מנה חמה עם עגבניות</ItemName>
      <ManufacturerName>אסם</ManufacturerName>
      <ManufactureCountry>ישראל</ManufactureCountry>
      <ManufacturerItemDescription>תבשיל מנה חמה עם עגבניות62 ג</ManufacturerItemDescription>
      <UnitQty>גרמים</UnitQty>
      <Quantity>62.00</Quantity>
      <UnitOfMeasure>100 גרם</UnitOfMeasure>
      <bIsWeighted>0</bIsWeighted>
      <QtyInPackage>1</QtyInPackage>
      <ItemPrice>7.50</ItemPrice>
      <UnitOfMeasurePrice>12.0968</UnitOfMeasurePrice>
      <AllowDiscount>1</AllowDiscount>
      <ItemStatus>1</ItemStatus>
      <ItemId>9200</ItemId>
    </Item>
    <Item>
      <PriceUpdateDate>2015-01-01 00:00:00</PriceUpdateDate>
      <ItemCode>7290000074153</ItemCode>
      <ItemType>1</ItemType>
      <ItemName>ביסקויט פתיבר שוקו 5</ItemName>
      <ManufacturerName>אסם</ManufacturerName>
      <ManufactureCountry>לא ידוע</ManufactureCountry>
      <ManufacturerItemDescription>ביסקויט פתיבר שוקו 500 גר              .</ManufacturerItemDescription>
      <UnitQty>גרמים</UnitQty>
      <Quantity>500.00</Quantity>
      <UnitOfMeasure>100 גרם</UnitOfMeasure>
      <bIsWeighted>0</bIsWeighted>
      <QtyInPackage>1</QtyInPackage>
      <ItemPrice>14.10</ItemPrice>
      <UnitOfMeasurePrice>2.8200</UnitOfMeasurePrice>
      <AllowDiscount>1</AllowDiscount>
      <ItemStatus>1</ItemStatus>
      <ItemId>9271</ItemId>
    </Item>
    <Item>
      <PriceUpdateDate>2015-08-09 08:03:30</PriceUpdateDate>
      <ItemCode>7290000074184</ItemCode>
      <ItemType>1</ItemType>
      <ItemName>ביסקויט פתיבר בינוני</ItemName>
      <ManufacturerName>אסם</ManufacturerName>
      <ManufactureCountry>ישראל</ManufactureCountry>
      <ManufacturerItemDescription>ביסקויט פתיבר 500 גר                   .</ManufacturerItemDescription>
      <UnitQty>גרמים</UnitQty>
      <Quantity>500.00</Quantity>
      <UnitOfMeasure>100 גרם</UnitOfMeasure>
      <bIsWeighted>0</bIsWeighted>
      <QtyInPackage>1</QtyInPackage>
      <ItemPrice>12.70</ItemPrice>
      <UnitOfMeasurePrice>2.5400</UnitOfMeasurePrice>
      <AllowDiscount>1</AllowDiscount>
      <ItemStatus>1</ItemStatus>
      <ItemId>9275</ItemId>
    </Item>
    <Item>
      <PriceUpdateDate>2015-08-09 08:03:35</PriceUpdateDate>
      <ItemCode>7290000074245</ItemCode>
      <ItemType>1</ItemType>
      <ItemName>קרם קרקר</ItemName>
      <ManufacturerName>אסם</ManufacturerName>
      <ManufactureCountry>ישראל</ManufactureCountry>
      <ManufacturerItemDescription>קרם קרקר250 גר             131         .</ManufacturerItemDescription>
      <UnitQty>גרמים</UnitQty>
      <Quantity>250.00</Quantity>
      <UnitOfMeasure>100 גרם</UnitOfMeasure>
      <bIsWeighted>0</bIsWeighted>
      <QtyInPackage>1</QtyInPackage>
      <ItemPrice>10.00</ItemPrice>
      <UnitOfMeasurePrice>4.0000</UnitOfMeasurePrice>
      <AllowDiscount>1</AllowDiscount>
      <ItemStatus>1</ItemStatus>
      <ItemId>9277</ItemId>
    </Item>
    <Item>
      <PriceUpdateDate>2015-01-01 00:00:00</PriceUpdateDate>
      <ItemCode>7290000074252</ItemCode>
      <ItemType>1</ItemType>
      <ItemName>קרקר שומשום</ItemName>
      <ManufacturerName>אסם</ManufacturerName>
      <ManufactureCountry>ישראל</ManufactureCountry>
      <ManufacturerItemDescription>קרקר שומשום250 גר             132      .</ManufacturerItemDescription>
      <UnitQty>גרמים</UnitQty>
      <Quantity>250.00</Quantity>
      <UnitOfMeasure>100 גרם</UnitOfMeasure>
      <bIsWeighted>0</bIsWeighted>
      <QtyInPackage>1</QtyInPackage>
      <ItemPrice>10.90</ItemPrice>
      <UnitOfMeasurePrice>4.3600</UnitOfMeasurePrice>
      <AllowDiscount>1</AllowDiscount>
      <ItemStatus>1</ItemStatus>
      <ItemId>9278</ItemId>
    </Item>
    <Item>
      <PriceUpdateDate>2015-01-01 00:00:00</PriceUpdateDate>
      <ItemCode>7290000074375</ItemCode>
      <ItemType>1</ItemType>
      <ItemName>קרקר זהב</ItemName>
      <ManufacturerName>אסם</ManufacturerName>
      <ManufactureCountry>ישראל</ManufactureCountry>
      <ManufacturerItemDescription>קרקר זהב 150 גרם</ManufacturerItemDescription>
      <UnitQty>גרמים</UnitQty>
      <Quantity>150.00</Quantity>
      <UnitOfMeasure>100 גרם</UnitOfMeasure>
      <bIsWeighted>0</bIsWeighted>
      <QtyInPackage>1</QtyInPackage>
      <ItemPrice>8.10</ItemPrice>
      <UnitOfMeasurePrice>5.4000</UnitOfMeasurePrice>
      <AllowDiscount>1</AllowDiscount>
      <ItemStatus>1</ItemStatus>
      <ItemId>9283</ItemId>
    </Item>
    <Item>
      <PriceUpdateDate>2015-01-01 00:00:00</PriceUpdateDate>
      <ItemCode>7290000075143</ItemCode>
      <ItemType>1</ItemType>
      <ItemName>עוגיות משהו וניל</ItemName>
      <ManufacturerName>אסם</ManufacturerName>
      <ManufactureCountry>ישראל</ManufactureCountry>
      <ManufacturerItemDescription>עוגיות משהו וניל שוקוציפס200 ג</ManufacturerItemDescription>
      <UnitQty>גרמים</UnitQty>
      <Quantity>200.00</Quantity>
      <UnitOfMeasure>100 גרם</UnitOfMeasure>
      <bIsWeighted>0</bIsWeighted>
      <QtyInPackage>1</QtyInPackage>
      <ItemPrice>11.60</ItemPrice>
      <UnitOfMeasurePrice>5.8000</UnitOfMeasurePrice>
      <AllowDiscount>1</AllowDiscount>
      <ItemStatus>1</ItemStatus>
      <ItemId>9304</ItemId>
    </Item>
    <Item>
      <PriceUpdateDate>2015-01-01 00:00:00</PriceUpdateDate>
      <ItemCode>7290000075204</ItemCode>
      <ItemType>1</ItemType>
      <ItemName>לחמית קרקר חיטה מלאה</ItemName>
      <ManufacturerName>אסם</ManufacturerName>
      <ManufactureCountry>ישראל</ManufactureCountry>
      <ManufacturerItemDescription>לחמית קרקר חיטה מלאה 250 גרם</ManufacturerItemDescription>
      <UnitQty>גרמים</UnitQty>
      <Quantity>250.00</Quantity>
      <UnitOfMeasure>100 גרם</UnitOfMeasure>
      <bIsWeighted>0</bIsWeighted>
      <QtyInPackage>1</QtyInPackage>
      <ItemPrice>10.40</ItemPrice>
      <UnitOfMeasurePrice>4.1600</UnitOfMeasurePrice>
      <AllowDiscount>1</AllowDiscount>
      <ItemStatus>1</ItemStatus>
      <ItemId>9305</ItemId>
    </Item>
    <Item>
      <PriceUpdateDate>2015-08-09 08:03:30</PriceUpdateDate>
      <ItemCode>7290000076133</ItemCode>
      <ItemType>1</ItemType>
      <ItemName>בייגלה שמיניות קטנות</ItemName>
      <ManufacturerName>אסם</ManufacturerName>
      <ManufactureCountry>לא ידוע</ManufactureCountry>
      <ManufacturerItemDescription>ביגלה שמיניות קטנות 400 גרם</ManufacturerItemDescription>
      <UnitQty>גרמים</UnitQty>
      <Quantity>400.00</Quantity>
      <UnitOfMeasure>100 גרם</UnitOfMeasure>
      <bIsWeighted>0</bIsWeighted>
      <QtyInPackage>1</QtyInPackage>
      <ItemPrice>11.70</ItemPrice>
      <UnitOfMeasurePrice>2.9250</UnitOfMeasurePrice>
      <AllowDiscount>1</AllowDiscount>
      <ItemStatus>1</ItemStatus>
      <ItemId>9331</ItemId>
    </Item>
    <Item>
      <PriceUpdateDate>2015-10-01 06:17:36</PriceUpdateDate>
      <ItemCode>7622400006753</ItemCode>
      <ItemType>1</ItemType>
      <ItemName>שוקולד קוטדור קקאו</ItemName>
      <ManufacturerName>מונדלייז</ManufacturerName>
      <ManufactureCountry>בלגיה</ManufactureCountry>
      <ManufacturerItemDescription>שוקולד קוטדור 70% קקאו 100 גר</ManufacturerItemDescription>
      <UnitQty>גרמים</UnitQty>
      <Quantity>100.00</Quantity>
      <UnitOfMeasure>100 גרם</UnitOfMeasure>
      <bIsWeighted>0</bIsWeighted>
      <QtyInPackage>1</QtyInPackage>
      <ItemPrice>17.70</ItemPrice>
      <UnitOfMeasurePrice>17.7000</UnitOfMeasurePrice>
      <AllowDiscount>1</AllowDiscount>
      <ItemStatus>1</ItemStatus>
      <ItemId>9338</ItemId>
    </Item>
    <Item>
      <PriceUpdateDate>2015-01-01 00:00:00</PriceUpdateDate>
      <ItemCode>7792860006218</ItemCode>
      <ItemType>1</ItemType>
      <ItemName>סוכריות לקקן בייבי ד</ItemName>
      <ManufacturerName>לרטייר</ManufacturerName>
      <ManufactureCountry>ארגנטינה</ManufactureCountry>
      <ManufacturerItemDescription>סוכריות לקקן בייבי דול 20 גר</ManufacturerItemDescription>
      <UnitQty>Unknown </UnitQty>
      <Quantity>0.00</Quantity>
      <UnitOfMeasure>Unknown </UnitOfMeasure>
      <bIsWeighted>0</bIsWeighted>
      <QtyInPackage>1</QtyInPackage>
      <ItemPrice>2.60</ItemPrice>
      <UnitOfMeasurePrice>0.0000</UnitOfMeasurePrice>
      <AllowDiscount>1</AllowDiscount>
      <ItemStatus>1</ItemStatus>
      <ItemId>9397</ItemId>
    </Item>
    <Item>
      <PriceUpdateDate>2015-01-01 00:00:00</PriceUpdateDate>
      <ItemCode>8000380003761</ItemCode>
      <ItemType>1</ItemType>
      <ItemName>ופל גרנד פטיסרי קוקו</ItemName>
      <ManufacturerName>לואקר</ManufacturerName>
      <ManufactureCountry>לא ידוע</ManufactureCountry>
      <ManufacturerItemDescription>ופל גרנד פטיסרי קוקוס100 גר</ManufacturerItemDescription>
      <UnitQty>גרמים</UnitQty>
      <Quantity>100.00</Quantity>
      <UnitOfMeasure>100 גרם</UnitOfMeasure>
      <bIsWeighted>0</bIsWeighted>
      <QtyInPackage>1</QtyInPackage>
      <ItemPrice>14.20</ItemPrice>
      <UnitOfMeasurePrice>14.2000</UnitOfMeasurePrice>
      <AllowDiscount>1</AllowDiscount>
      <ItemStatus>1</ItemStatus>
      <ItemId>9511</ItemId>
    </Item>
    <Item>
      <PriceUpdateDate>2015-08-02 08:18:19</PriceUpdateDate>
      <ItemCode>8000380004676</ItemCode>
      <ItemType>1</ItemType>
      <ItemName>וופל+קרם וניל לואקר</ItemName>
      <ManufacturerName>לואקר</ManufacturerName>
      <ManufactureCountry>לא ידוע</ManufactureCountry>
      <ManufacturerItemDescription>וופל+קרם וניל לואקר 200 גר             .</ManufacturerItemDescription>
      <UnitQty>גרמים</UnitQty>
      <Quantity>200.00</Quantity>
      <UnitOfMeasure>100 גרם</UnitOfMeasure>
      <bIsWeighted>0</bIsWeighted>
      <QtyInPackage>1</QtyInPackage>
      <ItemPrice>14.60</ItemPrice>
      <UnitOfMeasurePrice>7.3000</UnitOfMeasurePrice>
      <AllowDiscount>1</AllowDiscount>
      <ItemStatus>1</ItemStatus>
      <ItemId>9512</ItemId>
    </Item>
    <Item>
      <PriceUpdateDate>2015-01-01 00:00:00</PriceUpdateDate>
      <ItemCode>8000380004966</ItemCode>
      <ItemType>1</ItemType>
      <ItemName>וופל קואדרטיני קקאו</ItemName>
      <ManufacturerName>לואקר</ManufacturerName>
      <ManufactureCountry>לא ידוע</ManufactureCountry>
      <ManufacturerItemDescription>וופל קואדרטיני קקאו 250 גר             .</ManufacturerItemDescription>
      <UnitQty>גרמים</UnitQty>
      <Quantity>250.00</Quantity>
      <UnitOfMeasure>100 גרם</UnitOfMeasure>
      <bIsWeighted>0</bIsWeighted>
      <QtyInPackage>1</QtyInPackage>
      <ItemPrice>14.90</ItemPrice>
      <UnitOfMeasurePrice>5.9600</UnitOfMeasurePrice>
      <AllowDiscount>1</AllowDiscount>
      <ItemStatus>1</ItemStatus>
      <ItemId>9514</ItemId>
    </Item>
    <Item>
      <PriceUpdateDate>2015-08-02 08:18:19</PriceUpdateDate>
      <ItemCode>8000380007219</ItemCode>
      <ItemType>1</ItemType>
      <ItemName>וופל לואקר אגוז 175</ItemName>
      <ManufacturerName>לואקר</ManufacturerName>
      <ManufactureCountry>לא ידוע</ManufactureCountry>
      <ManufacturerItemDescription>וופל לואקר אגוז 175 גר                 .</ManufacturerItemDescription>
      <UnitQty>גרמים</UnitQty>
      <Quantity>175.00</Quantity>
      <UnitOfMeasure>100 גרם</UnitOfMeasure>
      <bIsWeighted>0</bIsWeighted>
      <QtyInPackage>1</QtyInPackage>
      <ItemPrice>12.40</ItemPrice>
      <UnitOfMeasurePrice>7.0857</UnitOfMeasurePrice>
      <AllowDiscount>1</AllowDiscount>
      <ItemStatus>1</ItemStatus>
      <ItemId>9515</ItemId>
    </Item>
    <Item>
      <PriceUpdateDate>2015-08-02 08:18:19</PriceUpdateDate>
      <ItemCode>8000380007257</ItemCode>
      <ItemType>1</ItemType>
      <ItemName>וופל+שוקולד גרדנה</ItemName>
      <ManufacturerName>לואקר</ManufacturerName>
      <ManufactureCountry>לא ידוע</ManufactureCountry>
      <ManufacturerItemDescription>וופל מצופה שוקולד גרדנה200 גר          .</ManufacturerItemDescription>
      <UnitQty>גרמים</UnitQty>
      <Quantity>200.00</Quantity>
      <UnitOfMeasure>100 גרם</UnitOfMeasure>
      <bIsWeighted>0</bIsWeighted>
      <QtyInPackage>1</QtyInPackage>
      <ItemPrice>16.30</ItemPrice>
      <UnitOfMeasurePrice>8.1500</UnitOfMeasurePrice>
      <AllowDiscount>1</AllowDiscount>
      <ItemStatus>1</ItemStatus>
      <ItemId>9516</ItemId>
    </Item>
    <Item>
      <PriceUpdateDate>2015-10-01 06:15:17</PriceUpdateDate>
      <ItemCode>8002910004798</ItemCode>
      <ItemType>1</ItemType>
      <ItemName>פיניש מפיג ריח למדיח</ItemName>
      <ManufacturerName>פיניש</ManufacturerName>
      <ManufactureCountry>לא ידוע</ManufactureCountry>
      <ManufacturerItemDescription>פיניש מפיג ריחות סטרופרש למדיח</ManufacturerItemDescription>
      <UnitQty>Unknown </UnitQty>
      <Quantity>0.00</Quantity>
      <UnitOfMeasure>Unknown </UnitOfMeasure>
      <bIsWeighted>0</bIsWeighted>
      <QtyInPackage>1</QtyInPackage>
      <ItemPrice>19.70</ItemPrice>
      <UnitOfMeasurePrice>0.0000</UnitOfMeasurePrice>
      <AllowDiscount>1</AllowDiscount>
      <ItemStatus>1</ItemStatus>
      <ItemId>9624</ItemId>
    </Item>
    <Item>
      <PriceUpdateDate>2015-08-27 07:32:31</PriceUpdateDate>
      <ItemCode>8004030044005</ItemCode>
      <ItemType>1</ItemType>
      <ItemName>טונה בשמן זית</ItemName>
      <ManufacturerName>BOLTON ALIMENTARI SP</ManufacturerName>
      <ManufactureCountry>איטליה</ManufactureCountry>
      <ManufacturerItemDescription>טונה בשמן זית 160 ריומרה160 ג</ManufacturerItemDescription>
      <UnitQty>גרמים</UnitQty>
      <Quantity>160.00</Quantity>
      <UnitOfMeasure>100 גרם</UnitOfMeasure>
      <bIsWeighted>0</bIsWeighted>
      <QtyInPackage>1</QtyInPackage>
      <ItemPrice>18.50</ItemPrice>
      <UnitOfMeasurePrice>11.5625</UnitOfMeasurePrice>
      <AllowDiscount>1</AllowDiscount>
      <ItemStatus>1</ItemStatus>
      <ItemId>9652</ItemId>
    </Item>
    <Item>
      <PriceUpdateDate>2015-08-27 07:32:31</PriceUpdateDate>
      <ItemCode>8004030081024</ItemCode>
      <ItemType>1</ItemType>
      <ItemName>טונה בשמן עם שום</ItemName>
      <ManufacturerName>BOLTON ALIMENTARI SP</ManufacturerName>
      <ManufactureCountry>איטליה</ManufactureCountry>
      <ManufacturerItemDescription>טונה בשמן זית+שום ופלפל ריומרה</ManufacturerItemDescription>
      <UnitQty>גרמים</UnitQty>
      <Quantity>160.00</Quantity>
      <UnitOfMeasure>100 גרם</UnitOfMeasure>
      <bIsWeighted>0</bIsWeighted>
      <QtyInPackage>1</QtyInPackage>
      <ItemPrice>18.50</ItemPrice>
      <UnitOfMeasurePrice>11.5625</UnitOfMeasurePrice>
      <AllowDiscount>1</AllowDiscount>
      <ItemStatus>1</ItemStatus>
      <ItemId>9654</ItemId>
    </Item>
    <Item>
      <PriceUpdateDate>2015-08-02 08:18:32</PriceUpdateDate>
      <ItemCode>80052760</ItemCode>
      <ItemType>1</ItemType>
      <ItemName>חטיף קינדר בואנו</ItemName>
      <ManufacturerName>פררו</ManufacturerName>
      <ManufactureCountry>איטליה</ManufactureCountry>
      <ManufacturerItemDescription>חטיף וופל קינדר בואנו</ManufacturerItemDescription>
      <UnitQty>גרמים</UnitQty>
      <Quantity>43.00</Quantity>
      <UnitOfMeasure>100 גרם</UnitOfMeasure>
      <bIsWeighted>0</bIsWeighted>
      <QtyInPackage>1</QtyInPackage>
      <ItemPrice>5.90</ItemPrice>
      <UnitOfMeasurePrice>13.7209</UnitOfMeasurePrice>
      <AllowDiscount>1</AllowDiscount>
      <ItemStatus>1</ItemStatus>
      <ItemId>9705</ItemId>
    </Item>
    <Item>
      <PriceUpdateDate>2015-11-02 13:27:55</PriceUpdateDate>
      <ItemCode>8007178120310</ItemCode>
      <ItemType>1</ItemType>
      <ItemName>חומץ בלסמי גקובזי</ItemName>
      <ManufacturerName>גקובזי</ManufacturerName>
      <ManufactureCountry>איטליה</ManufactureCountry>
      <ManufacturerItemDescription>חומץ בלסמי ג"קובזי 500 מל              "</ManufacturerItemDescription>
      <UnitQty>מיליליטרים</UnitQty>
      <Quantity>500.00</Quantity>
      <UnitOfMeasure>100 מ"ל</UnitOfMeasure>
      <bIsWeighted>0</bIsWeighted>
      <QtyInPackage>1</QtyInPackage>
      <ItemPrice>21.30</ItemPrice>
      <UnitOfMeasurePrice>4.2600</UnitOfMeasurePrice>
      <AllowDiscount>1</AllowDiscount>
      <ItemStatus>1</ItemStatus>
      <ItemId>9708</ItemId>
    </Item>
    <Item>
      <PriceUpdateDate>2015-01-01 00:00:00</PriceUpdateDate>
      <ItemCode>80177609</ItemCode>
      <ItemType>1</ItemType>
      <ItemName>שוקולד חלב ממולא קינ</ItemName>
      <ManufacturerName>פררו</ManufacturerName>
      <ManufactureCountry>איטליה</ManufactureCountry>
      <ManufacturerItemDescription>שוקולד חלב ממולא קינדר50 ג             .</ManufacturerItemDescription>
      <UnitQty>גרמים</UnitQty>
      <Quantity>50.00</Quantity>
      <UnitOfMeasure>100 גרם</UnitOfMeasure>
      <bIsWeighted>0</bIsWeighted>
      <QtyInPackage>1</QtyInPackage>
      <ItemPrice>5.30</ItemPrice>
      <UnitOfMeasurePrice>10.6000</UnitOfMeasurePrice>
      <AllowDiscount>1</AllowDiscount>
      <ItemStatus>1</ItemStatus>
      <ItemId>9769</ItemId>
    </Item>
    <Item>
      <PriceUpdateDate>2015-01-01 00:00:00</PriceUpdateDate>
      <ItemCode>80177616</ItemCode>
      <ItemType>1</ItemType>
      <ItemName>שוקולד חלב ממולא קינ</ItemName>
      <ManufacturerName>פררו</ManufacturerName>
      <ManufactureCountry>איטליה</ManufactureCountry>
      <ManufacturerItemDescription>שוקולד חלב ממולא קינדר 100 גר          "</ManufacturerItemDescription>
      <UnitQty>גרמים</UnitQty>
      <Quantity>100.00</Quantity>
      <UnitOfMeasure>100 גרם</UnitOfMeasure>
      <bIsWeighted>0</bIsWeighted>
      <QtyInPackage>1</QtyInPackage>
      <ItemPrice>9.60</ItemPrice>
      <UnitOfMeasurePrice>9.6000</UnitOfMeasurePrice>
      <AllowDiscount>1</AllowDiscount>
      <ItemStatus>1</ItemStatus>
      <ItemId>9770</ItemId>
    </Item>
    <Item>
      <PriceUpdateDate>2016-07-20 07:59:39</PriceUpdateDate>
      <ItemCode>7290008021098</ItemCode>
      <ItemType>1</ItemType>
      <ItemName>פינוק שמפו לקשקשים</ItemName>
      <ManufacturerName>יוניליוור</ManufacturerName>
      <ManufactureCountry>ישראל</ManufactureCountry>
      <ManufacturerItemDescription>פינוק שמפו לטיפול בקשקשים700 מ</ManufacturerItemDescription>
      <UnitQty>מיליליטרים</UnitQty>
      <Quantity>700.00</Quantity>
      <UnitOfMeasure>100 מ"ל</UnitOfMeasure>
      <bIsWeighted>0</bIsWeighted>
      <QtyInPackage>1</QtyInPackage>
      <ItemPrice>15.90</ItemPrice>
      <UnitOfMeasurePrice>2.2714</UnitOfMeasurePrice>
      <AllowDiscount>1</AllowDiscount>
      <ItemStatus>1</ItemStatus>
      <ItemId>9784</ItemId>
    </Item>
    <Item>
      <PriceUpdateDate>2015-06-19 07:58:11</PriceUpdateDate>
      <ItemCode>80273561</ItemCode>
      <ItemType>1</ItemType>
      <ItemName>פלפל שחור במטחנה</ItemName>
      <ManufacturerName>DROGHERIA E ALIMENTA</ManufacturerName>
      <ManufactureCountry>איטליה</ManufactureCountry>
      <ManufacturerItemDescription>פלפל שחור במטחנה 45 גר                 "</ManufacturerItemDescription>
      <UnitQty>גרמים</UnitQty>
      <Quantity>45.00</Quantity>
      <UnitOfMeasure>100 גרם</UnitOfMeasure>
      <bIsWeighted>0</bIsWeighted>
      <QtyInPackage>1</QtyInPackage>
      <ItemPrice>14.90</ItemPrice>
      <UnitOfMeasurePrice>33.1111</UnitOfMeasurePrice>
      <AllowDiscount>1</AllowDiscount>
      <ItemStatus>1</ItemStatus>
      <ItemId>9808</ItemId>
    </Item>
    <Item>
      <PriceUpdateDate>2015-06-19 07:58:11</PriceUpdateDate>
      <ItemCode>80273592</ItemCode>
      <ItemType>1</ItemType>
      <ItemName>פלפל 4 העונות במטחנה</ItemName>
      <ManufacturerName>DROGHERIA E ALIMENTA</ManufacturerName>
      <ManufactureCountry>איטליה</ManufactureCountry>
      <ManufacturerItemDescription>פלפל 4 העונות במטחנה 35 גר             "</ManufacturerItemDescription>
      <UnitQty>גרמים</UnitQty>
      <Quantity>35.00</Quantity>
      <UnitOfMeasure>100 גרם</UnitOfMeasure>
      <bIsWeighted>0</bIsWeighted>
      <QtyInPackage>1</QtyInPackage>
      <ItemPrice>14.90</ItemPrice>
      <UnitOfMeasurePrice>42.5714</UnitOfMeasurePrice>
      <AllowDiscount>1</AllowDiscount>
      <ItemStatus>1</ItemStatus>
      <ItemId>9810</ItemId>
    </Item>
    <Item>
      <PriceUpdateDate>2015-06-19 07:58:11</PriceUpdateDate>
      <ItemCode>80273639</ItemCode>
      <ItemType>1</ItemType>
      <ItemName>מלח ים במטחנה</ItemName>
      <ManufacturerName>DROGHERIA E ALIMENTA</ManufacturerName>
      <ManufactureCountry>איטליה</ManufactureCountry>
      <ManufacturerItemDescription>מלח ים במטחנה 90 גר                    "</ManufacturerItemDescription>
      <UnitQty>גרמים</UnitQty>
      <Quantity>90.00</Quantity>
      <UnitOfMeasure>100 גרם</UnitOfMeasure>
      <bIsWeighted>0</bIsWeighted>
      <QtyInPackage>1</QtyInPackage>
      <ItemPrice>14.90</ItemPrice>
      <UnitOfMeasurePrice>16.5556</UnitOfMeasurePrice>
      <AllowDiscount>1</AllowDiscount>
      <ItemStatus>1</ItemStatus>
      <ItemId>9812</ItemId>
    </Item>
    <Item>
      <PriceUpdateDate>2015-06-19 08:01:22</PriceUpdateDate>
      <ItemCode>80273660</ItemCode>
      <ItemType>1</ItemType>
      <ItemName>שום במטחנה</ItemName>
      <ManufacturerName>DROGHERIA E ALIMENTA</ManufacturerName>
      <ManufactureCountry>איטליה</ManufactureCountry>
      <ManufacturerItemDescription>שום במטחנה 50 גר                       "</ManufacturerItemDescription>
      <UnitQty>גרמים</UnitQty>
      <Quantity>50.00</Quantity>
      <UnitOfMeasure>100 גרם</UnitOfMeasure>
      <bIsWeighted>0</bIsWeighted>
      <QtyInPackage>1</QtyInPackage>
      <ItemPrice>14.90</ItemPrice>
      <UnitOfMeasurePrice>29.8000</UnitOfMeasurePrice>
      <AllowDiscount>1</AllowDiscount>
      <ItemStatus>1</ItemStatus>
      <ItemId>9815</ItemId>
    </Item>
    <Item>
      <PriceUpdateDate>2015-06-19 08:01:22</PriceUpdateDate>
      <ItemCode>80273677</ItemCode>
      <ItemType>1</ItemType>
      <ItemName>צילי במטחנה</ItemName>
      <ManufacturerName>DROGHERIA E ALIMENTA</ManufacturerName>
      <ManufactureCountry>איטליה</ManufactureCountry>
      <ManufacturerItemDescription>צ"ילי במטחנה 20 גר                     "</ManufacturerItemDescription>
      <UnitQty>גרמים</UnitQty>
      <Quantity>20.00</Quantity>
      <UnitOfMeasure>100 גרם</UnitOfMeasure>
      <bIsWeighted>0</bIsWeighted>
      <QtyInPackage>1</QtyInPackage>
      <ItemPrice>14.90</ItemPrice>
      <UnitOfMeasurePrice>74.5000</UnitOfMeasurePrice>
      <AllowDiscount>1</AllowDiscount>
      <ItemStatus>1</ItemStatus>
      <ItemId>9816</ItemId>
    </Item>
    <Item>
      <PriceUpdateDate>2015-01-01 00:00:00</PriceUpdateDate>
      <ItemCode>80518532743</ItemCode>
      <ItemType>1</ItemType>
      <ItemName>שקית בלון 50 בלונים</ItemName>
      <ManufacturerName>NORTHERN</ManufacturerName>
      <ManufactureCountry>לא ידוע</ManufactureCountry>
      <ManufacturerItemDescription>שקית בלון 50 בלונים</ManufacturerItemDescription>
      <UnitQty>Unknown </UnitQty>
      <Quantity>0.00</Quantity>
      <UnitOfMeasure>Unknown </UnitOfMeasure>
      <bIsWeighted>0</bIsWeighted>
      <QtyInPackage>1</QtyInPackage>
      <ItemPrice>15.90</ItemPrice>
      <UnitOfMeasurePrice>0.0000</UnitOfMeasurePrice>
      <AllowDiscount>1</AllowDiscount>
      <ItemStatus>1</ItemStatus>
      <ItemId>9830</ItemId>
    </Item>
    <Item>
      <PriceUpdateDate>2015-10-01 06:17:27</PriceUpdateDate>
      <ItemCode>7290000805900</ItemCode>
      <ItemType>1</ItemType>
      <ItemName>מזון לחתול להקט עוף</ItemName>
      <ManufacturerName>ביופט בע"מ</ManufacturerName>
      <ManufactureCountry>לא ידוע</ManufactureCountry>
      <ManufacturerItemDescription>מ.חתולים להקט עוף2.85 קג               .</ManufacturerItemDescription>
      <UnitQty>קילוגרמים</UnitQty>
      <Quantity>2.85</Quantity>
      <UnitOfMeasure>ק"ג</UnitOfMeasure>
      <bIsWeighted>0</bIsWeighted>
      <QtyInPackage>1</QtyInPackage>
      <ItemPrice>61.30</ItemPrice>
      <UnitOfMeasurePrice>21.5088</UnitOfMeasurePrice>
      <AllowDiscount>1</AllowDiscount>
      <ItemStatus>1</ItemStatus>
      <ItemId>9849</ItemId>
    </Item>
    <Item>
      <PriceUpdateDate>2015-08-02 08:17:31</PriceUpdateDate>
      <ItemCode>7290000805917</ItemCode>
      <ItemType>1</ItemType>
      <ItemName>מ.חתולים להקט כבד 2.</ItemName>
      <ManufacturerName>ביופט בע"מ</ManufacturerName>
      <ManufactureCountry>לא ידוע</ManufactureCountry>
      <ManufacturerItemDescription>מ.חתולים להקט כבד2.85 קג               .</ManufacturerItemDescription>
      <UnitQty>קילוגרמים</UnitQty>
      <Quantity>2.85</Quantity>
      <UnitOfMeasure>ק"ג</UnitOfMeasure>
      <bIsWeighted>0</bIsWeighted>
      <QtyInPackage>1</QtyInPackage>
      <ItemPrice>61.90</ItemPrice>
      <UnitOfMeasurePrice>21.7193</UnitOfMeasurePrice>
      <AllowDiscount>1</AllowDiscount>
      <ItemStatus>1</ItemStatus>
      <ItemId>9850</ItemId>
    </Item>
    <Item>
      <PriceUpdateDate>2015-08-02 08:17:31</PriceUpdateDate>
      <ItemCode>7290000805924</ItemCode>
      <ItemType>1</ItemType>
      <ItemName>מזון לחתול להקט דגים</ItemName>
      <ManufacturerName>ביופט בע"מ</ManufacturerName>
      <ManufactureCountry>לא ידוע</ManufactureCountry>
      <ManufacturerItemDescription>מ.חתולים להקט דגים2.85 קג              .</ManufacturerItemDescription>
      <UnitQty>קילוגרמים</UnitQty>
      <Quantity>2.85</Quantity>
      <UnitOfMeasure>ק"ג</UnitOfMeasure>
      <bIsWeighted>0</bIsWeighted>
      <QtyInPackage>1</QtyInPackage>
      <ItemPrice>61.90</ItemPrice>
      <UnitOfMeasurePrice>21.7193</UnitOfMeasurePrice>
      <AllowDiscount>1</AllowDiscount>
      <ItemStatus>1</ItemStatus>
      <ItemId>9851</ItemId>
    </Item>
    <Item>
      <PriceUpdateDate>2015-10-01 06:15:17</PriceUpdateDate>
      <ItemCode>80650874</ItemCode>
      <ItemType>1</ItemType>
      <ItemName>תיבול גורמה שום</ItemName>
      <ManufacturerName>דרוגריה ואלימנטרי אס</ManufacturerName>
      <ManufactureCountry>איטליה</ManufactureCountry>
      <ManufacturerItemDescription>תיבול גורמה שום ופטרוזיליה</ManufacturerItemDescription>
      <UnitQty>מיליליטרים</UnitQty>
      <Quantity>80.00</Quantity>
      <UnitOfMeasure>100 מ"ל</UnitOfMeasure>
      <bIsWeighted>0</bIsWeighted>
      <QtyInPackage>1</QtyInPackage>
      <ItemPrice>14.80</ItemPrice>
      <UnitOfMeasurePrice>18.5000</UnitOfMeasurePrice>
      <AllowDiscount>1</AllowDiscount>
      <ItemStatus>1</ItemStatus>
      <ItemId>9860</ItemId>
    </Item>
    <Item>
      <PriceUpdateDate>2015-10-01 06:15:17</PriceUpdateDate>
      <ItemCode>80650881</ItemCode>
      <ItemType>1</ItemType>
      <ItemName>תיבול גורמה בזיליקום</ItemName>
      <ManufacturerName>דרוגריה ואלימנטרי אס</ManufacturerName>
      <ManufactureCountry>איטליה</ManufactureCountry>
      <ManufacturerItemDescription>תיבול גורמה בזיליקום ים תיכוני</ManufacturerItemDescription>
      <UnitQty>מיליליטרים</UnitQty>
      <Quantity>80.00</Quantity>
      <UnitOfMeasure>100 מ"ל</UnitOfMeasure>
      <bIsWeighted>0</bIsWeighted>
      <QtyInPackage>1</QtyInPackage>
      <ItemPrice>14.80</ItemPrice>
      <UnitOfMeasurePrice>18.5000</UnitOfMeasurePrice>
      <AllowDiscount>1</AllowDiscount>
      <ItemStatus>1</ItemStatus>
      <ItemId>9861</ItemId>
    </Item>
    <Item>
      <PriceUpdateDate>2015-06-19 08:01:22</PriceUpdateDate>
      <ItemCode>80651000</ItemCode>
      <ItemType>1</ItemType>
      <ItemName>שום וצילי במטחנה</ItemName>
      <ManufacturerName>DROGHERIA E ALIMENTA</ManufacturerName>
      <ManufactureCountry>איטליה</ManufactureCountry>
      <ManufacturerItemDescription>שום וצ"ילי במטחנה 30 גר                "</ManufacturerItemDescription>
      <UnitQty>גרמים</UnitQty>
      <Quantity>30.00</Quantity>
      <UnitOfMeasure>100 גרם</UnitOfMeasure>
      <bIsWeighted>0</bIsWeighted>
      <QtyInPackage>1</QtyInPackage>
      <ItemPrice>14.90</ItemPrice>
      <UnitOfMeasurePrice>49.6667</UnitOfMeasurePrice>
      <AllowDiscount>1</AllowDiscount>
      <ItemStatus>1</ItemStatus>
      <ItemId>9865</ItemId>
    </Item>
    <Item>
      <PriceUpdateDate>2016-02-05 07:25:35</PriceUpdateDate>
      <ItemCode>8076800195057</ItemCode>
      <ItemType>1</ItemType>
      <ItemName>ספגטיני ברילה     5</ItemName>
      <ManufacturerName>BARILLA G.E.R.</ManufacturerName>
      <ManufactureCountry>איטליה</ManufactureCountry>
      <ManufacturerItemDescription>פסטה ברילה ספגטיני מס                 .5</ManufacturerItemDescription>
      <UnitQty>גרמים</UnitQty>
      <Quantity>500.00</Quantity>
      <UnitOfMeasure>100 גרם</UnitOfMeasure>
      <bIsWeighted>0</bIsWeighted>
      <QtyInPackage>1</QtyInPackage>
      <ItemPrice>8.90</ItemPrice>
      <UnitOfMeasurePrice>1.7800</UnitOfMeasurePrice>
      <AllowDiscount>1</AllowDiscount>
      <ItemStatus>1</ItemStatus>
      <ItemId>9875</ItemId>
    </Item>
    <Item>
      <PriceUpdateDate>2016-02-05 07:25:35</PriceUpdateDate>
      <ItemCode>8076802085837</ItemCode>
      <ItemType>1</ItemType>
      <ItemName>פסטה ברילה טורטיליונ</ItemName>
      <ManufacturerName>BARILLA G.E.R.</ManufacturerName>
      <ManufactureCountry>איטליה</ManufactureCountry>
      <ManufacturerItemDescription>פסטה ברילה טורטיליוני מס             .83</ManufacturerItemDescription>
      <UnitQty>גרמים</UnitQty>
      <Quantity>500.00</Quantity>
      <UnitOfMeasure>100 גרם</UnitOfMeasure>
      <bIsWeighted>0</bIsWeighted>
      <QtyInPackage>1</QtyInPackage>
      <ItemPrice>8.90</ItemPrice>
      <UnitOfMeasurePrice>1.7800</UnitOfMeasurePrice>
      <AllowDiscount>1</AllowDiscount>
      <ItemStatus>1</ItemStatus>
      <ItemId>9882</ItemId>
    </Item>
    <Item>
      <PriceUpdateDate>2016-02-05 07:25:35</PriceUpdateDate>
      <ItemCode>8076802085981</ItemCode>
      <ItemType>1</ItemType>
      <ItemName>פסטה ברילה פוזילי98</ItemName>
      <ManufacturerName>BARILLA G.E.R.</ManufacturerName>
      <ManufactureCountry>איטליה</ManufactureCountry>
      <ManufacturerItemDescription>פסטה ברילה פוזילי מס                 .98</ManufacturerItemDescription>
      <UnitQty>גרמים</UnitQty>
      <Quantity>500.00</Quantity>
      <UnitOfMeasure>100 גרם</UnitOfMeasure>
      <bIsWeighted>0</bIsWeighted>
      <QtyInPackage>1</QtyInPackage>
      <ItemPrice>8.90</ItemPrice>
      <UnitOfMeasurePrice>1.7800</UnitOfMeasurePrice>
      <AllowDiscount>1</AllowDiscount>
      <ItemStatus>1</ItemStatus>
      <ItemId>9885</ItemId>
    </Item>
    <Item>
      <PriceUpdateDate>2015-10-01 06:15:01</PriceUpdateDate>
      <ItemCode>8076808070882</ItemCode>
      <ItemType>1</ItemType>
      <ItemName>פסטה ברילה קנלוני88</ItemName>
      <ManufacturerName>BARILLA G.E.R.</ManufacturerName>
      <ManufactureCountry>איטליה</ManufactureCountry>
      <ManufacturerItemDescription>פסטה ברילה קנלוני מס250 88 גר</ManufacturerItemDescription>
      <UnitQty>גרמים</UnitQty>
      <Quantity>250.00</Quantity>
      <UnitOfMeasure>100 גרם</UnitOfMeasure>
      <bIsWeighted>0</bIsWeighted>
      <QtyInPackage>1</QtyInPackage>
      <ItemPrice>12.30</ItemPrice>
      <UnitOfMeasurePrice>4.9200</UnitOfMeasurePrice>
      <AllowDiscount>1</AllowDiscount>
      <ItemStatus>1</ItemStatus>
      <ItemId>9889</ItemId>
    </Item>
    <Item>
      <PriceUpdateDate>2015-10-01 06:15:01</PriceUpdateDate>
      <ItemCode>8076809513388</ItemCode>
      <ItemType>1</ItemType>
      <ItemName>רוטב פסטה ארביאטה</ItemName>
      <ManufacturerName>BARILLA G.E.R.</ManufacturerName>
      <ManufactureCountry>איטליה</ManufactureCountry>
      <ManufacturerItemDescription>רוטב פסטה ברילה ארביאטה 400 ג</ManufacturerItemDescription>
      <UnitQty>גרמים</UnitQty>
      <Quantity>400.00</Quantity>
      <UnitOfMeasure>100 גרם</UnitOfMeasure>
      <bIsWeighted>0</bIsWeighted>
      <QtyInPackage>1</QtyInPackage>
      <ItemPrice>15.80</ItemPrice>
      <UnitOfMeasurePrice>3.9500</UnitOfMeasurePrice>
      <AllowDiscount>1</AllowDiscount>
      <ItemStatus>1</ItemStatus>
      <ItemId>9894</ItemId>
    </Item>
    <Item>
      <PriceUpdateDate>2015-10-01 06:15:01</PriceUpdateDate>
      <ItemCode>8076809513395</ItemCode>
      <ItemType>1</ItemType>
      <ItemName>רוטב פסטה פומוודורו</ItemName>
      <ManufacturerName>BARILLA G.E.R.</ManufacturerName>
      <ManufactureCountry>איטליה</ManufactureCountry>
      <ManufacturerItemDescription>רוטב פסטה ברילה פומודורו400 גר</ManufacturerItemDescription>
      <UnitQty>גרמים</UnitQty>
      <Quantity>400.00</Quantity>
      <UnitOfMeasure>100 גרם</UnitOfMeasure>
      <bIsWeighted>0</bIsWeighted>
      <QtyInPackage>1</QtyInPackage>
      <ItemPrice>15.80</ItemPrice>
      <UnitOfMeasurePrice>3.9500</UnitOfMeasurePrice>
      <AllowDiscount>1</AllowDiscount>
      <ItemStatus>1</ItemStatus>
      <ItemId>9895</ItemId>
    </Item>
    <Item>
      <PriceUpdateDate>2015-10-01 06:15:01</PriceUpdateDate>
      <ItemCode>8076809513692</ItemCode>
      <ItemType>1</ItemType>
      <ItemName>רוטב פסטה נפולטנה</ItemName>
      <ManufacturerName>BARILLA G.E.R.</ManufacturerName>
      <ManufactureCountry>איטליה</ManufactureCountry>
      <ManufacturerItemDescription>רוטב פסטה ברילה נפולטנה 400גר</ManufacturerItemDescription>
      <UnitQty>גרמים</UnitQty>
      <Quantity>400.00</Quantity>
      <UnitOfMeasure>100 גרם</UnitOfMeasure>
      <bIsWeighted>0</bIsWeighted>
      <QtyInPackage>1</QtyInPackage>
      <ItemPrice>15.80</ItemPrice>
      <UnitOfMeasurePrice>3.9500</UnitOfMeasurePrice>
      <AllowDiscount>1</AllowDiscount>
      <ItemStatus>1</ItemStatus>
      <ItemId>9896</ItemId>
    </Item>
    <Item>
      <PriceUpdateDate>2015-10-01 06:14:24</PriceUpdateDate>
      <ItemCode>7290008333115</ItemCode>
      <ItemType>1</ItemType>
      <ItemName>אבקת גלטין טהור</ItemName>
      <ManufacturerName>גליקפיוניר</ManufacturerName>
      <ManufactureCountry>טיוואן</ManufactureCountry>
      <ManufacturerItemDescription>גלטין טהור 28 גר                      .</ManufacturerItemDescription>
      <UnitQty>גרמים</UnitQty>
      <Quantity>28.00</Quantity>
      <UnitOfMeasure>100 גרם</UnitOfMeasure>
      <bIsWeighted>0</bIsWeighted>
      <QtyInPackage>1</QtyInPackage>
      <ItemPrice>9.90</ItemPrice>
      <UnitOfMeasurePrice>35.3571</UnitOfMeasurePrice>
      <AllowDiscount>1</AllowDiscount>
      <ItemStatus>1</ItemStatus>
      <ItemId>10138</ItemId>
    </Item>
    <Item>
      <PriceUpdateDate>2015-10-02 09:08:55</PriceUpdateDate>
      <ItemCode>7290008335560</ItemCode>
      <ItemType>1</ItemType>
      <ItemName>סיגרים במילוי בשר</ItemName>
      <ManufacturerName>שלושת האופים</ManufacturerName>
      <ManufactureCountry>ישראל</ManufactureCountry>
      <ManufacturerItemDescription>סיגרים במילוי בשר 600 גרם</ManufacturerItemDescription>
      <UnitQty>גרמים</UnitQty>
      <Quantity>600.00</Quantity>
      <UnitOfMeasure>100 גרם</UnitOfMeasure>
      <bIsWeighted>0</bIsWeighted>
      <QtyInPackage>1</QtyInPackage>
      <ItemPrice>15.90</ItemPrice>
      <UnitOfMeasurePrice>2.6500</UnitOfMeasurePrice>
      <AllowDiscount>1</AllowDiscount>
      <ItemStatus>1</ItemStatus>
      <ItemId>10153</ItemId>
    </Item>
    <Item>
      <PriceUpdateDate>2016-06-07 08:18:49</PriceUpdateDate>
      <ItemCode>7290008335577</ItemCode>
      <ItemType>1</ItemType>
      <ItemName>פסטלים תפוא 600 גרם</ItemName>
      <ManufacturerName>שלושת האופים</ManufacturerName>
      <ManufactureCountry>לא ידוע</ManufactureCountry>
      <ManufacturerItemDescription>פסטלים תפו"א 600 גרם</ManufacturerItemDescription>
      <UnitQty>גרמים</UnitQty>
      <Quantity>600.00</Quantity>
      <UnitOfMeasure>100 גרם</UnitOfMeasure>
      <bIsWeighted>0</bIsWeighted>
      <QtyInPackage>1</QtyInPackage>
      <ItemPrice>17.70</ItemPrice>
      <UnitOfMeasurePrice>2.9500</UnitOfMeasurePrice>
      <AllowDiscount>1</AllowDiscount>
      <ItemStatus>1</ItemStatus>
      <ItemId>10154</ItemId>
    </Item>
    <Item>
      <PriceUpdateDate>2015-06-08 13:31:53</PriceUpdateDate>
      <ItemCode>7290008344272</ItemCode>
      <ItemType>1</ItemType>
      <ItemName>המבורגר        100%</ItemName>
      <ManufacturerName>נטו מלינדה - בשר</ManufacturerName>
      <ManufactureCountry>ישראל</ManufactureCountry>
      <ManufacturerItemDescription>המבורגר 400 100% גרם</ManufacturerItemDescription>
      <UnitQty>גרמים</UnitQty>
      <Quantity>400.00</Quantity>
      <UnitOfMeasure>100 גרם</UnitOfMeasure>
      <bIsWeighted>0</bIsWeighted>
      <QtyInPackage>1</QtyInPackage>
      <ItemPrice>17.90</ItemPrice>
      <UnitOfMeasurePrice>4.4750</UnitOfMeasurePrice>
      <AllowDiscount>1</AllowDiscount>
      <ItemStatus>1</ItemStatus>
      <ItemId>10168</ItemId>
    </Item>
    <Item>
      <PriceUpdateDate>2015-10-01 06:14:24</PriceUpdateDate>
      <ItemCode>7290008345132</ItemCode>
      <ItemType>1</ItemType>
      <ItemName>הרינג כבוש 240 גרם</ItemName>
      <ManufacturerName>דגי התקווה אשדוד</ManufacturerName>
      <ManufactureCountry>ישראל</ManufactureCountry>
      <ManufacturerItemDescription>הרינג כבוש 240 גרם</ManufacturerItemDescription>
      <UnitQty>גרמים</UnitQty>
      <Quantity>240.00</Quantity>
      <UnitOfMeasure>100 גרם</UnitOfMeasure>
      <bIsWeighted>0</bIsWeighted>
      <QtyInPackage>1</QtyInPackage>
      <ItemPrice>21.70</ItemPrice>
      <UnitOfMeasurePrice>9.0417</UnitOfMeasurePrice>
      <AllowDiscount>1</AllowDiscount>
      <ItemStatus>1</ItemStatus>
      <ItemId>10173</ItemId>
    </Item>
    <Item>
      <PriceUpdateDate>2015-10-01 06:19:29</PriceUpdateDate>
      <ItemCode>7290008409544</ItemCode>
      <ItemType>1</ItemType>
      <ItemName>שניצל עוף אמיתי</ItemName>
      <ManufacturerName>תנובה</ManufacturerName>
      <ManufactureCountry>ישראל</ManufactureCountry>
      <ManufacturerItemDescription>שניצל עוף אמיתי 700 גרם</ManufacturerItemDescription>
      <UnitQty>גרמים</UnitQty>
      <Quantity>700.00</Quantity>
      <UnitOfMeasure>100 גרם</UnitOfMeasure>
      <bIsWeighted>0</bIsWeighted>
      <QtyInPackage>1</QtyInPackage>
      <ItemPrice>47.50</ItemPrice>
      <UnitOfMeasurePrice>6.7857</UnitOfMeasurePrice>
      <AllowDiscount>1</AllowDiscount>
      <ItemStatus>1</ItemStatus>
      <ItemId>10198</ItemId>
    </Item>
    <Item>
      <PriceUpdateDate>2015-10-01 06:19:29</PriceUpdateDate>
      <ItemCode>7290008409582</ItemCode>
      <ItemType>1</ItemType>
      <ItemName>שניצל אמיתי ביתי</ItemName>
      <ManufacturerName>תנובה</ManufacturerName>
      <ManufactureCountry>ישראל</ManufactureCountry>
      <ManufacturerItemDescription>שניצל אמיתי ביתי 700 גרם</ManufacturerItemDescription>
      <UnitQty>גרמים</UnitQty>
      <Quantity>700.00</Quantity>
      <UnitOfMeasure>100 גרם</UnitOfMeasure>
      <bIsWeighted>0</bIsWeighted>
      <QtyInPackage>1</QtyInPackage>
      <ItemPrice>47.50</ItemPrice>
      <UnitOfMeasurePrice>6.7857</UnitOfMeasurePrice>
      <AllowDiscount>1</AllowDiscount>
      <ItemStatus>1</ItemStatus>
      <ItemId>10202</ItemId>
    </Item>
    <Item>
      <PriceUpdateDate>2015-10-01 06:19:30</PriceUpdateDate>
      <ItemCode>7290008409605</ItemCode>
      <ItemType>1</ItemType>
      <ItemName>כוכבי עוף 700 גרם</ItemName>
      <ManufacturerName>יושלם</ManufacturerName>
      <ManufactureCountry>יושלם</ManufactureCountry>
      <ManufacturerItemDescription>כוכבי עוף 700 גרם</ManufacturerItemDescription>
      <UnitQty>גרמים</UnitQty>
      <Quantity>700.00</Quantity>
      <UnitOfMeasure>100 גרם</UnitOfMeasure>
      <bIsWeighted>0</bIsWeighted>
      <QtyInPackage>1</QtyInPackage>
      <ItemPrice>36.50</ItemPrice>
      <UnitOfMeasurePrice>5.2143</UnitOfMeasurePrice>
      <AllowDiscount>1</AllowDiscount>
      <ItemStatus>1</ItemStatus>
      <ItemId>10203</ItemId>
    </Item>
    <Item>
      <PriceUpdateDate>2015-10-01 06:19:30</PriceUpdateDate>
      <ItemCode>7290008409667</ItemCode>
      <ItemType>1</ItemType>
      <ItemName>טבעות עוף בציפוי</ItemName>
      <ManufacturerName>תנובה</ManufacturerName>
      <ManufactureCountry>ישראל</ManufactureCountry>
      <ManufacturerItemDescription>טבעות עוף בציפוי מעודן 700 גרם</ManufacturerItemDescription>
      <UnitQty>גרמים</UnitQty>
      <Quantity>700.00</Quantity>
      <UnitOfMeasure>100 גרם</UnitOfMeasure>
      <bIsWeighted>0</bIsWeighted>
      <QtyInPackage>1</QtyInPackage>
      <ItemPrice>36.50</ItemPrice>
      <UnitOfMeasurePrice>5.2143</UnitOfMeasurePrice>
      <AllowDiscount>1</AllowDiscount>
      <ItemStatus>1</ItemStatus>
      <ItemId>10204</ItemId>
    </Item>
    <Item>
      <PriceUpdateDate>2015-10-01 06:19:30</PriceUpdateDate>
      <ItemCode>7290008409773</ItemCode>
      <ItemType>1</ItemType>
      <ItemName>קציצות עוף והודו</ItemName>
      <ManufacturerName>תנובה</ManufacturerName>
      <ManufactureCountry>ישראל</ManufactureCountry>
      <ManufacturerItemDescription>קציצות עוף והודו אמיתיות700 גר</ManufacturerItemDescription>
      <UnitQty>גרמים</UnitQty>
      <Quantity>700.00</Quantity>
      <UnitOfMeasure>100 גרם</UnitOfMeasure>
      <bIsWeighted>0</bIsWeighted>
      <QtyInPackage>1</QtyInPackage>
      <ItemPrice>38.60</ItemPrice>
      <UnitOfMeasurePrice>5.5143</UnitOfMeasurePrice>
      <AllowDiscount>1</AllowDiscount>
      <ItemStatus>1</ItemStatus>
      <ItemId>10206</ItemId>
    </Item>
    <Item>
      <PriceUpdateDate>2016-06-07 08:19:27</PriceUpdateDate>
      <ItemCode>8410104039134</ItemCode>
      <ItemType>1</ItemType>
      <ItemName>פיניש ניקוי וחידוש</ItemName>
      <ManufacturerName>פיניש</ManufacturerName>
      <ManufactureCountry>לא ידוע</ManufactureCountry>
      <ManufacturerItemDescription>פיניש לניקוי וחידוש למדיח</ManufacturerItemDescription>
      <UnitQty>מיליליטרים</UnitQty>
      <Quantity>250.00</Quantity>
      <UnitOfMeasure>100 מ"ל</UnitOfMeasure>
      <bIsWeighted>0</bIsWeighted>
      <QtyInPackage>1</QtyInPackage>
      <ItemPrice>22.70</ItemPrice>
      <UnitOfMeasurePrice>9.0800</UnitOfMeasurePrice>
      <AllowDiscount>1</AllowDiscount>
      <ItemStatus>1</ItemStatus>
      <ItemId>10220</ItemId>
    </Item>
    <Item>
      <PriceUpdateDate>2015-10-01 06:16:47</PriceUpdateDate>
      <ItemCode>8410104045111</ItemCode>
      <ItemType>1</ItemType>
      <ItemName>פיניש מלח למדיח</ItemName>
      <ManufacturerName>פיניש</ManufacturerName>
      <ManufactureCountry>לא ידוע</ManufactureCountry>
      <ManufacturerItemDescription>פיניש מלח למדיח 2 קג                   .</ManufacturerItemDescription>
      <UnitQty>קילוגרמים</UnitQty>
      <Quantity>2.00</Quantity>
      <UnitOfMeasure>ק"ג</UnitOfMeasure>
      <bIsWeighted>0</bIsWeighted>
      <QtyInPackage>1</QtyInPackage>
      <ItemPrice>16.70</ItemPrice>
      <UnitOfMeasurePrice>8.3500</UnitOfMeasurePrice>
      <AllowDiscount>1</AllowDiscount>
      <ItemStatus>1</ItemStatus>
      <ItemId>10222</ItemId>
    </Item>
    <Item>
      <PriceUpdateDate>2015-10-01 06:14:34</PriceUpdateDate>
      <ItemCode>7290008443265</ItemCode>
      <ItemType>1</ItemType>
      <ItemName>אל סבון סופטקר</ItemName>
      <ManufacturerName>אמיליה קוסמטיקס</ManufacturerName>
      <ManufactureCountry>לא ידוע</ManufactureCountry>
      <ManufacturerItemDescription>נקה 7 אל סבון סופטקר 2 ליטר</ManufacturerItemDescription>
      <UnitQty>ליטרים</UnitQty>
      <Quantity>2.00</Quantity>
      <UnitOfMeasure>ליטר</UnitOfMeasure>
      <bIsWeighted>0</bIsWeighted>
      <QtyInPackage>1</QtyInPackage>
      <ItemPrice>33.60</ItemPrice>
      <UnitOfMeasurePrice>16.8000</UnitOfMeasurePrice>
      <AllowDiscount>1</AllowDiscount>
      <ItemStatus>1</ItemStatus>
      <ItemId>10287</ItemId>
    </Item>
    <Item>
      <PriceUpdateDate>2015-10-01 06:13:43</PriceUpdateDate>
      <ItemCode>7290000166711</ItemCode>
      <ItemType>1</ItemType>
      <ItemName>שוגי 20% פחות סוכר</ItemName>
      <ManufacturerName>אתר שפע - Food</ManufacturerName>
      <ManufactureCountry>ישראל</ManufactureCountry>
      <ManufacturerItemDescription>שוגי 20% פחות סוכר 500 גרם</ManufacturerItemDescription>
      <UnitQty>גרמים</UnitQty>
      <Quantity>500.00</Quantity>
      <UnitOfMeasure>100 גרם</UnitOfMeasure>
      <bIsWeighted>0</bIsWeighted>
      <QtyInPackage>1</QtyInPackage>
      <ItemPrice>25.70</ItemPrice>
      <UnitOfMeasurePrice>5.1400</UnitOfMeasurePrice>
      <AllowDiscount>1</AllowDiscount>
      <ItemStatus>1</ItemStatus>
      <ItemId>85866</ItemId>
    </Item>
    <Item>
      <PriceUpdateDate>2015-01-01 00:00:00</PriceUpdateDate>
      <ItemCode>7290008443616</ItemCode>
      <ItemType>1</ItemType>
      <ItemName>נקה 7 מרכך שיער יבש</ItemName>
      <ManufacturerName>אמיליה קוסמטיקס</ManufacturerName>
      <ManufactureCountry>ישראל</ManufactureCountry>
      <ManufacturerItemDescription>נקה 7 מרכך שיער יבש אדום            750</ManufacturerItemDescription>
      <UnitQty>מיליליטרים</UnitQty>
      <Quantity>750.00</Quantity>
      <UnitOfMeasure>100 מ"ל</UnitOfMeasure>
      <bIsWeighted>0</bIsWeighted>
      <QtyInPackage>1</QtyInPackage>
      <ItemPrice>13.90</ItemPrice>
      <UnitOfMeasurePrice>1.8533</UnitOfMeasurePrice>
      <AllowDiscount>1</AllowDiscount>
      <ItemStatus>1</ItemStatus>
      <ItemId>10293</ItemId>
    </Item>
    <Item>
      <PriceUpdateDate>2015-01-01 00:00:00</PriceUpdateDate>
      <ItemCode>7290008443630</ItemCode>
      <ItemType>1</ItemType>
      <ItemName>שמפו נקה 7מתולתל</ItemName>
      <ManufacturerName>אמיליה קוסמטיקס</ManufacturerName>
      <ManufactureCountry>ישראל</ManufactureCountry>
      <ManufacturerItemDescription>שמפו נקה7 שיער מתולתל750</ManufacturerItemDescription>
      <UnitQty>מיליליטרים</UnitQty>
      <Quantity>750.00</Quantity>
      <UnitOfMeasure>100 מ"ל</UnitOfMeasure>
      <bIsWeighted>0</bIsWeighted>
      <QtyInPackage>1</QtyInPackage>
      <ItemPrice>13.90</ItemPrice>
      <UnitOfMeasurePrice>1.8533</UnitOfMeasurePrice>
      <AllowDiscount>1</AllowDiscount>
      <ItemStatus>1</ItemStatus>
      <ItemId>10295</ItemId>
    </Item>
    <Item>
      <PriceUpdateDate>2015-10-01 06:14:34</PriceUpdateDate>
      <ItemCode>7290008443647</ItemCode>
      <ItemType>1</ItemType>
      <ItemName>נקה 7 מרכך שיער סגול</ItemName>
      <ManufacturerName>אמיליה קוסמטיקס</ManufacturerName>
      <ManufactureCountry>ישראל</ManufactureCountry>
      <ManufacturerItemDescription>נקה 7 מרכך שיער מתולתל סגול          750</ManufacturerItemDescription>
      <UnitQty>מיליליטרים</UnitQty>
      <Quantity>750.00</Quantity>
      <UnitOfMeasure>100 מ"ל</UnitOfMeasure>
      <bIsWeighted>0</bIsWeighted>
      <QtyInPackage>1</QtyInPackage>
      <ItemPrice>13.80</ItemPrice>
      <UnitOfMeasurePrice>1.8400</UnitOfMeasurePrice>
      <AllowDiscount>1</AllowDiscount>
      <ItemStatus>1</ItemStatus>
      <ItemId>10296</ItemId>
    </Item>
    <Item>
      <PriceUpdateDate>2016-02-15 12:40:59</PriceUpdateDate>
      <ItemCode>7290100825440</ItemCode>
      <ItemType>1</ItemType>
      <ItemName>נוזל כלים דובדבן אקס</ItemName>
      <ManufacturerName>פרימו</ManufacturerName>
      <ManufactureCountry>טורקיה</ManufactureCountry>
      <ManufacturerItemDescription>נוזל כלים דובדבן אקסטרא</ManufacturerItemDescription>
      <UnitQty>מיליליטרים</UnitQty>
      <Quantity>750.00</Quantity>
      <UnitOfMeasure>100 מ"ל</UnitOfMeasure>
      <bIsWeighted>0</bIsWeighted>
      <QtyInPackage>1</QtyInPackage>
      <ItemPrice>8.90</ItemPrice>
      <UnitOfMeasurePrice>1.1867</UnitOfMeasurePrice>
      <AllowDiscount>1</AllowDiscount>
      <ItemStatus>1</ItemStatus>
      <ItemId>105371</ItemId>
    </Item>
    <Item>
      <PriceUpdateDate>2016-06-07 08:18:49</PriceUpdateDate>
      <ItemCode>7290008461238</ItemCode>
      <ItemType>1</ItemType>
      <ItemName>סרדין רוברט בשמןחריף</ItemName>
      <ManufacturerName>קונסרברס</ManufacturerName>
      <ManufactureCountry>לא ידוע</ManufactureCountry>
      <ManufacturerItemDescription>סרדין רוברט בשמן חמניות חריף</ManufacturerItemDescription>
      <UnitQty>גרמים</UnitQty>
      <Quantity>115.00</Quantity>
      <UnitOfMeasure>100 גרם</UnitOfMeasure>
      <bIsWeighted>0</bIsWeighted>
      <QtyInPackage>1</QtyInPackage>
      <ItemPrice>7.70</ItemPrice>
      <UnitOfMeasurePrice>6.6957</UnitOfMeasurePrice>
      <AllowDiscount>1</AllowDiscount>
      <ItemStatus>1</ItemStatus>
      <ItemId>10306</ItemId>
    </Item>
    <Item>
      <PriceUpdateDate>2015-01-01 00:00:00</PriceUpdateDate>
      <ItemCode>1887</ItemCode>
      <ItemType>0</ItemType>
      <ItemName>קרמבו מוקה יח</ItemName>
      <ManufacturerName>שטראוס גלידות</ManufacturerName>
      <ManufactureCountry>ישראל</ManufactureCountry>
      <ManufacturerItemDescription>קרמבו מוקה יח</ManufacturerItemDescription>
      <UnitQty>Unknown </UnitQty>
      <Quantity>0.00</Quantity>
      <UnitOfMeasure>Unknown </UnitOfMeasure>
      <bIsWeighted>0</bIsWeighted>
      <QtyInPackage>1</QtyInPackage>
      <ItemPrice>2.50</ItemPrice>
      <UnitOfMeasurePrice>0.0000</UnitOfMeasurePrice>
      <AllowDiscount>1</AllowDiscount>
      <ItemStatus>1</ItemStatus>
      <ItemId>97374</ItemId>
    </Item>
    <Item>
      <PriceUpdateDate>2015-10-01 06:15:14</PriceUpdateDate>
      <ItemCode>7290008464338</ItemCode>
      <ItemType>1</ItemType>
      <ItemName>בירה מכבי בקבוק בודד</ItemName>
      <ManufacturerName>טמפו</ManufacturerName>
      <ManufactureCountry>ישראל</ManufactureCountry>
      <ManufacturerItemDescription>בירה מכבי בקבוק בודד 330 מל</ManufacturerItemDescription>
      <UnitQty>מיליליטרים</UnitQty>
      <Quantity>330.00</Quantity>
      <UnitOfMeasure>100 מ"ל</UnitOfMeasure>
      <bIsWeighted>0</bIsWeighted>
      <QtyInPackage>1</QtyInPackage>
      <ItemPrice>6.20</ItemPrice>
      <UnitOfMeasurePrice>1.8788</UnitOfMeasurePrice>
      <AllowDiscount>1</AllowDiscount>
      <ItemStatus>1</ItemStatus>
      <ItemId>10326</ItemId>
    </Item>
    <Item>
      <PriceUpdateDate>2015-10-15 09:09:57</PriceUpdateDate>
      <ItemCode>7290008464345</ItemCode>
      <ItemType>1</ItemType>
      <ItemName>בירה גולדסטאר330 בק.</ItemName>
      <ManufacturerName>טמפו</ManufacturerName>
      <ManufactureCountry>ישראל</ManufactureCountry>
      <ManufacturerItemDescription>בירה גולדסטאר 330 מל בקבוק</ManufacturerItemDescription>
      <UnitQty>מיליליטרים</UnitQty>
      <Quantity>330.00</Quantity>
      <UnitOfMeasure>100 מ"ל</UnitOfMeasure>
      <bIsWeighted>0</bIsWeighted>
      <QtyInPackage>1</QtyInPackage>
      <ItemPrice>7.20</ItemPrice>
      <UnitOfMeasurePrice>2.1818</UnitOfMeasurePrice>
      <AllowDiscount>1</AllowDiscount>
      <ItemStatus>1</ItemStatus>
      <ItemId>10327</ItemId>
    </Item>
    <Item>
      <PriceUpdateDate>2015-10-15 09:09:58</PriceUpdateDate>
      <ItemCode>7290008464468</ItemCode>
      <ItemType>1</ItemType>
      <ItemName>בירה גולדסטאר פחית</ItemName>
      <ManufacturerName>טמפו</ManufacturerName>
      <ManufactureCountry>ישראל</ManufactureCountry>
      <ManufacturerItemDescription>בירה גולדסטאר פחית500 מל               .</ManufacturerItemDescription>
      <UnitQty>מיליליטרים</UnitQty>
      <Quantity>500.00</Quantity>
      <UnitOfMeasure>100 מ"ל</UnitOfMeasure>
      <bIsWeighted>0</bIsWeighted>
      <QtyInPackage>1</QtyInPackage>
      <ItemPrice>9.90</ItemPrice>
      <UnitOfMeasurePrice>1.9800</UnitOfMeasurePrice>
      <AllowDiscount>1</AllowDiscount>
      <ItemStatus>1</ItemStatus>
      <ItemId>10330</ItemId>
    </Item>
    <Item>
      <PriceUpdateDate>2015-10-02 09:09:00</PriceUpdateDate>
      <ItemCode>7290008464475</ItemCode>
      <ItemType>1</ItemType>
      <ItemName>בירה מכבי פחית</ItemName>
      <ManufacturerName>טמפו</ManufacturerName>
      <ManufactureCountry>ישראל</ManufactureCountry>
      <ManufacturerItemDescription>בירה מכבי פחית500 מל                   .</ManufacturerItemDescription>
      <UnitQty>מיליליטרים</UnitQty>
      <Quantity>500.00</Quantity>
      <UnitOfMeasure>100 מ"ל</UnitOfMeasure>
      <bIsWeighted>0</bIsWeighted>
      <QtyInPackage>1</QtyInPackage>
      <ItemPrice>10.00</ItemPrice>
      <UnitOfMeasurePrice>2.0000</UnitOfMeasurePrice>
      <AllowDiscount>1</AllowDiscount>
      <ItemStatus>1</ItemStatus>
      <ItemId>10331</ItemId>
    </Item>
    <Item>
      <PriceUpdateDate>2015-01-01 00:00:00</PriceUpdateDate>
      <ItemCode>7290008644112</ItemCode>
      <ItemType>1</ItemType>
      <ItemName>סלט מטבוחה יום יום</ItemName>
      <ManufacturerName>שטראוס גרופ</ManufacturerName>
      <ManufactureCountry>ישראל</ManufactureCountry>
      <ManufacturerItemDescription>סלט מטבוחה יום יום 125 גר              "</ManufacturerItemDescription>
      <UnitQty>גרמים</UnitQty>
      <Quantity>125.00</Quantity>
      <UnitOfMeasure>100 גרם</UnitOfMeasure>
      <bIsWeighted>0</bIsWeighted>
      <QtyInPackage>1</QtyInPackage>
      <ItemPrice>5.40</ItemPrice>
      <UnitOfMeasurePrice>4.3200</UnitOfMeasurePrice>
      <AllowDiscount>1</AllowDiscount>
      <ItemStatus>1</ItemStatus>
      <ItemId>10400</ItemId>
    </Item>
    <Item>
      <PriceUpdateDate>2015-10-01 06:15:29</PriceUpdateDate>
      <ItemCode>7290008690713</ItemCode>
      <ItemType>1</ItemType>
      <ItemName>נקטר חמוציותOCEAN S</ItemName>
      <ManufacturerName>פריגת</ManufacturerName>
      <ManufactureCountry>ישראל</ManufactureCountry>
      <ManufacturerItemDescription>נקטר חמוציות                OCEAN SPRAY</ManufacturerItemDescription>
      <UnitQty>ליטרים</UnitQty>
      <Quantity>1.00</Quantity>
      <UnitOfMeasure>ליטר</UnitOfMeasure>
      <bIsWeighted>0</bIsWeighted>
      <QtyInPackage>1</QtyInPackage>
      <ItemPrice>10.30</ItemPrice>
      <UnitOfMeasurePrice>10.3000</UnitOfMeasurePrice>
      <AllowDiscount>1</AllowDiscount>
      <ItemStatus>1</ItemStatus>
      <ItemId>10468</ItemId>
    </Item>
    <Item>
      <PriceUpdateDate>2015-08-12 06:10:43</PriceUpdateDate>
      <ItemCode>7290008693134</ItemCode>
      <ItemType>1</ItemType>
      <ItemName>דניאלה מעדן גבינה</ItemName>
      <ManufacturerName>שטראוס גרופ</ManufacturerName>
      <ManufactureCountry>ישראל</ManufactureCountry>
      <ManufacturerItemDescription>דניאלה מעדן גבינה תות 150 מל</ManufacturerItemDescription>
      <UnitQty>מיליליטרים</UnitQty>
      <Quantity>150.00</Quantity>
      <UnitOfMeasure>100 מ"ל</UnitOfMeasure>
      <bIsWeighted>0</bIsWeighted>
      <QtyInPackage>1</QtyInPackage>
      <ItemPrice>4.50</ItemPrice>
      <UnitOfMeasurePrice>3.0000</UnitOfMeasurePrice>
      <AllowDiscount>1</AllowDiscount>
      <ItemStatus>1</ItemStatus>
      <ItemId>10495</ItemId>
    </Item>
    <Item>
      <PriceUpdateDate>2015-10-01 06:16:44</PriceUpdateDate>
      <ItemCode>7290008713016</ItemCode>
      <ItemType>1</ItemType>
      <ItemName>לחם שבעה דגנים קל</ItemName>
      <ManufacturerName>מאפיית אנג'ל</ManufacturerName>
      <ManufactureCountry>ישראל</ManufactureCountry>
      <ManufacturerItemDescription>לחם שבעה דגנים קל 500 גרם</ManufacturerItemDescription>
      <UnitQty>גרמים</UnitQty>
      <Quantity>500.00</Quantity>
      <UnitOfMeasure>100 גרם</UnitOfMeasure>
      <bIsWeighted>0</bIsWeighted>
      <QtyInPackage>1</QtyInPackage>
      <ItemPrice>15.10</ItemPrice>
      <UnitOfMeasurePrice>3.0200</UnitOfMeasurePrice>
      <AllowDiscount>1</AllowDiscount>
      <ItemStatus>1</ItemStatus>
      <ItemId>10571</ItemId>
    </Item>
    <Item>
      <PriceUpdateDate>2015-08-05 17:31:10</PriceUpdateDate>
      <ItemCode>7290008745239</ItemCode>
      <ItemType>1</ItemType>
      <ItemName>תפוציפס קראנץ</ItemName>
      <ManufacturerName>שטראוס גרופ</ManufacturerName>
      <ManufactureCountry>ישראל</ManufactureCountry>
      <ManufacturerItemDescription>תפוציפס קראנץ בטעם טבעי 50 גרם</ManufacturerItemDescription>
      <UnitQty>גרמים</UnitQty>
      <Quantity>50.00</Quantity>
      <UnitOfMeasure>100 גרם</UnitOfMeasure>
      <bIsWeighted>0</bIsWeighted>
      <QtyInPackage>1</QtyInPackage>
      <ItemPrice>4.20</ItemPrice>
      <UnitOfMeasurePrice>8.4000</UnitOfMeasurePrice>
      <AllowDiscount>1</AllowDiscount>
      <ItemStatus>1</ItemStatus>
      <ItemId>10590</ItemId>
    </Item>
    <Item>
      <PriceUpdateDate>2015-10-01 06:13:16</PriceUpdateDate>
      <ItemCode>7290008746038</ItemCode>
      <ItemType>1</ItemType>
      <ItemName>בונבוניירה לבבות פרה</ItemName>
      <ManufacturerName>שטראוס גרופ</ManufacturerName>
      <ManufactureCountry>ישראל</ManufactureCountry>
      <ManufacturerItemDescription>בונבוניירת לבבות חלב162 גר             .</ManufacturerItemDescription>
      <UnitQty>גרמים</UnitQty>
      <Quantity>162.00</Quantity>
      <UnitOfMeasure>100 גרם</UnitOfMeasure>
      <bIsWeighted>0</bIsWeighted>
      <QtyInPackage>1</QtyInPackage>
      <ItemPrice>30.80</ItemPrice>
      <UnitOfMeasurePrice>19.0123</UnitOfMeasurePrice>
      <AllowDiscount>1</AllowDiscount>
      <ItemStatus>1</ItemStatus>
      <ItemId>10597</ItemId>
    </Item>
    <Item>
      <PriceUpdateDate>2015-10-01 06:13:16</PriceUpdateDate>
      <ItemCode>7290008747424</ItemCode>
      <ItemType>1</ItemType>
      <ItemName>שוקולד פרה תות</ItemName>
      <ManufacturerName>שטראוס גרופ</ManufacturerName>
      <ManufactureCountry>ישראל</ManufactureCountry>
      <ManufacturerItemDescription>שוקולד פרה במילוי תות 100 גר           "</ManufacturerItemDescription>
      <UnitQty>גרמים</UnitQty>
      <Quantity>100.00</Quantity>
      <UnitOfMeasure>100 גרם</UnitOfMeasure>
      <bIsWeighted>0</bIsWeighted>
      <QtyInPackage>1</QtyInPackage>
      <ItemPrice>6.60</ItemPrice>
      <UnitOfMeasurePrice>6.6000</UnitOfMeasurePrice>
      <AllowDiscount>1</AllowDiscount>
      <ItemStatus>1</ItemStatus>
      <ItemId>10598</ItemId>
    </Item>
    <Item>
      <PriceUpdateDate>2015-10-01 06:13:16</PriceUpdateDate>
      <ItemCode>7290008748384</ItemCode>
      <ItemType>1</ItemType>
      <ItemName>שוקולד ספלנדיד מריר</ItemName>
      <ManufacturerName>שטראוס גרופ</ManufacturerName>
      <ManufactureCountry>ישראל</ManufactureCountry>
      <ManufacturerItemDescription>שוקולד ספלנדיד מריר 100 גרם</ManufacturerItemDescription>
      <UnitQty>גרמים</UnitQty>
      <Quantity>100.00</Quantity>
      <UnitOfMeasure>100 גרם</UnitOfMeasure>
      <bIsWeighted>0</bIsWeighted>
      <QtyInPackage>1</QtyInPackage>
      <ItemPrice>11.60</ItemPrice>
      <UnitOfMeasurePrice>11.6000</UnitOfMeasurePrice>
      <AllowDiscount>1</AllowDiscount>
      <ItemStatus>1</ItemStatus>
      <ItemId>10609</ItemId>
    </Item>
    <Item>
      <PriceUpdateDate>2015-10-01 06:13:16</PriceUpdateDate>
      <ItemCode>7290008749343</ItemCode>
      <ItemType>1</ItemType>
      <ItemName>וופל שחור לבן</ItemName>
      <ManufacturerName>שטראוס גרופ</ManufacturerName>
      <ManufactureCountry>ישראל</ManufactureCountry>
      <ManufacturerItemDescription>ופל שחור לבן קרם וניל 400 גר</ManufacturerItemDescription>
      <UnitQty>גרמים</UnitQty>
      <Quantity>400.00</Quantity>
      <UnitOfMeasure>100 גרם</UnitOfMeasure>
      <bIsWeighted>0</bIsWeighted>
      <QtyInPackage>1</QtyInPackage>
      <ItemPrice>18.50</ItemPrice>
      <UnitOfMeasurePrice>4.6250</UnitOfMeasurePrice>
      <AllowDiscount>1</AllowDiscount>
      <ItemStatus>1</ItemStatus>
      <ItemId>10615</ItemId>
    </Item>
    <Item>
      <PriceUpdateDate>2015-08-12 06:10:43</PriceUpdateDate>
      <ItemCode>7290008750264</ItemCode>
      <ItemType>1</ItemType>
      <ItemName>מסטיק מאסט ציקלס</ItemName>
      <ManufacturerName>שטראוס גרופ</ManufacturerName>
      <ManufactureCountry>ישראל</ManufactureCountry>
      <ManufacturerItemDescription>מסטיק מאסט ציקלס דובדבן 28 גר</ManufacturerItemDescription>
      <UnitQty>Unknown </UnitQty>
      <Quantity>0.00</Quantity>
      <UnitOfMeasure>Unknown </UnitOfMeasure>
      <bIsWeighted>0</bIsWeighted>
      <QtyInPackage>1</QtyInPackage>
      <ItemPrice>4.50</ItemPrice>
      <UnitOfMeasurePrice>0.0000</UnitOfMeasurePrice>
      <AllowDiscount>1</AllowDiscount>
      <ItemStatus>1</ItemStatus>
      <ItemId>10631</ItemId>
    </Item>
    <Item>
      <PriceUpdateDate>2015-10-01 06:13:16</PriceUpdateDate>
      <ItemCode>7290008750400</ItemCode>
      <ItemType>1</ItemType>
      <ItemName>שוקולד פרה לבן עוגיו</ItemName>
      <ManufacturerName>שטראוס גרופ</ManufacturerName>
      <ManufactureCountry>לא ידוע</ManufactureCountry>
      <ManufacturerItemDescription>שוקולד פרה לבן עם עוגיות 100 ג</ManufacturerItemDescription>
      <UnitQty>גרמים</UnitQty>
      <Quantity>100.00</Quantity>
      <UnitOfMeasure>100 גרם</UnitOfMeasure>
      <bIsWeighted>0</bIsWeighted>
      <QtyInPackage>1</QtyInPackage>
      <ItemPrice>6.60</ItemPrice>
      <UnitOfMeasurePrice>6.6000</UnitOfMeasurePrice>
      <AllowDiscount>1</AllowDiscount>
      <ItemStatus>1</ItemStatus>
      <ItemId>10634</ItemId>
    </Item>
    <Item>
      <PriceUpdateDate>2015-11-05 08:17:50</PriceUpdateDate>
      <ItemCode>7290008750677</ItemCode>
      <ItemType>1</ItemType>
      <ItemName>שוקולד במילוי תות</ItemName>
      <ManufacturerName>שטראוס גרופ</ManufacturerName>
      <ManufactureCountry>ישראל</ManufactureCountry>
      <ManufacturerItemDescription>שוקולד במילוי תות מגדים 100 ג          "</ManufacturerItemDescription>
      <UnitQty>Unknown </UnitQty>
      <Quantity>0.00</Quantity>
      <UnitOfMeasure>Unknown </UnitOfMeasure>
      <bIsWeighted>0</bIsWeighted>
      <QtyInPackage>1</QtyInPackage>
      <ItemPrice>6.60</ItemPrice>
      <UnitOfMeasurePrice>0.0000</UnitOfMeasurePrice>
      <AllowDiscount>1</AllowDiscount>
      <ItemStatus>1</ItemStatus>
      <ItemId>10638</ItemId>
    </Item>
    <Item>
      <PriceUpdateDate>2015-08-05 17:31:10</PriceUpdateDate>
      <ItemCode>7290008752244</ItemCode>
      <ItemType>1</ItemType>
      <ItemName>תפוציפס קראנץ גריל</ItemName>
      <ManufacturerName>שטראוס גרופ</ManufacturerName>
      <ManufactureCountry>ישראל</ManufactureCountry>
      <ManufacturerItemDescription>תפוציפס קראנץ גריל 50 גרם</ManufacturerItemDescription>
      <UnitQty>גרמים</UnitQty>
      <Quantity>50.00</Quantity>
      <UnitOfMeasure>100 גרם</UnitOfMeasure>
      <bIsWeighted>0</bIsWeighted>
      <QtyInPackage>1</QtyInPackage>
      <ItemPrice>4.20</ItemPrice>
      <UnitOfMeasurePrice>8.4000</UnitOfMeasurePrice>
      <AllowDiscount>1</AllowDiscount>
      <ItemStatus>1</ItemStatus>
      <ItemId>10642</ItemId>
    </Item>
    <Item>
      <PriceUpdateDate>2015-08-05 17:31:10</PriceUpdateDate>
      <ItemCode>7290008753111</ItemCode>
      <ItemType>1</ItemType>
      <ItemName>תפוציפס קראנץ מקסיק</ItemName>
      <ManufacturerName>שטראוס גרופ</ManufacturerName>
      <ManufactureCountry>ישראל</ManufactureCountry>
      <ManufacturerItemDescription>תפוציפס קראנץ מקסיקני 50 גר</ManufacturerItemDescription>
      <UnitQty>גרמים</UnitQty>
      <Quantity>50.00</Quantity>
      <UnitOfMeasure>100 גרם</UnitOfMeasure>
      <bIsWeighted>0</bIsWeighted>
      <QtyInPackage>1</QtyInPackage>
      <ItemPrice>4.20</ItemPrice>
      <UnitOfMeasurePrice>8.4000</UnitOfMeasurePrice>
      <AllowDiscount>1</AllowDiscount>
      <ItemStatus>1</ItemStatus>
      <ItemId>10655</ItemId>
    </Item>
    <Item>
      <PriceUpdateDate>2015-10-01 06:14:54</PriceUpdateDate>
      <ItemCode>7290008775731</ItemCode>
      <ItemType>1</ItemType>
      <ItemName>רוטב וינגרט קלאסי</ItemName>
      <ManufacturerName>אסם</ManufacturerName>
      <ManufactureCountry>ישראל</ManufactureCountry>
      <ManufacturerItemDescription>רוטב וינגרט קלאסי 290 מל</ManufacturerItemDescription>
      <UnitQty>מיליליטרים</UnitQty>
      <Quantity>290.00</Quantity>
      <UnitOfMeasure>100 מ"ל</UnitOfMeasure>
      <bIsWeighted>0</bIsWeighted>
      <QtyInPackage>1</QtyInPackage>
      <ItemPrice>12.20</ItemPrice>
      <UnitOfMeasurePrice>4.2069</UnitOfMeasurePrice>
      <AllowDiscount>1</AllowDiscount>
      <ItemStatus>1</ItemStatus>
      <ItemId>10702</ItemId>
    </Item>
    <Item>
      <PriceUpdateDate>2015-01-01 00:00:00</PriceUpdateDate>
      <ItemCode>7290008775816</ItemCode>
      <ItemType>1</ItemType>
      <ItemName>ערגליות שוקו</ItemName>
      <ManufacturerName>אסם</ManufacturerName>
      <ManufactureCountry>ישראל</ManufactureCountry>
      <ManufacturerItemDescription>ערגליות שוקו 300 גר</ManufacturerItemDescription>
      <UnitQty>גרמים</UnitQty>
      <Quantity>300.00</Quantity>
      <UnitOfMeasure>100 גרם</UnitOfMeasure>
      <bIsWeighted>0</bIsWeighted>
      <QtyInPackage>1</QtyInPackage>
      <ItemPrice>10.90</ItemPrice>
      <UnitOfMeasurePrice>3.6333</UnitOfMeasurePrice>
      <AllowDiscount>1</AllowDiscount>
      <ItemStatus>1</ItemStatus>
      <ItemId>10704</ItemId>
    </Item>
    <Item>
      <PriceUpdateDate>2015-01-01 00:00:00</PriceUpdateDate>
      <ItemCode>7290008775823</ItemCode>
      <ItemType>1</ItemType>
      <ItemName>ערגליות תות 300 גרם</ItemName>
      <ManufacturerName>אסם</ManufacturerName>
      <ManufactureCountry>לא ידוע</ManufactureCountry>
      <ManufacturerItemDescription>ערגליות תות 300 גר                     "</ManufacturerItemDescription>
      <UnitQty>גרמים</UnitQty>
      <Quantity>300.00</Quantity>
      <UnitOfMeasure>100 גרם</UnitOfMeasure>
      <bIsWeighted>0</bIsWeighted>
      <QtyInPackage>1</QtyInPackage>
      <ItemPrice>10.90</ItemPrice>
      <UnitOfMeasurePrice>3.6333</UnitOfMeasurePrice>
      <AllowDiscount>1</AllowDiscount>
      <ItemStatus>1</ItemStatus>
      <ItemId>10705</ItemId>
    </Item>
    <Item>
      <PriceUpdateDate>2016-02-28 08:35:07</PriceUpdateDate>
      <ItemCode>7290008801843</ItemCode>
      <ItemType>1</ItemType>
      <ItemName>יין סלקטד קברנה סובי</ItemName>
      <ManufacturerName>יקבי כרמל</ManufacturerName>
      <ManufactureCountry>לא ידוע</ManufactureCountry>
      <ManufacturerItemDescription>יין סלקטד קברנה סוביניון750 מל</ManufacturerItemDescription>
      <UnitQty>מיליליטרים</UnitQty>
      <Quantity>750.00</Quantity>
      <UnitOfMeasure>100 מ"ל</UnitOfMeasure>
      <bIsWeighted>0</bIsWeighted>
      <QtyInPackage>1</QtyInPackage>
      <ItemPrice>35.00</ItemPrice>
      <UnitOfMeasurePrice>4.6667</UnitOfMeasurePrice>
      <AllowDiscount>1</AllowDiscount>
      <ItemStatus>1</ItemStatus>
      <ItemId>10732</ItemId>
    </Item>
    <Item>
      <PriceUpdateDate>2016-02-28 08:35:07</PriceUpdateDate>
      <ItemCode>7290008801850</ItemCode>
      <ItemType>1</ItemType>
      <ItemName>יין סלקטד אמרלד ריזל</ItemName>
      <ManufacturerName>יקבי כרמל</ManufacturerName>
      <ManufactureCountry>לא ידוע</ManufactureCountry>
      <ManufacturerItemDescription>יין סלקטד אמרלד ריזלינג 750 מל</ManufacturerItemDescription>
      <UnitQty>מיליליטרים</UnitQty>
      <Quantity>750.00</Quantity>
      <UnitOfMeasure>100 מ"ל</UnitOfMeasure>
      <bIsWeighted>0</bIsWeighted>
      <QtyInPackage>1</QtyInPackage>
      <ItemPrice>35.00</ItemPrice>
      <UnitOfMeasurePrice>4.6667</UnitOfMeasurePrice>
      <AllowDiscount>1</AllowDiscount>
      <ItemStatus>1</ItemStatus>
      <ItemId>10733</ItemId>
    </Item>
    <Item>
      <PriceUpdateDate>2015-10-01 06:16:23</PriceUpdateDate>
      <ItemCode>7290107870665</ItemCode>
      <ItemType>1</ItemType>
      <ItemName>גלידה טעם וניל שוקו</ItemName>
      <ManufacturerName>נגה גלידות</ManufacturerName>
      <ManufactureCountry>ישראל</ManufactureCountry>
      <ManufacturerItemDescription>גלידה טעם וניל שוקו צאנקס          900</ManufacturerItemDescription>
      <UnitQty>מיליליטרים</UnitQty>
      <Quantity>900.00</Quantity>
      <UnitOfMeasure>100 מ"ל</UnitOfMeasure>
      <bIsWeighted>0</bIsWeighted>
      <QtyInPackage>1</QtyInPackage>
      <ItemPrice>22.70</ItemPrice>
      <UnitOfMeasurePrice>2.5222</UnitOfMeasurePrice>
      <AllowDiscount>1</AllowDiscount>
      <ItemStatus>1</ItemStatus>
      <ItemId>99165</ItemId>
    </Item>
    <Item>
      <PriceUpdateDate>2016-01-21 09:58:49</PriceUpdateDate>
      <ItemCode>7290008802512</ItemCode>
      <ItemType>1</ItemType>
      <ItemName>יין אדום יבש</ItemName>
      <ManufacturerName>יקבי כרמל</ManufacturerName>
      <ManufactureCountry>לא ידוע</ManufactureCountry>
      <ManufacturerItemDescription>יין וינו אדום יבש 750 מ"ל</ManufacturerItemDescription>
      <UnitQty>מיליליטרים</UnitQty>
      <Quantity>750.00</Quantity>
      <UnitOfMeasure>100 מ"ל</UnitOfMeasure>
      <bIsWeighted>0</bIsWeighted>
      <QtyInPackage>1</QtyInPackage>
      <ItemPrice>26.00</ItemPrice>
      <UnitOfMeasurePrice>3.4667</UnitOfMeasurePrice>
      <AllowDiscount>1</AllowDiscount>
      <ItemStatus>1</ItemStatus>
      <ItemId>10744</ItemId>
    </Item>
    <Item>
      <PriceUpdateDate>2015-10-01 06:15:10</PriceUpdateDate>
      <ItemCode>7290008806268</ItemCode>
      <ItemType>1</ItemType>
      <ItemName>קורנטו ביס</ItemName>
      <ManufacturerName>שטראוס גלידות</ManufacturerName>
      <ManufactureCountry>ישראל</ManufactureCountry>
      <ManufacturerItemDescription>קורנטו ביס 240   גרם</ManufacturerItemDescription>
      <UnitQty>גרמים</UnitQty>
      <Quantity>240.00</Quantity>
      <UnitOfMeasure>100 גרם</UnitOfMeasure>
      <bIsWeighted>0</bIsWeighted>
      <QtyInPackage>1</QtyInPackage>
      <ItemPrice>34.40</ItemPrice>
      <UnitOfMeasurePrice>14.3333</UnitOfMeasurePrice>
      <AllowDiscount>1</AllowDiscount>
      <ItemStatus>1</ItemStatus>
      <ItemId>10795</ItemId>
    </Item>
    <Item>
      <PriceUpdateDate>2015-10-06 14:09:50</PriceUpdateDate>
      <ItemCode>7290008806305</ItemCode>
      <ItemType>1</ItemType>
      <ItemName>שלגון פצפצים</ItemName>
      <ManufacturerName>שטראוס</ManufacturerName>
      <ManufactureCountry>ישראל</ManufactureCountry>
      <ManufacturerItemDescription>שלגון פצפצים תות בננה עם סוכרי</ManufacturerItemDescription>
      <UnitQty>גרמים</UnitQty>
      <Quantity>97.00</Quantity>
      <UnitOfMeasure>100 גרם</UnitOfMeasure>
      <bIsWeighted>0</bIsWeighted>
      <QtyInPackage>1</QtyInPackage>
      <ItemPrice>5.80</ItemPrice>
      <UnitOfMeasurePrice>5.9794</UnitOfMeasurePrice>
      <AllowDiscount>1</AllowDiscount>
      <ItemStatus>1</ItemStatus>
      <ItemId>10796</ItemId>
    </Item>
    <Item>
      <PriceUpdateDate>2016-06-15 07:39:58</PriceUpdateDate>
      <ItemCode>7290008806909</ItemCode>
      <ItemType>1</ItemType>
      <ItemName>גלידה לייט שוקו וניל</ItemName>
      <ManufacturerName>שטראוס גלידות</ManufacturerName>
      <ManufactureCountry>ישראל</ManufactureCountry>
      <ManufacturerItemDescription>גלידה לייט שוקו וניל</ManufacturerItemDescription>
      <UnitQty>ליטרים</UnitQty>
      <Quantity>1.33</Quantity>
      <UnitOfMeasure>ליטר</UnitOfMeasure>
      <bIsWeighted>0</bIsWeighted>
      <QtyInPackage>1</QtyInPackage>
      <ItemPrice>23.90</ItemPrice>
      <UnitOfMeasurePrice>17.9699</UnitOfMeasurePrice>
      <AllowDiscount>1</AllowDiscount>
      <ItemStatus>1</ItemStatus>
      <ItemId>10799</ItemId>
    </Item>
    <Item>
      <PriceUpdateDate>2016-06-15 07:39:58</PriceUpdateDate>
      <ItemCode>7290008806961</ItemCode>
      <ItemType>1</ItemType>
      <ItemName>קרמיסימו שבבי שוקולד</ItemName>
      <ManufacturerName>שטראוס גלידות</ManufacturerName>
      <ManufactureCountry>ישראל</ManufactureCountry>
      <ManufacturerItemDescription>קרמיסימו שוקולד ושבבי שוקולד</ManufacturerItemDescription>
      <UnitQty>ליטרים</UnitQty>
      <Quantity>1.33</Quantity>
      <UnitOfMeasure>ליטר</UnitOfMeasure>
      <bIsWeighted>0</bIsWeighted>
      <QtyInPackage>1</QtyInPackage>
      <ItemPrice>23.90</ItemPrice>
      <UnitOfMeasurePrice>17.9699</UnitOfMeasurePrice>
      <AllowDiscount>1</AllowDiscount>
      <ItemStatus>1</ItemStatus>
      <ItemId>10802</ItemId>
    </Item>
    <Item>
      <PriceUpdateDate>2015-10-01 06:16:23</PriceUpdateDate>
      <ItemCode>7290107870641</ItemCode>
      <ItemType>1</ItemType>
      <ItemName>גלידה עם שברי סמרטיז</ItemName>
      <ManufacturerName>נגה גלידות</ManufacturerName>
      <ManufactureCountry>ישראל</ManufactureCountry>
      <ManufacturerItemDescription>גלידה עם שברי סמרטיז 900 מל</ManufacturerItemDescription>
      <UnitQty>מיליליטרים</UnitQty>
      <Quantity>900.00</Quantity>
      <UnitOfMeasure>100 מ"ל</UnitOfMeasure>
      <bIsWeighted>0</bIsWeighted>
      <QtyInPackage>1</QtyInPackage>
      <ItemPrice>22.70</ItemPrice>
      <UnitOfMeasurePrice>2.5222</UnitOfMeasurePrice>
      <AllowDiscount>1</AllowDiscount>
      <ItemStatus>1</ItemStatus>
      <ItemId>99167</ItemId>
    </Item>
    <Item>
      <PriceUpdateDate>2015-01-01 00:00:00</PriceUpdateDate>
      <ItemCode>9310072000282</ItemCode>
      <ItemType>1</ItemType>
      <ItemName>חטיף טים-טם שוקולד</ItemName>
      <ManufacturerName>ארנולטס</ManufacturerName>
      <ManufactureCountry>אוסטרליה</ManufactureCountry>
      <ManufacturerItemDescription>חטיף טים-טם שוקולד 200 גר              "</ManufacturerItemDescription>
      <UnitQty>גרמים</UnitQty>
      <Quantity>200.00</Quantity>
      <UnitOfMeasure>100 גרם</UnitOfMeasure>
      <bIsWeighted>0</bIsWeighted>
      <QtyInPackage>1</QtyInPackage>
      <ItemPrice>21.30</ItemPrice>
      <UnitOfMeasurePrice>10.6500</UnitOfMeasurePrice>
      <AllowDiscount>1</AllowDiscount>
      <ItemStatus>1</ItemStatus>
      <ItemId>11940</ItemId>
    </Item>
    <Item>
      <PriceUpdateDate>2015-07-14 15:10:17</PriceUpdateDate>
      <ItemCode>7290000208329</ItemCode>
      <ItemType>1</ItemType>
      <ItemName>תירס גרעינים יכין</ItemName>
      <ManufacturerName>יכין</ManufacturerName>
      <ManufactureCountry>לא ידוע</ManufactureCountry>
      <ManufacturerItemDescription>תירס גרעינים560 גר .יכין</ManufacturerItemDescription>
      <UnitQty>גרמים</UnitQty>
      <Quantity>560.00</Quantity>
      <UnitOfMeasure>100 גרם</UnitOfMeasure>
      <bIsWeighted>0</bIsWeighted>
      <QtyInPackage>1</QtyInPackage>
      <ItemPrice>7.40</ItemPrice>
      <UnitOfMeasurePrice>1.3214</UnitOfMeasurePrice>
      <AllowDiscount>1</AllowDiscount>
      <ItemStatus>1</ItemStatus>
      <ItemId>12174</ItemId>
    </Item>
    <Item>
      <PriceUpdateDate>2015-01-01 00:00:00</PriceUpdateDate>
      <ItemCode>7290002752349</ItemCode>
      <ItemType>1</ItemType>
      <ItemName>סוכריות מנטוס מנטה 3</ItemName>
      <ManufacturerName>פרפטי ואן מלה</ManufacturerName>
      <ManufactureCountry>לא ידוע</ManufactureCountry>
      <ManufacturerItemDescription>סוכריות מנטוס מנטה 37.5 גר             .</ManufacturerItemDescription>
      <UnitQty>Unknown </UnitQty>
      <Quantity>0.00</Quantity>
      <UnitOfMeasure>Unknown </UnitOfMeasure>
      <bIsWeighted>0</bIsWeighted>
      <QtyInPackage>1</QtyInPackage>
      <ItemPrice>3.90</ItemPrice>
      <UnitOfMeasurePrice>0.0000</UnitOfMeasurePrice>
      <AllowDiscount>1</AllowDiscount>
      <ItemStatus>1</ItemStatus>
      <ItemId>12176</ItemId>
    </Item>
    <Item>
      <PriceUpdateDate>2015-10-01 06:15:10</PriceUpdateDate>
      <ItemCode>7290002826835</ItemCode>
      <ItemType>1</ItemType>
      <ItemName>שוקובו שוקולד</ItemName>
      <ManufacturerName>שטראוס גלידות</ManufacturerName>
      <ManufactureCountry>ישראל</ManufactureCountry>
      <ManufacturerItemDescription>שוקובו שוקולד</ManufacturerItemDescription>
      <UnitQty>גרמים</UnitQty>
      <Quantity>96.00</Quantity>
      <UnitOfMeasure>100 גרם</UnitOfMeasure>
      <bIsWeighted>0</bIsWeighted>
      <QtyInPackage>1</QtyInPackage>
      <ItemPrice>9.80</ItemPrice>
      <UnitOfMeasurePrice>10.2083</UnitOfMeasurePrice>
      <AllowDiscount>1</AllowDiscount>
      <ItemStatus>1</ItemStatus>
      <ItemId>12177</ItemId>
    </Item>
    <Item>
      <PriceUpdateDate>2015-10-01 06:15:10</PriceUpdateDate>
      <ItemCode>7290003457922</ItemCode>
      <ItemType>1</ItemType>
      <ItemName>שלגון מגנום שוקו</ItemName>
      <ManufacturerName>שטראוס גלידות</ManufacturerName>
      <ManufactureCountry>ישראל</ManufactureCountry>
      <ManufacturerItemDescription>שלגון מגנום שוקו</ManufacturerItemDescription>
      <UnitQty>גרמים</UnitQty>
      <Quantity>91.00</Quantity>
      <UnitOfMeasure>100 גרם</UnitOfMeasure>
      <bIsWeighted>0</bIsWeighted>
      <QtyInPackage>1</QtyInPackage>
      <ItemPrice>11.80</ItemPrice>
      <UnitOfMeasurePrice>12.9670</UnitOfMeasurePrice>
      <AllowDiscount>1</AllowDiscount>
      <ItemStatus>1</ItemStatus>
      <ItemId>12181</ItemId>
    </Item>
    <Item>
      <PriceUpdateDate>2015-10-01 06:15:10</PriceUpdateDate>
      <ItemCode>7290004554613</ItemCode>
      <ItemType>1</ItemType>
      <ItemName>שלגון שוקובו לבן</ItemName>
      <ManufacturerName>שטראוס גלידות</ManufacturerName>
      <ManufactureCountry>ישראל</ManufactureCountry>
      <ManufacturerItemDescription>שלגון שוקובו לבן</ManufacturerItemDescription>
      <UnitQty>גרמים</UnitQty>
      <Quantity>96.00</Quantity>
      <UnitOfMeasure>100 גרם</UnitOfMeasure>
      <bIsWeighted>0</bIsWeighted>
      <QtyInPackage>1</QtyInPackage>
      <ItemPrice>9.80</ItemPrice>
      <UnitOfMeasurePrice>10.2083</UnitOfMeasurePrice>
      <AllowDiscount>1</AllowDiscount>
      <ItemStatus>1</ItemStatus>
      <ItemId>12192</ItemId>
    </Item>
    <Item>
      <PriceUpdateDate>2016-03-11 08:28:27</PriceUpdateDate>
      <ItemCode>7290004554958</ItemCode>
      <ItemType>1</ItemType>
      <ItemName>שלגון פרוטי</ItemName>
      <ManufacturerName>שטראוס גלידות</ManufacturerName>
      <ManufactureCountry>ישראל</ManufactureCountry>
      <ManufacturerItemDescription>שלגון פרוטי</ManufacturerItemDescription>
      <UnitQty>גרמים</UnitQty>
      <Quantity>70.00</Quantity>
      <UnitOfMeasure>100 גרם</UnitOfMeasure>
      <bIsWeighted>0</bIsWeighted>
      <QtyInPackage>1</QtyInPackage>
      <ItemPrice>3.50</ItemPrice>
      <UnitOfMeasurePrice>5.0000</UnitOfMeasurePrice>
      <AllowDiscount>1</AllowDiscount>
      <ItemStatus>1</ItemStatus>
      <ItemId>12193</ItemId>
    </Item>
    <Item>
      <PriceUpdateDate>2015-10-01 06:16:20</PriceUpdateDate>
      <ItemCode>7290004872243</ItemCode>
      <ItemType>1</ItemType>
      <ItemName>שלגון בננה מצופה</ItemName>
      <ManufacturerName>נגה גלידות</ManufacturerName>
      <ManufactureCountry>ישראל</ManufactureCountry>
      <ManufacturerItemDescription>שלגון בננה מצופה</ManufacturerItemDescription>
      <UnitQty>Unknown </UnitQty>
      <Quantity>0.00</Quantity>
      <UnitOfMeasure>Unknown </UnitOfMeasure>
      <bIsWeighted>0</bIsWeighted>
      <QtyInPackage>1</QtyInPackage>
      <ItemPrice>5.80</ItemPrice>
      <UnitOfMeasurePrice>0.0000</UnitOfMeasurePrice>
      <AllowDiscount>1</AllowDiscount>
      <ItemStatus>1</ItemStatus>
      <ItemId>12196</ItemId>
    </Item>
    <Item>
      <PriceUpdateDate>2015-10-01 06:16:20</PriceUpdateDate>
      <ItemCode>7290004872250</ItemCode>
      <ItemType>1</ItemType>
      <ItemName>שלגון אבטיח קיץ</ItemName>
      <ManufacturerName>נגה גלידות</ManufacturerName>
      <ManufactureCountry>ישראל</ManufactureCountry>
      <ManufacturerItemDescription>שלגון אבטיח קיץ</ManufacturerItemDescription>
      <UnitQty>Unknown </UnitQty>
      <Quantity>0.00</Quantity>
      <UnitOfMeasure>Unknown </UnitOfMeasure>
      <bIsWeighted>0</bIsWeighted>
      <QtyInPackage>1</QtyInPackage>
      <ItemPrice>5.80</ItemPrice>
      <UnitOfMeasurePrice>0.0000</UnitOfMeasurePrice>
      <AllowDiscount>1</AllowDiscount>
      <ItemStatus>1</ItemStatus>
      <ItemId>12197</ItemId>
    </Item>
    <Item>
      <PriceUpdateDate>2015-01-01 00:00:00</PriceUpdateDate>
      <ItemCode>7290004872359</ItemCode>
      <ItemType>1</ItemType>
      <ItemName>שלגון קרח דובדבן</ItemName>
      <ManufacturerName>נגה גלידות</ManufacturerName>
      <ManufactureCountry>ישראל</ManufactureCountry>
      <ManufacturerItemDescription>שלגון קרח דובדבן</ManufacturerItemDescription>
      <UnitQty>Unknown </UnitQty>
      <Quantity>0.00</Quantity>
      <UnitOfMeasure>Unknown </UnitOfMeasure>
      <bIsWeighted>0</bIsWeighted>
      <QtyInPackage>1</QtyInPackage>
      <ItemPrice>2.90</ItemPrice>
      <UnitOfMeasurePrice>0.0000</UnitOfMeasurePrice>
      <AllowDiscount>1</AllowDiscount>
      <ItemStatus>1</ItemStatus>
      <ItemId>12198</ItemId>
    </Item>
    <Item>
      <PriceUpdateDate>2015-10-01 06:15:10</PriceUpdateDate>
      <ItemCode>7290005854835</ItemCode>
      <ItemType>1</ItemType>
      <ItemName>טילון מגנום</ItemName>
      <ManufacturerName>שטראוס גלידות</ManufacturerName>
      <ManufactureCountry>ישראל</ManufactureCountry>
      <ManufacturerItemDescription>טילון מגנום</ManufacturerItemDescription>
      <UnitQty>גרמים</UnitQty>
      <Quantity>125.00</Quantity>
      <UnitOfMeasure>100 גרם</UnitOfMeasure>
      <bIsWeighted>0</bIsWeighted>
      <QtyInPackage>1</QtyInPackage>
      <ItemPrice>11.80</ItemPrice>
      <UnitOfMeasurePrice>9.4400</UnitOfMeasurePrice>
      <AllowDiscount>1</AllowDiscount>
      <ItemStatus>1</ItemStatus>
      <ItemId>12203</ItemId>
    </Item>
    <Item>
      <PriceUpdateDate>2015-10-01 06:13:16</PriceUpdateDate>
      <ItemCode>72940983</ItemCode>
      <ItemType>1</ItemType>
      <ItemName>חומוס אחלה</ItemName>
      <ManufacturerName>שטראוס גרופ</ManufacturerName>
      <ManufactureCountry>לא ידוע</ManufactureCountry>
      <ManufacturerItemDescription>חומוס אחלה 250 גר</ManufacturerItemDescription>
      <UnitQty>גרמים</UnitQty>
      <Quantity>250.00</Quantity>
      <UnitOfMeasure>100 גרם</UnitOfMeasure>
      <bIsWeighted>0</bIsWeighted>
      <QtyInPackage>1</QtyInPackage>
      <ItemPrice>9.30</ItemPrice>
      <UnitOfMeasurePrice>3.7200</UnitOfMeasurePrice>
      <AllowDiscount>1</AllowDiscount>
      <ItemStatus>1</ItemStatus>
      <ItemId>12209</ItemId>
    </Item>
    <Item>
      <PriceUpdateDate>2015-10-01 06:15:10</PriceUpdateDate>
      <ItemCode>7290003457946</ItemCode>
      <ItemType>1</ItemType>
      <ItemName>שלגון מגנום שקד</ItemName>
      <ManufacturerName>שטראוס גלידות</ManufacturerName>
      <ManufactureCountry>ישראל</ManufactureCountry>
      <ManufacturerItemDescription>שלגון מגנום שקד</ManufacturerItemDescription>
      <UnitQty>גרמים</UnitQty>
      <Quantity>93.00</Quantity>
      <UnitOfMeasure>100 גרם</UnitOfMeasure>
      <bIsWeighted>0</bIsWeighted>
      <QtyInPackage>1</QtyInPackage>
      <ItemPrice>11.80</ItemPrice>
      <UnitOfMeasurePrice>12.6882</UnitOfMeasurePrice>
      <AllowDiscount>1</AllowDiscount>
      <ItemStatus>1</ItemStatus>
      <ItemId>12266</ItemId>
    </Item>
    <Item>
      <PriceUpdateDate>2015-08-02 08:18:33</PriceUpdateDate>
      <ItemCode>7290004122089</ItemCode>
      <ItemType>1</ItemType>
      <ItemName>פתיתי עמק למאפים 200</ItemName>
      <ManufacturerName>תנובה מרכז שיתופי לש</ManufacturerName>
      <ManufactureCountry>ישראל</ManufactureCountry>
      <ManufacturerItemDescription>פתיתי עמק למאפים 200 גרם</ManufacturerItemDescription>
      <UnitQty>גרמים</UnitQty>
      <Quantity>200.00</Quantity>
      <UnitOfMeasure>100 גרם</UnitOfMeasure>
      <bIsWeighted>0</bIsWeighted>
      <QtyInPackage>1</QtyInPackage>
      <ItemPrice>14.80</ItemPrice>
      <UnitOfMeasurePrice>7.4000</UnitOfMeasurePrice>
      <AllowDiscount>1</AllowDiscount>
      <ItemStatus>1</ItemStatus>
      <ItemId>12272</ItemId>
    </Item>
    <Item>
      <PriceUpdateDate>2015-10-01 06:15:10</PriceUpdateDate>
      <ItemCode>7290004554422</ItemCode>
      <ItemType>1</ItemType>
      <ItemName>שלגון קורנטו</ItemName>
      <ManufacturerName>שטראוס גלידות</ManufacturerName>
      <ManufactureCountry>ישראל</ManufactureCountry>
      <ManufacturerItemDescription>שלגון קורנטו</ManufacturerItemDescription>
      <UnitQty>גרמים</UnitQty>
      <Quantity>118.00</Quantity>
      <UnitOfMeasure>100 גרם</UnitOfMeasure>
      <bIsWeighted>0</bIsWeighted>
      <QtyInPackage>1</QtyInPackage>
      <ItemPrice>11.80</ItemPrice>
      <UnitOfMeasurePrice>10.0000</UnitOfMeasurePrice>
      <AllowDiscount>1</AllowDiscount>
      <ItemStatus>1</ItemStatus>
      <ItemId>12280</ItemId>
    </Item>
    <Item>
      <PriceUpdateDate>2016-03-27 13:45:11</PriceUpdateDate>
      <ItemCode>7290004872014</ItemCode>
      <ItemType>1</ItemType>
      <ItemName>שלגון גומיגם כשל"פ</ItemName>
      <ManufacturerName>נגה גלידות</ManufacturerName>
      <ManufactureCountry>ישראל</ManufactureCountry>
      <ManufacturerItemDescription>שלגון גומיגם</ManufacturerItemDescription>
      <UnitQty>Unknown </UnitQty>
      <Quantity>0.00</Quantity>
      <UnitOfMeasure>Unknown </UnitOfMeasure>
      <bIsWeighted>0</bIsWeighted>
      <QtyInPackage>1</QtyInPackage>
      <ItemPrice>7.90</ItemPrice>
      <UnitOfMeasurePrice>0.0000</UnitOfMeasurePrice>
      <AllowDiscount>1</AllowDiscount>
      <ItemStatus>1</ItemStatus>
      <ItemId>12283</ItemId>
    </Item>
    <Item>
      <PriceUpdateDate>2015-01-01 00:00:00</PriceUpdateDate>
      <ItemCode>7290004872069</ItemCode>
      <ItemType>1</ItemType>
      <ItemName>שלגון קרח לימון</ItemName>
      <ManufacturerName>נגה גלידות</ManufacturerName>
      <ManufactureCountry>ישראל</ManufactureCountry>
      <ManufacturerItemDescription>שלגון קרח לימון</ManufacturerItemDescription>
      <UnitQty>Unknown </UnitQty>
      <Quantity>0.00</Quantity>
      <UnitOfMeasure>Unknown </UnitOfMeasure>
      <bIsWeighted>0</bIsWeighted>
      <QtyInPackage>1</QtyInPackage>
      <ItemPrice>2.90</ItemPrice>
      <UnitOfMeasurePrice>0.0000</UnitOfMeasurePrice>
      <AllowDiscount>1</AllowDiscount>
      <ItemStatus>1</ItemStatus>
      <ItemId>12284</ItemId>
    </Item>
    <Item>
      <PriceUpdateDate>2015-10-12 17:16:03</PriceUpdateDate>
      <ItemCode>7290005426360</ItemCode>
      <ItemType>1</ItemType>
      <ItemName>קרמה תחליב רחצה דבש</ItemName>
      <ManufacturerName>קוסמופארם</ManufacturerName>
      <ManufactureCountry>ישראל</ManufactureCountry>
      <ManufacturerItemDescription>קרמה תחליב רחצה דבש 750  מל            .</ManufacturerItemDescription>
      <UnitQty>מיליליטרים</UnitQty>
      <Quantity>750.00</Quantity>
      <UnitOfMeasure>100 מ"ל</UnitOfMeasure>
      <bIsWeighted>0</bIsWeighted>
      <QtyInPackage>1</QtyInPackage>
      <ItemPrice>21.50</ItemPrice>
      <UnitOfMeasurePrice>2.8667</UnitOfMeasurePrice>
      <AllowDiscount>1</AllowDiscount>
      <ItemStatus>1</ItemStatus>
      <ItemId>12479</ItemId>
    </Item>
    <Item>
      <PriceUpdateDate>2015-01-01 00:00:00</PriceUpdateDate>
      <ItemCode>97</ItemCode>
      <ItemType>0</ItemType>
      <ItemName>בצל  אדום</ItemName>
      <ManufacturerName>חקלאי</ManufacturerName>
      <ManufactureCountry>ישראל</ManufactureCountry>
      <ManufacturerItemDescription>בצל  אדום</ManufacturerItemDescription>
      <UnitQty>קילוגרמים</UnitQty>
      <Quantity>1.00</Quantity>
      <UnitOfMeasure>ק"ג</UnitOfMeasure>
      <bIsWeighted>1</bIsWeighted>
      <QtyInPackage>לא ידוע</QtyInPackage>
      <ItemPrice>8.90</ItemPrice>
      <UnitOfMeasurePrice>8.9000</UnitOfMeasurePrice>
      <AllowDiscount>1</AllowDiscount>
      <ItemStatus>1</ItemStatus>
      <ItemId>12539</ItemId>
    </Item>
    <Item>
      <PriceUpdateDate>2015-08-09 08:03:30</PriceUpdateDate>
      <ItemCode>7290006983787</ItemCode>
      <ItemType>1</ItemType>
      <ItemName>עוגת הבית שוקוציפס</ItemName>
      <ManufacturerName>אסם</ManufacturerName>
      <ManufactureCountry>ישראל</ManufactureCountry>
      <ManufacturerItemDescription>עוגת הבית שוקוציפס 400 גר</ManufacturerItemDescription>
      <UnitQty>גרמים</UnitQty>
      <Quantity>400.00</Quantity>
      <UnitOfMeasure>100 גרם</UnitOfMeasure>
      <bIsWeighted>0</bIsWeighted>
      <QtyInPackage>1</QtyInPackage>
      <ItemPrice>15.90</ItemPrice>
      <UnitOfMeasurePrice>3.9750</UnitOfMeasurePrice>
      <AllowDiscount>1</AllowDiscount>
      <ItemStatus>1</ItemStatus>
      <ItemId>12602</ItemId>
    </Item>
    <Item>
      <PriceUpdateDate>2015-08-09 08:03:30</PriceUpdateDate>
      <ItemCode>7290006983794</ItemCode>
      <ItemType>1</ItemType>
      <ItemName>עוגת הבית תפוז</ItemName>
      <ManufacturerName>אסם</ManufacturerName>
      <ManufactureCountry>ישראל</ManufactureCountry>
      <ManufacturerItemDescription>עוגת הבית תפוז 400 גר</ManufacturerItemDescription>
      <UnitQty>גרמים</UnitQty>
      <Quantity>400.00</Quantity>
      <UnitOfMeasure>100 גרם</UnitOfMeasure>
      <bIsWeighted>0</bIsWeighted>
      <QtyInPackage>1</QtyInPackage>
      <ItemPrice>15.90</ItemPrice>
      <UnitOfMeasurePrice>3.9750</UnitOfMeasurePrice>
      <AllowDiscount>1</AllowDiscount>
      <ItemStatus>1</ItemStatus>
      <ItemId>12603</ItemId>
    </Item>
    <Item>
      <PriceUpdateDate>2015-10-01 06:13:16</PriceUpdateDate>
      <ItemCode>7290008754682</ItemCode>
      <ItemType>1</ItemType>
      <ItemName>רולדת קוקוס מצופה</ItemName>
      <ManufacturerName>שטראוס גרופ</ManufacturerName>
      <ManufactureCountry>ישראל</ManufactureCountry>
      <ManufacturerItemDescription>רולדת קוקוס מצופה 350 גרם</ManufacturerItemDescription>
      <UnitQty>גרמים</UnitQty>
      <Quantity>350.00</Quantity>
      <UnitOfMeasure>100 גרם</UnitOfMeasure>
      <bIsWeighted>0</bIsWeighted>
      <QtyInPackage>1</QtyInPackage>
      <ItemPrice>18.50</ItemPrice>
      <UnitOfMeasurePrice>5.2857</UnitOfMeasurePrice>
      <AllowDiscount>1</AllowDiscount>
      <ItemStatus>1</ItemStatus>
      <ItemId>12644</ItemId>
    </Item>
    <Item>
      <PriceUpdateDate>2015-11-24 14:35:42</PriceUpdateDate>
      <ItemCode>7290000146997</ItemCode>
      <ItemType>1</ItemType>
      <ItemName>טום וגרי מש.שינ.לילד</ItemName>
      <ManufacturerName>טרופיקל דגיל</ManufacturerName>
      <ManufactureCountry>ישראל</ManufactureCountry>
      <ManufacturerItemDescription>טום וג"רי מש.שיניים לילדים50 מ</ManufacturerItemDescription>
      <UnitQty>מיליליטרים</UnitQty>
      <Quantity>50.00</Quantity>
      <UnitOfMeasure>100 מ"ל</UnitOfMeasure>
      <bIsWeighted>0</bIsWeighted>
      <QtyInPackage>1</QtyInPackage>
      <ItemPrice>9.10</ItemPrice>
      <UnitOfMeasurePrice>18.2000</UnitOfMeasurePrice>
      <AllowDiscount>1</AllowDiscount>
      <ItemStatus>1</ItemStatus>
      <ItemId>12719</ItemId>
    </Item>
    <Item>
      <PriceUpdateDate>2016-06-15 07:39:59</PriceUpdateDate>
      <ItemCode>7290014603981</ItemCode>
      <ItemType>1</ItemType>
      <ItemName>קארט דור טירמיסו</ItemName>
      <ManufacturerName>שטראוס גלידות</ManufacturerName>
      <ManufactureCountry>ישראל</ManufactureCountry>
      <ManufacturerItemDescription>קארט דור טירמיסו</ManufacturerItemDescription>
      <UnitQty>גרמים</UnitQty>
      <Quantity>520.00</Quantity>
      <UnitOfMeasure>100 גרם</UnitOfMeasure>
      <bIsWeighted>0</bIsWeighted>
      <QtyInPackage>1</QtyInPackage>
      <ItemPrice>19.90</ItemPrice>
      <UnitOfMeasurePrice>3.8269</UnitOfMeasurePrice>
      <AllowDiscount>1</AllowDiscount>
      <ItemStatus>1</ItemStatus>
      <ItemId>101873</ItemId>
    </Item>
    <Item>
      <PriceUpdateDate>2016-01-14 08:33:17</PriceUpdateDate>
      <ItemCode>5413149029798</ItemCode>
      <ItemType>1</ItemType>
      <ItemName>פיירי קלאסי נ.כלים</ItemName>
      <ManufacturerName>פרוקטר אנד גמבל</ManufacturerName>
      <ManufactureCountry>לא ידוע</ManufactureCountry>
      <ManufacturerItemDescription>פיירי קלאסי נוזל כלים 750 מ"ל</ManufacturerItemDescription>
      <UnitQty>מיליליטרים</UnitQty>
      <Quantity>750.00</Quantity>
      <UnitOfMeasure>100 מ"ל</UnitOfMeasure>
      <bIsWeighted>0</bIsWeighted>
      <QtyInPackage>1</QtyInPackage>
      <ItemPrice>12.80</ItemPrice>
      <UnitOfMeasurePrice>1.7067</UnitOfMeasurePrice>
      <AllowDiscount>1</AllowDiscount>
      <ItemStatus>1</ItemStatus>
      <ItemId>12791</ItemId>
    </Item>
    <Item>
      <PriceUpdateDate>2015-12-25 08:01:48</PriceUpdateDate>
      <ItemCode>7290000112237</ItemCode>
      <ItemType>1</ItemType>
      <ItemName>טחינה גולמית       .</ItemName>
      <ManufacturerName>רושדי תעשיות מזון בע</ManufacturerName>
      <ManufactureCountry>ישראל</ManufactureCountry>
      <ManufacturerItemDescription>טחינה גולמית 1 קג                      .</ManufacturerItemDescription>
      <UnitQty>קילוגרמים</UnitQty>
      <Quantity>1.00</Quantity>
      <UnitOfMeasure>ק"ג</UnitOfMeasure>
      <bIsWeighted>0</bIsWeighted>
      <QtyInPackage>1</QtyInPackage>
      <ItemPrice>34.90</ItemPrice>
      <UnitOfMeasurePrice>34.9000</UnitOfMeasurePrice>
      <AllowDiscount>1</AllowDiscount>
      <ItemStatus>1</ItemStatus>
      <ItemId>12934</ItemId>
    </Item>
    <Item>
      <PriceUpdateDate>2015-10-01 06:15:31</PriceUpdateDate>
      <ItemCode>7290013585394</ItemCode>
      <ItemType>1</ItemType>
      <ItemName>קוקה קולה 1 ליטר</ItemName>
      <ManufacturerName>החברה המרכזית למשקאו</ManufacturerName>
      <ManufactureCountry>ישראל</ManufactureCountry>
      <ManufacturerItemDescription>קוקה קולה 1 ליטר</ManufacturerItemDescription>
      <UnitQty>ליטרים</UnitQty>
      <Quantity>1.00</Quantity>
      <UnitOfMeasure>ליטר</UnitOfMeasure>
      <bIsWeighted>0</bIsWeighted>
      <QtyInPackage>1</QtyInPackage>
      <ItemPrice>5.80</ItemPrice>
      <UnitOfMeasurePrice>5.8000</UnitOfMeasurePrice>
      <AllowDiscount>1</AllowDiscount>
      <ItemStatus>1</ItemStatus>
      <ItemId>102910</ItemId>
    </Item>
    <Item>
      <PriceUpdateDate>2015-01-01 00:00:00</PriceUpdateDate>
      <ItemCode>7290001670873</ItemCode>
      <ItemType>1</ItemType>
      <ItemName>צלחות ח.פ .קשיח</ItemName>
      <ManufacturerName>שיווק שומרון</ManufacturerName>
      <ManufactureCountry>ישראל</ManufactureCountry>
      <ManufacturerItemDescription>צלחות ח.פ .קשיח 1 ק"ג</ManufacturerItemDescription>
      <UnitQty>קילוגרמים</UnitQty>
      <Quantity>1.00</Quantity>
      <UnitOfMeasure>ק"ג</UnitOfMeasure>
      <bIsWeighted>0</bIsWeighted>
      <QtyInPackage>1</QtyInPackage>
      <ItemPrice>19.90</ItemPrice>
      <UnitOfMeasurePrice>19.9000</UnitOfMeasurePrice>
      <AllowDiscount>1</AllowDiscount>
      <ItemStatus>1</ItemStatus>
      <ItemId>12950</ItemId>
    </Item>
    <Item>
      <PriceUpdateDate>2015-10-01 06:16:28</PriceUpdateDate>
      <ItemCode>7290000197654</ItemCode>
      <ItemType>1</ItemType>
      <ItemName>אשפתון ענק 50 יח   "</ItemName>
      <ManufacturerName>אשפלסט</ManufacturerName>
      <ManufactureCountry>ישראל</ManufactureCountry>
      <ManufacturerItemDescription>אשפתון ענק 50 75*90 יחידות</ManufacturerItemDescription>
      <UnitQty>Unknown </UnitQty>
      <Quantity>0.00</Quantity>
      <UnitOfMeasure>Unknown </UnitOfMeasure>
      <bIsWeighted>0</bIsWeighted>
      <QtyInPackage>1</QtyInPackage>
      <ItemPrice>24.70</ItemPrice>
      <UnitOfMeasurePrice>0.0000</UnitOfMeasurePrice>
      <AllowDiscount>1</AllowDiscount>
      <ItemStatus>1</ItemStatus>
      <ItemId>12958</ItemId>
    </Item>
    <Item>
      <PriceUpdateDate>2015-10-01 06:16:28</PriceUpdateDate>
      <ItemCode>7290000204086</ItemCode>
      <ItemType>1</ItemType>
      <ItemName>כרית קירצוף ניקול1+2</ItemName>
      <ManufacturerName>UFO</ManufacturerName>
      <ManufactureCountry>ארצות הברית</ManufactureCountry>
      <ManufacturerItemDescription>כרית קירצוף ניקול                   1+2</ManufacturerItemDescription>
      <UnitQty>Unknown </UnitQty>
      <Quantity>0.00</Quantity>
      <UnitOfMeasure>Unknown </UnitOfMeasure>
      <bIsWeighted>0</bIsWeighted>
      <QtyInPackage>1</QtyInPackage>
      <ItemPrice>13.80</ItemPrice>
      <UnitOfMeasurePrice>0.0000</UnitOfMeasurePrice>
      <AllowDiscount>1</AllowDiscount>
      <ItemStatus>1</ItemStatus>
      <ItemId>12962</ItemId>
    </Item>
    <Item>
      <PriceUpdateDate>2015-10-01 06:14:34</PriceUpdateDate>
      <ItemCode>7290000289472</ItemCode>
      <ItemType>1</ItemType>
      <ItemName>שקיות אשפה סנו סושי</ItemName>
      <ManufacturerName>אשפלסט</ManufacturerName>
      <ManufactureCountry>ישראל</ManufactureCountry>
      <ManufacturerItemDescription>שקיות אשפה סנו סושי50 יח          76*90</ManufacturerItemDescription>
      <UnitQty>Unknown </UnitQty>
      <Quantity>0.00</Quantity>
      <UnitOfMeasure>Unknown </UnitOfMeasure>
      <bIsWeighted>0</bIsWeighted>
      <QtyInPackage>1</QtyInPackage>
      <ItemPrice>22.70</ItemPrice>
      <UnitOfMeasurePrice>0.0000</UnitOfMeasurePrice>
      <AllowDiscount>1</AllowDiscount>
      <ItemStatus>1</ItemStatus>
      <ItemId>12976</ItemId>
    </Item>
    <Item>
      <PriceUpdateDate>2016-06-07 08:19:28</PriceUpdateDate>
      <ItemCode>3014260201753</ItemCode>
      <ItemType>1</ItemType>
      <ItemName>ס.ג בלו 2 ח.פ   1/5</ItemName>
      <ManufacturerName>פרוקטר אנד גמבל</ManufacturerName>
      <ManufactureCountry>לא ידוע</ManufactureCountry>
      <ManufacturerItemDescription>ס.ג בלו LH 2 ח.פ                    1/5</ManufacturerItemDescription>
      <UnitQty>קילוגרמים</UnitQty>
      <Quantity>100.00</Quantity>
      <UnitOfMeasure>ק"ג</UnitOfMeasure>
      <bIsWeighted>0</bIsWeighted>
      <QtyInPackage>1</QtyInPackage>
      <ItemPrice>17.70</ItemPrice>
      <UnitOfMeasurePrice>0.1770</UnitOfMeasurePrice>
      <AllowDiscount>1</AllowDiscount>
      <ItemStatus>1</ItemStatus>
      <ItemId>12981</ItemId>
    </Item>
    <Item>
      <PriceUpdateDate>2015-01-01 00:00:00</PriceUpdateDate>
      <ItemCode>7290003411689</ItemCode>
      <ItemType>1</ItemType>
      <ItemName>לפתניות ח.פ</ItemName>
      <ManufacturerName>איסף</ManufacturerName>
      <ManufactureCountry>ישראל</ManufactureCountry>
      <ManufacturerItemDescription>לפתניות ח.פ .25יח</ManufacturerItemDescription>
      <UnitQty>Unknown </UnitQty>
      <Quantity>0.00</Quantity>
      <UnitOfMeasure>Unknown </UnitOfMeasure>
      <bIsWeighted>0</bIsWeighted>
      <QtyInPackage>1</QtyInPackage>
      <ItemPrice>3.40</ItemPrice>
      <UnitOfMeasurePrice>0.0000</UnitOfMeasurePrice>
      <AllowDiscount>1</AllowDiscount>
      <ItemStatus>1</ItemStatus>
      <ItemId>12987</ItemId>
    </Item>
    <Item>
      <PriceUpdateDate>2015-08-02 08:17:33</PriceUpdateDate>
      <ItemCode>7290003411696</ItemCode>
      <ItemType>1</ItemType>
      <ItemName>מרקיות חד פעמי</ItemName>
      <ManufacturerName>,</ManufacturerName>
      <ManufactureCountry>לא ידוע</ManufactureCountry>
      <ManufacturerItemDescription>מרקיות חד פעמי 25 יח</ManufacturerItemDescription>
      <UnitQty>Unknown </UnitQty>
      <Quantity>0.00</Quantity>
      <UnitOfMeasure>Unknown </UnitOfMeasure>
      <bIsWeighted>0</bIsWeighted>
      <QtyInPackage>1</QtyInPackage>
      <ItemPrice>6.20</ItemPrice>
      <UnitOfMeasurePrice>0.0000</UnitOfMeasurePrice>
      <AllowDiscount>1</AllowDiscount>
      <ItemStatus>1</ItemStatus>
      <ItemId>12988</ItemId>
    </Item>
    <Item>
      <PriceUpdateDate>2015-10-01 06:14:34</PriceUpdateDate>
      <ItemCode>7290005425202</ItemCode>
      <ItemType>1</ItemType>
      <ItemName>אבק.כביסה מקסימה ביו</ItemName>
      <ManufacturerName>סנו</ManufacturerName>
      <ManufactureCountry>ישראל</ManufactureCountry>
      <ManufacturerItemDescription>אבק.כביסה מקסימה ביו 2.5 קג</ManufacturerItemDescription>
      <UnitQty>קילוגרמים</UnitQty>
      <Quantity>2.50</Quantity>
      <UnitOfMeasure>ק"ג</UnitOfMeasure>
      <bIsWeighted>0</bIsWeighted>
      <QtyInPackage>1</QtyInPackage>
      <ItemPrice>25.60</ItemPrice>
      <UnitOfMeasurePrice>10.2400</UnitOfMeasurePrice>
      <AllowDiscount>1</AllowDiscount>
      <ItemStatus>1</ItemStatus>
      <ItemId>13020</ItemId>
    </Item>
    <Item>
      <PriceUpdateDate>2015-10-01 06:14:34</PriceUpdateDate>
      <ItemCode>7290005427503</ItemCode>
      <ItemType>1</ItemType>
      <ItemName>כיף מרכך לשיער יבש</ItemName>
      <ManufacturerName>קוסמופארם</ManufacturerName>
      <ManufactureCountry>ישראל</ManufactureCountry>
      <ManufacturerItemDescription>כיף מרכך לשיער יבש 750 מל</ManufacturerItemDescription>
      <UnitQty>מיליליטרים</UnitQty>
      <Quantity>750.00</Quantity>
      <UnitOfMeasure>100 מ"ל</UnitOfMeasure>
      <bIsWeighted>0</bIsWeighted>
      <QtyInPackage>1</QtyInPackage>
      <ItemPrice>11.80</ItemPrice>
      <UnitOfMeasurePrice>1.5733</UnitOfMeasurePrice>
      <AllowDiscount>1</AllowDiscount>
      <ItemStatus>1</ItemStatus>
      <ItemId>13022</ItemId>
    </Item>
    <Item>
      <PriceUpdateDate>2015-10-01 06:14:34</PriceUpdateDate>
      <ItemCode>7290005427572</ItemCode>
      <ItemType>1</ItemType>
      <ItemName>כיף שמפו לשיער יבש</ItemName>
      <ManufacturerName>קוסמופארם</ManufacturerName>
      <ManufactureCountry>ישראל</ManufactureCountry>
      <ManufacturerItemDescription>כיף שמפו לשיער יבש 750  מל</ManufacturerItemDescription>
      <UnitQty>מיליליטרים</UnitQty>
      <Quantity>750.00</Quantity>
      <UnitOfMeasure>100 מ"ל</UnitOfMeasure>
      <bIsWeighted>0</bIsWeighted>
      <QtyInPackage>1</QtyInPackage>
      <ItemPrice>11.80</ItemPrice>
      <UnitOfMeasurePrice>1.5733</UnitOfMeasurePrice>
      <AllowDiscount>1</AllowDiscount>
      <ItemStatus>1</ItemStatus>
      <ItemId>13023</ItemId>
    </Item>
    <Item>
      <PriceUpdateDate>2016-05-19 11:17:49</PriceUpdateDate>
      <ItemCode>7290006664532</ItemCode>
      <ItemType>1</ItemType>
      <ItemName>יוגורט דנונה תות</ItemName>
      <ManufacturerName>שטראוס גרופ</ManufacturerName>
      <ManufactureCountry>ישראל</ManufactureCountry>
      <ManufacturerItemDescription>יוגורט דנונה תות                 3% 150</ManufacturerItemDescription>
      <UnitQty>גרמים</UnitQty>
      <Quantity>150.00</Quantity>
      <UnitOfMeasure>100 גרם</UnitOfMeasure>
      <bIsWeighted>0</bIsWeighted>
      <QtyInPackage>1</QtyInPackage>
      <ItemPrice>4.50</ItemPrice>
      <UnitOfMeasurePrice>3.0000</UnitOfMeasurePrice>
      <AllowDiscount>1</AllowDiscount>
      <ItemStatus>1</ItemStatus>
      <ItemId>13095</ItemId>
    </Item>
    <Item>
      <PriceUpdateDate>2016-04-08 06:53:21</PriceUpdateDate>
      <ItemCode>4015000280372</ItemCode>
      <ItemType>1</ItemType>
      <ItemName>דאו.רולאון פה לגבר</ItemName>
      <ManufacturerName>שוורצקופף והנקל</ManufacturerName>
      <ManufactureCountry>גרמניה</ManufactureCountry>
      <ManufacturerItemDescription>דאו.רולאון פה לגבר 50 גר               .</ManufacturerItemDescription>
      <UnitQty>גרמים</UnitQty>
      <Quantity>50.00</Quantity>
      <UnitOfMeasure>100 גרם</UnitOfMeasure>
      <bIsWeighted>0</bIsWeighted>
      <QtyInPackage>1</QtyInPackage>
      <ItemPrice>18.20</ItemPrice>
      <UnitOfMeasurePrice>36.4000</UnitOfMeasurePrice>
      <AllowDiscount>1</AllowDiscount>
      <ItemStatus>1</ItemStatus>
      <ItemId>13128</ItemId>
    </Item>
    <Item>
      <PriceUpdateDate>2016-05-19 15:15:14</PriceUpdateDate>
      <ItemCode>4101540708510</ItemCode>
      <ItemType>1</ItemType>
      <ItemName>בסיס לעוגת טורט וניל</ItemName>
      <ManufacturerName>KuchenMeister GmbH</ManufacturerName>
      <ManufactureCountry>לא ידוע</ManufactureCountry>
      <ManufacturerItemDescription>בסיס לעוגת טורט וניל 400 גרם קושנמייסטר</ManufacturerItemDescription>
      <UnitQty>גרמים</UnitQty>
      <Quantity>400.00</Quantity>
      <UnitOfMeasure>100 גרם</UnitOfMeasure>
      <bIsWeighted>0</bIsWeighted>
      <QtyInPackage>1</QtyInPackage>
      <ItemPrice>15.90</ItemPrice>
      <UnitOfMeasurePrice>3.9750</UnitOfMeasurePrice>
      <AllowDiscount>1</AllowDiscount>
      <ItemStatus>1</ItemStatus>
      <ItemId>109498</ItemId>
    </Item>
    <Item>
      <PriceUpdateDate>2016-03-11 08:28:27</PriceUpdateDate>
      <ItemCode>7290001327906</ItemCode>
      <ItemType>1</ItemType>
      <ItemName>שוטס תות בננה</ItemName>
      <ManufacturerName>שטראוס גלידות</ManufacturerName>
      <ManufactureCountry>גרמניה</ManufactureCountry>
      <ManufacturerItemDescription>שוטס תות בננה</ManufacturerItemDescription>
      <UnitQty>גרמים</UnitQty>
      <Quantity>98.00</Quantity>
      <UnitOfMeasure>100 גרם</UnitOfMeasure>
      <bIsWeighted>0</bIsWeighted>
      <QtyInPackage>1</QtyInPackage>
      <ItemPrice>9.80</ItemPrice>
      <UnitOfMeasurePrice>10.0000</UnitOfMeasurePrice>
      <AllowDiscount>1</AllowDiscount>
      <ItemStatus>1</ItemStatus>
      <ItemId>13185</ItemId>
    </Item>
    <Item>
      <PriceUpdateDate>2015-01-01 00:00:00</PriceUpdateDate>
      <ItemCode>7290004554330</ItemCode>
      <ItemType>1</ItemType>
      <ItemName>אסקימו דובדבן</ItemName>
      <ManufacturerName>שטראוס גלידות</ManufacturerName>
      <ManufactureCountry>ישראל</ManufactureCountry>
      <ManufacturerItemDescription>אסקימו דובדבן</ManufacturerItemDescription>
      <UnitQty>גרמים</UnitQty>
      <Quantity>84.00</Quantity>
      <UnitOfMeasure>100 גרם</UnitOfMeasure>
      <bIsWeighted>0</bIsWeighted>
      <QtyInPackage>1</QtyInPackage>
      <ItemPrice>2.90</ItemPrice>
      <UnitOfMeasurePrice>3.4524</UnitOfMeasurePrice>
      <AllowDiscount>1</AllowDiscount>
      <ItemStatus>1</ItemStatus>
      <ItemId>13197</ItemId>
    </Item>
    <Item>
      <PriceUpdateDate>2015-10-01 06:15:10</PriceUpdateDate>
      <ItemCode>7290004554798</ItemCode>
      <ItemType>1</ItemType>
      <ItemName>שלגון מטרה</ItemName>
      <ManufacturerName>שטראוס גלידות</ManufacturerName>
      <ManufactureCountry>ישראל</ManufactureCountry>
      <ManufacturerItemDescription>שלגון מטרה</ManufacturerItemDescription>
      <UnitQty>גרמים</UnitQty>
      <Quantity>90.00</Quantity>
      <UnitOfMeasure>100 גרם</UnitOfMeasure>
      <bIsWeighted>0</bIsWeighted>
      <QtyInPackage>1</QtyInPackage>
      <ItemPrice>5.80</ItemPrice>
      <UnitOfMeasurePrice>6.4444</UnitOfMeasurePrice>
      <AllowDiscount>1</AllowDiscount>
      <ItemStatus>1</ItemStatus>
      <ItemId>13198</ItemId>
    </Item>
    <Item>
      <PriceUpdateDate>2015-10-01 06:16:20</PriceUpdateDate>
      <ItemCode>7290000058580</ItemCode>
      <ItemType>1</ItemType>
      <ItemName>קוקילידה</ItemName>
      <ManufacturerName>נגה גלידות</ManufacturerName>
      <ManufactureCountry>ישראל</ManufactureCountry>
      <ManufacturerItemDescription>קוקילידה</ManufacturerItemDescription>
      <UnitQty>Unknown </UnitQty>
      <Quantity>0.00</Quantity>
      <UnitOfMeasure>Unknown </UnitOfMeasure>
      <bIsWeighted>0</bIsWeighted>
      <QtyInPackage>1</QtyInPackage>
      <ItemPrice>11.80</ItemPrice>
      <UnitOfMeasurePrice>0.0000</UnitOfMeasurePrice>
      <AllowDiscount>1</AllowDiscount>
      <ItemStatus>1</ItemStatus>
      <ItemId>13203</ItemId>
    </Item>
    <Item>
      <PriceUpdateDate>2015-01-01 00:00:00</PriceUpdateDate>
      <ItemCode>7290004872021</ItemCode>
      <ItemType>1</ItemType>
      <ItemName>שלגון קרח רמזור</ItemName>
      <ManufacturerName>נגה גלידות</ManufacturerName>
      <ManufactureCountry>ישראל</ManufactureCountry>
      <ManufacturerItemDescription>שלגון קרח רמזור</ManufacturerItemDescription>
      <UnitQty>Unknown </UnitQty>
      <Quantity>0.00</Quantity>
      <UnitOfMeasure>Unknown </UnitOfMeasure>
      <bIsWeighted>0</bIsWeighted>
      <QtyInPackage>1</QtyInPackage>
      <ItemPrice>2.90</ItemPrice>
      <UnitOfMeasurePrice>0.0000</UnitOfMeasurePrice>
      <AllowDiscount>1</AllowDiscount>
      <ItemStatus>1</ItemStatus>
      <ItemId>13208</ItemId>
    </Item>
    <Item>
      <PriceUpdateDate>2015-10-01 06:16:20</PriceUpdateDate>
      <ItemCode>7290004872229</ItemCode>
      <ItemType>1</ItemType>
      <ItemName>שלגון שוקו מצופה</ItemName>
      <ManufacturerName>נגה גלידות</ManufacturerName>
      <ManufactureCountry>ישראל</ManufactureCountry>
      <ManufacturerItemDescription>שלגון שוקו מצופה</ManufacturerItemDescription>
      <UnitQty>Unknown </UnitQty>
      <Quantity>0.00</Quantity>
      <UnitOfMeasure>Unknown </UnitOfMeasure>
      <bIsWeighted>0</bIsWeighted>
      <QtyInPackage>1</QtyInPackage>
      <ItemPrice>5.80</ItemPrice>
      <UnitOfMeasurePrice>0.0000</UnitOfMeasurePrice>
      <AllowDiscount>1</AllowDiscount>
      <ItemStatus>1</ItemStatus>
      <ItemId>13214</ItemId>
    </Item>
    <Item>
      <PriceUpdateDate>2016-06-15 07:40:01</PriceUpdateDate>
      <ItemCode>7290004872731</ItemCode>
      <ItemType>1</ItemType>
      <ItemName>טילון אקסטרים וניל</ItemName>
      <ManufacturerName>נגה גלידות</ManufacturerName>
      <ManufactureCountry>ישראל</ManufactureCountry>
      <ManufacturerItemDescription>טילון אקסטרים וניל</ManufacturerItemDescription>
      <UnitQty>Unknown </UnitQty>
      <Quantity>0.00</Quantity>
      <UnitOfMeasure>Unknown </UnitOfMeasure>
      <bIsWeighted>0</bIsWeighted>
      <QtyInPackage>1</QtyInPackage>
      <ItemPrice>8.80</ItemPrice>
      <UnitOfMeasurePrice>0.0000</UnitOfMeasurePrice>
      <AllowDiscount>1</AllowDiscount>
      <ItemStatus>1</ItemStatus>
      <ItemId>13217</ItemId>
    </Item>
    <Item>
      <PriceUpdateDate>2015-10-01 06:16:20</PriceUpdateDate>
      <ItemCode>7290004872786</ItemCode>
      <ItemType>1</ItemType>
      <ItemName>טילון אקסטרים ענק</ItemName>
      <ManufacturerName>נגה גלידות</ManufacturerName>
      <ManufactureCountry>ישראל</ManufactureCountry>
      <ManufacturerItemDescription>טילון אקסטרים ענק פקאו</ManufacturerItemDescription>
      <UnitQty>Unknown </UnitQty>
      <Quantity>0.00</Quantity>
      <UnitOfMeasure>Unknown </UnitOfMeasure>
      <bIsWeighted>0</bIsWeighted>
      <QtyInPackage>1</QtyInPackage>
      <ItemPrice>11.80</ItemPrice>
      <UnitOfMeasurePrice>0.0000</UnitOfMeasurePrice>
      <AllowDiscount>1</AllowDiscount>
      <ItemStatus>1</ItemStatus>
      <ItemId>13219</ItemId>
    </Item>
    <Item>
      <PriceUpdateDate>2016-07-20 07:59:38</PriceUpdateDate>
      <ItemCode>7290000692135</ItemCode>
      <ItemType>1</ItemType>
      <ItemName>ספיד סטיק דאו.ספייס</ItemName>
      <ManufacturerName>COLGATE ($) -PALMOLI</ManufacturerName>
      <ManufactureCountry>ארצות הברית</ManufactureCountry>
      <ManufacturerItemDescription>ספיד סטיק דאו.פרש אנטיפרספרנט</ManufacturerItemDescription>
      <UnitQty>Unknown </UnitQty>
      <Quantity>0.00</Quantity>
      <UnitOfMeasure>Unknown </UnitOfMeasure>
      <bIsWeighted>0</bIsWeighted>
      <QtyInPackage>1</QtyInPackage>
      <ItemPrice>24.90</ItemPrice>
      <UnitOfMeasurePrice>0.0000</UnitOfMeasurePrice>
      <AllowDiscount>1</AllowDiscount>
      <ItemStatus>1</ItemStatus>
      <ItemId>13328</ItemId>
    </Item>
    <Item>
      <PriceUpdateDate>2015-08-02 08:18:19</PriceUpdateDate>
      <ItemCode>80001027</ItemCode>
      <ItemType>1</ItemType>
      <ItemName>חטיף טורטינה חלב</ItemName>
      <ManufacturerName>לואקר</ManufacturerName>
      <ManufactureCountry>לא ידוע</ManufactureCountry>
      <ManufacturerItemDescription>חטיף טורטינה חלב</ManufacturerItemDescription>
      <UnitQty>Unknown </UnitQty>
      <Quantity>0.00</Quantity>
      <UnitOfMeasure>Unknown </UnitOfMeasure>
      <bIsWeighted>0</bIsWeighted>
      <QtyInPackage>1</QtyInPackage>
      <ItemPrice>4.60</ItemPrice>
      <UnitOfMeasurePrice>0.0000</UnitOfMeasurePrice>
      <AllowDiscount>1</AllowDiscount>
      <ItemStatus>1</ItemStatus>
      <ItemId>13329</ItemId>
    </Item>
    <Item>
      <PriceUpdateDate>2015-10-01 06:13:17</PriceUpdateDate>
      <ItemCode>7290001045688</ItemCode>
      <ItemType>1</ItemType>
      <ItemName>תפוזים סחוט</ItemName>
      <ManufacturerName>שטראוס גרופ</ManufacturerName>
      <ManufactureCountry>ישראל</ManufactureCountry>
      <ManufacturerItemDescription>תפוזים סחוט 400 מל</ManufacturerItemDescription>
      <UnitQty>מיליליטרים</UnitQty>
      <Quantity>400.00</Quantity>
      <UnitOfMeasure>100 מ"ל</UnitOfMeasure>
      <bIsWeighted>0</bIsWeighted>
      <QtyInPackage>1</QtyInPackage>
      <ItemPrice>9.60</ItemPrice>
      <UnitOfMeasurePrice>2.4000</UnitOfMeasurePrice>
      <AllowDiscount>1</AllowDiscount>
      <ItemStatus>1</ItemStatus>
      <ItemId>13332</ItemId>
    </Item>
    <Item>
      <PriceUpdateDate>2015-08-25 15:42:21</PriceUpdateDate>
      <ItemCode>40084107</ItemCode>
      <ItemType>1</ItemType>
      <ItemName>ביצי הפתעה קינדר בוד</ItemName>
      <ManufacturerName>פררו</ManufacturerName>
      <ManufactureCountry>איטליה</ManufactureCountry>
      <ManufacturerItemDescription>ביצי הפתעה קינדר בודד 20 גר            .</ManufacturerItemDescription>
      <UnitQty>גרמים</UnitQty>
      <Quantity>20.00</Quantity>
      <UnitOfMeasure>100 גרם</UnitOfMeasure>
      <bIsWeighted>0</bIsWeighted>
      <QtyInPackage>1</QtyInPackage>
      <ItemPrice>7.20</ItemPrice>
      <UnitOfMeasurePrice>36.0000</UnitOfMeasurePrice>
      <AllowDiscount>1</AllowDiscount>
      <ItemStatus>1</ItemStatus>
      <ItemId>13333</ItemId>
    </Item>
    <Item>
      <PriceUpdateDate>2015-10-01 06:13:17</PriceUpdateDate>
      <ItemCode>72940976</ItemCode>
      <ItemType>1</ItemType>
      <ItemName>כרוב אדום</ItemName>
      <ManufacturerName>שטראוס גרופ</ManufacturerName>
      <ManufactureCountry>ישראל</ManufactureCountry>
      <ManufacturerItemDescription>כרוב אדום 250 גר</ManufacturerItemDescription>
      <UnitQty>גרמים</UnitQty>
      <Quantity>250.00</Quantity>
      <UnitOfMeasure>100 גרם</UnitOfMeasure>
      <bIsWeighted>0</bIsWeighted>
      <QtyInPackage>1</QtyInPackage>
      <ItemPrice>9.30</ItemPrice>
      <UnitOfMeasurePrice>3.7200</UnitOfMeasurePrice>
      <AllowDiscount>1</AllowDiscount>
      <ItemStatus>1</ItemStatus>
      <ItemId>13484</ItemId>
    </Item>
    <Item>
      <PriceUpdateDate>2016-06-15 07:40:01</PriceUpdateDate>
      <ItemCode>7290001780138</ItemCode>
      <ItemType>1</ItemType>
      <ItemName>קראנץ</ItemName>
      <ManufacturerName>נגה גלידות</ManufacturerName>
      <ManufactureCountry>ישראל</ManufactureCountry>
      <ManufacturerItemDescription>קראנץ</ManufacturerItemDescription>
      <UnitQty>Unknown </UnitQty>
      <Quantity>0.00</Quantity>
      <UnitOfMeasure>Unknown </UnitOfMeasure>
      <bIsWeighted>0</bIsWeighted>
      <QtyInPackage>1</QtyInPackage>
      <ItemPrice>9.80</ItemPrice>
      <UnitOfMeasurePrice>0.0000</UnitOfMeasurePrice>
      <AllowDiscount>1</AllowDiscount>
      <ItemStatus>1</ItemStatus>
      <ItemId>13678</ItemId>
    </Item>
    <Item>
      <PriceUpdateDate>2015-10-01 06:14:34</PriceUpdateDate>
      <ItemCode>7290005427565</ItemCode>
      <ItemType>1</ItemType>
      <ItemName>כיף שמפו לשיער רגיל</ItemName>
      <ManufacturerName>קוסמופארם</ManufacturerName>
      <ManufactureCountry>ישראל</ManufactureCountry>
      <ManufacturerItemDescription>כיף שמפו לשיער רגיל 750 מל             .</ManufacturerItemDescription>
      <UnitQty>מיליליטרים</UnitQty>
      <Quantity>750.00</Quantity>
      <UnitOfMeasure>100 מ"ל</UnitOfMeasure>
      <bIsWeighted>0</bIsWeighted>
      <QtyInPackage>1</QtyInPackage>
      <ItemPrice>11.80</ItemPrice>
      <UnitOfMeasurePrice>1.5733</UnitOfMeasurePrice>
      <AllowDiscount>1</AllowDiscount>
      <ItemStatus>1</ItemStatus>
      <ItemId>13889</ItemId>
    </Item>
    <Item>
      <PriceUpdateDate>2015-07-27 08:50:19</PriceUpdateDate>
      <ItemCode>8715700419732</ItemCode>
      <ItemType>1</ItemType>
      <ItemName>מטבל עגבניות היינץ 7</ItemName>
      <ManufacturerName>ה.י.היינץ</ManufacturerName>
      <ManufactureCountry>הולנד</ManufactureCountry>
      <ManufacturerItemDescription>מטבל עגבניות היינץ 700 גרם</ManufacturerItemDescription>
      <UnitQty>גרמים</UnitQty>
      <Quantity>700.00</Quantity>
      <UnitOfMeasure>100 גרם</UnitOfMeasure>
      <bIsWeighted>0</bIsWeighted>
      <QtyInPackage>1</QtyInPackage>
      <ItemPrice>13.90</ItemPrice>
      <UnitOfMeasurePrice>1.9857</UnitOfMeasurePrice>
      <AllowDiscount>1</AllowDiscount>
      <ItemStatus>1</ItemStatus>
      <ItemId>96373</ItemId>
    </Item>
    <Item>
      <PriceUpdateDate>2016-01-21 09:58:47</PriceUpdateDate>
      <ItemCode>7296058000038</ItemCode>
      <ItemType>1</ItemType>
      <ItemName>פריכיות דגניות שבולת</ItemName>
      <ManufacturerName>פרח תעשיות מזון בע"מ</ManufacturerName>
      <ManufactureCountry>ישראל</ManufactureCountry>
      <ManufacturerItemDescription>פריכיות דגניות שבולת שועל100 ג</ManufacturerItemDescription>
      <UnitQty>גרמים</UnitQty>
      <Quantity>100.00</Quantity>
      <UnitOfMeasure>100 גרם</UnitOfMeasure>
      <bIsWeighted>0</bIsWeighted>
      <QtyInPackage>1</QtyInPackage>
      <ItemPrice>6.30</ItemPrice>
      <UnitOfMeasurePrice>6.3000</UnitOfMeasurePrice>
      <AllowDiscount>1</AllowDiscount>
      <ItemStatus>1</ItemStatus>
      <ItemId>14164</ItemId>
    </Item>
    <Item>
      <PriceUpdateDate>2016-05-04 08:37:52</PriceUpdateDate>
      <ItemCode>7290000327631</ItemCode>
      <ItemType>1</ItemType>
      <ItemName>פאנק טוניק 1.5 ל</ItemName>
      <ManufacturerName>טמפו</ManufacturerName>
      <ManufactureCountry>ישראל</ManufactureCountry>
      <ManufacturerItemDescription>פאנק טוניק 1.5 ל</ManufacturerItemDescription>
      <UnitQty>ליטרים</UnitQty>
      <Quantity>1.50</Quantity>
      <UnitOfMeasure>ליטר</UnitOfMeasure>
      <bIsWeighted>0</bIsWeighted>
      <QtyInPackage>1</QtyInPackage>
      <ItemPrice>10.50</ItemPrice>
      <UnitOfMeasurePrice>7.0000</UnitOfMeasurePrice>
      <AllowDiscount>1</AllowDiscount>
      <ItemStatus>1</ItemStatus>
      <ItemId>98719</ItemId>
    </Item>
    <Item>
      <PriceUpdateDate>2016-08-31 16:53:10</PriceUpdateDate>
      <ItemCode>7290006251374</ItemCode>
      <ItemType>1</ItemType>
      <ItemName>תה ירוק לימונית וגינ</ItemName>
      <ManufacturerName>ויסוצקי</ManufacturerName>
      <ManufactureCountry>ישראל</ManufactureCountry>
      <ManufacturerItemDescription>תה ירוק לימונית וג"ינגר            1/25</ManufacturerItemDescription>
      <UnitQty>גרמים</UnitQty>
      <Quantity>37.00</Quantity>
      <UnitOfMeasure>100 גרם</UnitOfMeasure>
      <bIsWeighted>0</bIsWeighted>
      <QtyInPackage>1</QtyInPackage>
      <ItemPrice>26.90</ItemPrice>
      <UnitOfMeasurePrice>72.7027</UnitOfMeasurePrice>
      <AllowDiscount>1</AllowDiscount>
      <ItemStatus>1</ItemStatus>
      <ItemId>14199</ItemId>
    </Item>
    <Item>
      <PriceUpdateDate>2015-10-01 06:15:10</PriceUpdateDate>
      <ItemCode>7290006681089</ItemCode>
      <ItemType>1</ItemType>
      <ItemName>מאגדת לייט סנדוויץ</ItemName>
      <ManufacturerName>שטראוס גלידות</ManufacturerName>
      <ManufactureCountry>ישראל</ManufactureCountry>
      <ManufacturerItemDescription>מאגדת לייט מיני סנדוויץ            1/10</ManufacturerItemDescription>
      <UnitQty>גרמים</UnitQty>
      <Quantity>320.00</Quantity>
      <UnitOfMeasure>100 גרם</UnitOfMeasure>
      <bIsWeighted>0</bIsWeighted>
      <QtyInPackage>1</QtyInPackage>
      <ItemPrice>31.60</ItemPrice>
      <UnitOfMeasurePrice>9.8750</UnitOfMeasurePrice>
      <AllowDiscount>1</AllowDiscount>
      <ItemStatus>1</ItemStatus>
      <ItemId>14204</ItemId>
    </Item>
    <Item>
      <PriceUpdateDate>2015-01-01 00:00:00</PriceUpdateDate>
      <ItemCode>5014271350424</ItemCode>
      <ItemType>1</ItemType>
      <ItemName>מעדן ארבע פירות    .</ItemName>
      <ManufacturerName>סאנט דלפור</ManufacturerName>
      <ManufactureCountry>צרפת</ManufactureCountry>
      <ManufacturerItemDescription>מעדן ארבע פירות 284 גרם</ManufacturerItemDescription>
      <UnitQty>גרמים</UnitQty>
      <Quantity>284.00</Quantity>
      <UnitOfMeasure>100 גרם</UnitOfMeasure>
      <bIsWeighted>0</bIsWeighted>
      <QtyInPackage>1</QtyInPackage>
      <ItemPrice>19.90</ItemPrice>
      <UnitOfMeasurePrice>7.0070</UnitOfMeasurePrice>
      <AllowDiscount>1</AllowDiscount>
      <ItemStatus>1</ItemStatus>
      <ItemId>14217</ItemId>
    </Item>
    <Item>
      <PriceUpdateDate>2015-01-01 00:00:00</PriceUpdateDate>
      <ItemCode>5014271560427</ItemCode>
      <ItemType>1</ItemType>
      <ItemName>מעדן תפוז גינגר    .</ItemName>
      <ManufacturerName>סאנט דלפור</ManufacturerName>
      <ManufactureCountry>צרפת</ManufactureCountry>
      <ManufacturerItemDescription>מעדן תפוז גינגר 284 גרם</ManufacturerItemDescription>
      <UnitQty>גרמים</UnitQty>
      <Quantity>284.00</Quantity>
      <UnitOfMeasure>100 גרם</UnitOfMeasure>
      <bIsWeighted>0</bIsWeighted>
      <QtyInPackage>1</QtyInPackage>
      <ItemPrice>19.90</ItemPrice>
      <UnitOfMeasurePrice>7.0070</UnitOfMeasurePrice>
      <AllowDiscount>1</AllowDiscount>
      <ItemStatus>1</ItemStatus>
      <ItemId>14219</ItemId>
    </Item>
    <Item>
      <PriceUpdateDate>2015-10-01 06:13:50</PriceUpdateDate>
      <ItemCode>7290010023141</ItemCode>
      <ItemType>1</ItemType>
      <ItemName>חליטת תה צמחים לימונ</ItemName>
      <ManufacturerName>ויסוצקי</ManufacturerName>
      <ManufactureCountry>לא ידוע</ManufactureCountry>
      <ManufacturerItemDescription>חליטת הגןהקסום לימונענע              25</ManufacturerItemDescription>
      <UnitQty>גרמים</UnitQty>
      <Quantity>55.00</Quantity>
      <UnitOfMeasure>100 גרם</UnitOfMeasure>
      <bIsWeighted>0</bIsWeighted>
      <QtyInPackage>1</QtyInPackage>
      <ItemPrice>17.70</ItemPrice>
      <UnitOfMeasurePrice>32.1818</UnitOfMeasurePrice>
      <AllowDiscount>1</AllowDiscount>
      <ItemStatus>1</ItemStatus>
      <ItemId>14223</ItemId>
    </Item>
    <Item>
      <PriceUpdateDate>2015-10-01 06:13:17</PriceUpdateDate>
      <ItemCode>77245110597</ItemCode>
      <ItemType>1</ItemType>
      <ItemName>סוכ .מאסט לימון פטל</ItemName>
      <ManufacturerName>MIESZKO S.A - MS. JO</ManufacturerName>
      <ManufactureCountry>פולין</ManufactureCountry>
      <ManufacturerItemDescription>סוכריות מאסט ללא סוכר לימוןפטל</ManufacturerItemDescription>
      <UnitQty>גרמים</UnitQty>
      <Quantity>80.00</Quantity>
      <UnitOfMeasure>100 גרם</UnitOfMeasure>
      <bIsWeighted>0</bIsWeighted>
      <QtyInPackage>1</QtyInPackage>
      <ItemPrice>8.80</ItemPrice>
      <UnitOfMeasurePrice>11.0000</UnitOfMeasurePrice>
      <AllowDiscount>1</AllowDiscount>
      <ItemStatus>1</ItemStatus>
      <ItemId>14246</ItemId>
    </Item>
    <Item>
      <PriceUpdateDate>2015-10-01 06:13:17</PriceUpdateDate>
      <ItemCode>77245110610</ItemCode>
      <ItemType>1</ItemType>
      <ItemName>סוכריות מאסט מנטה</ItemName>
      <ManufacturerName>MIESZKO S.A - MS. JO</ManufacturerName>
      <ManufactureCountry>פולין</ManufactureCountry>
      <ManufacturerItemDescription>סוכריות מאסט ללא סוכר מנטה80 ג</ManufacturerItemDescription>
      <UnitQty>גרמים</UnitQty>
      <Quantity>80.00</Quantity>
      <UnitOfMeasure>100 גרם</UnitOfMeasure>
      <bIsWeighted>0</bIsWeighted>
      <QtyInPackage>1</QtyInPackage>
      <ItemPrice>8.80</ItemPrice>
      <UnitOfMeasurePrice>11.0000</UnitOfMeasurePrice>
      <AllowDiscount>1</AllowDiscount>
      <ItemStatus>1</ItemStatus>
      <ItemId>14248</ItemId>
    </Item>
    <Item>
      <PriceUpdateDate>2016-06-05 14:06:42</PriceUpdateDate>
      <ItemCode>7290008340618</ItemCode>
      <ItemType>1</ItemType>
      <ItemName>סלמון מעושן מצונן 10</ItemName>
      <ManufacturerName>ויליגר</ManufacturerName>
      <ManufactureCountry>ישראל</ManufactureCountry>
      <ManufacturerItemDescription>סלמון מעושן מצונן 100 גרם</ManufacturerItemDescription>
      <UnitQty>גרמים</UnitQty>
      <Quantity>100.00</Quantity>
      <UnitOfMeasure>100 גרם</UnitOfMeasure>
      <bIsWeighted>0</bIsWeighted>
      <QtyInPackage>1</QtyInPackage>
      <ItemPrice>22.00</ItemPrice>
      <UnitOfMeasurePrice>22.0000</UnitOfMeasurePrice>
      <AllowDiscount>1</AllowDiscount>
      <ItemStatus>1</ItemStatus>
      <ItemId>14249</ItemId>
    </Item>
    <Item>
      <PriceUpdateDate>2015-10-01 06:13:17</PriceUpdateDate>
      <ItemCode>7290008753883</ItemCode>
      <ItemType>1</ItemType>
      <ItemName>ופל טעם טרפלס שוקולד</ItemName>
      <ManufacturerName>שטראוס גרופ</ManufacturerName>
      <ManufactureCountry>ישראל</ManufactureCountry>
      <ManufacturerItemDescription>ופל טעם טרפלס שוקולד 350 גרם</ManufacturerItemDescription>
      <UnitQty>גרמים</UnitQty>
      <Quantity>350.00</Quantity>
      <UnitOfMeasure>100 גרם</UnitOfMeasure>
      <bIsWeighted>0</bIsWeighted>
      <QtyInPackage>1</QtyInPackage>
      <ItemPrice>18.50</ItemPrice>
      <UnitOfMeasurePrice>5.2857</UnitOfMeasurePrice>
      <AllowDiscount>1</AllowDiscount>
      <ItemStatus>1</ItemStatus>
      <ItemId>14256</ItemId>
    </Item>
    <Item>
      <PriceUpdateDate>2015-10-01 06:18:38</PriceUpdateDate>
      <ItemCode>7290004122560</ItemCode>
      <ItemType>1</ItemType>
      <ItemName>פתיתי עמק השק הלבן</ItemName>
      <ManufacturerName>תנובה מרכז שיתופי לש</ManufacturerName>
      <ManufactureCountry>ישראל</ManufactureCountry>
      <ManufacturerItemDescription>פתיתי עמק השף הלבן 500 גרם</ManufacturerItemDescription>
      <UnitQty>גרמים</UnitQty>
      <Quantity>500.00</Quantity>
      <UnitOfMeasure>100 גרם</UnitOfMeasure>
      <bIsWeighted>0</bIsWeighted>
      <QtyInPackage>1</QtyInPackage>
      <ItemPrice>33.60</ItemPrice>
      <UnitOfMeasurePrice>6.7200</UnitOfMeasurePrice>
      <AllowDiscount>1</AllowDiscount>
      <ItemStatus>1</ItemStatus>
      <ItemId>14290</ItemId>
    </Item>
    <Item>
      <PriceUpdateDate>2016-05-19 11:17:49</PriceUpdateDate>
      <ItemCode>7290006664693</ItemCode>
      <ItemType>1</ItemType>
      <ItemName>דנונה אפרסק      3%</ItemName>
      <ManufacturerName>שטראוס גרופ</ManufacturerName>
      <ManufactureCountry>ישראל</ManufactureCountry>
      <ManufacturerItemDescription>דנונה אפרסק 150 3% גרם</ManufacturerItemDescription>
      <UnitQty>גרמים</UnitQty>
      <Quantity>150.00</Quantity>
      <UnitOfMeasure>100 גרם</UnitOfMeasure>
      <bIsWeighted>0</bIsWeighted>
      <QtyInPackage>1</QtyInPackage>
      <ItemPrice>4.50</ItemPrice>
      <UnitOfMeasurePrice>3.0000</UnitOfMeasurePrice>
      <AllowDiscount>1</AllowDiscount>
      <ItemStatus>1</ItemStatus>
      <ItemId>14294</ItemId>
    </Item>
    <Item>
      <PriceUpdateDate>2016-05-20 08:23:48</PriceUpdateDate>
      <ItemCode>7290002012306</ItemCode>
      <ItemType>1</ItemType>
      <ItemName>לחם אחיד פרוס750 גר.</ItemName>
      <ManufacturerName>מאפיית אנג'ל</ManufacturerName>
      <ManufactureCountry>ישראל</ManufactureCountry>
      <ManufacturerItemDescription>לחם אחיד פרוס 750 גר                   .</ManufacturerItemDescription>
      <UnitQty>גרמים</UnitQty>
      <Quantity>750.00</Quantity>
      <UnitOfMeasure>100 גרם</UnitOfMeasure>
      <bIsWeighted>0</bIsWeighted>
      <QtyInPackage>1</QtyInPackage>
      <ItemPrice>6.70</ItemPrice>
      <UnitOfMeasurePrice>0.8933</UnitOfMeasurePrice>
      <AllowDiscount>1</AllowDiscount>
      <ItemStatus>1</ItemStatus>
      <ItemId>14322</ItemId>
    </Item>
    <Item>
      <PriceUpdateDate>2015-01-01 00:00:00</PriceUpdateDate>
      <ItemCode>7290002243601</ItemCode>
      <ItemType>1</ItemType>
      <ItemName>פיתה אסלית      1/5</ItemName>
      <ManufacturerName>מאפיית אנג'ל</ManufacturerName>
      <ManufactureCountry>ישראל</ManufactureCountry>
      <ManufacturerItemDescription>פיתה אסלית 1/5 בשקית 500 גר            .</ManufacturerItemDescription>
      <UnitQty>גרמים</UnitQty>
      <Quantity>400.00</Quantity>
      <UnitOfMeasure>100 גרם</UnitOfMeasure>
      <bIsWeighted>0</bIsWeighted>
      <QtyInPackage>5</QtyInPackage>
      <ItemPrice>8.90</ItemPrice>
      <UnitOfMeasurePrice>2.2250</UnitOfMeasurePrice>
      <AllowDiscount>1</AllowDiscount>
      <ItemStatus>1</ItemStatus>
      <ItemId>14323</ItemId>
    </Item>
    <Item>
      <PriceUpdateDate>2015-10-01 06:17:41</PriceUpdateDate>
      <ItemCode>7290012275401</ItemCode>
      <ItemType>1</ItemType>
      <ItemName>בירה מולר 500 מ"ל</ItemName>
      <ManufacturerName>מבשלת בירה  ישראלית</ManufacturerName>
      <ManufactureCountry>לא ידוע</ManufactureCountry>
      <ManufacturerItemDescription>בירה מולר 500 מ"ל</ManufacturerItemDescription>
      <UnitQty>מיליליטרים</UnitQty>
      <Quantity>500.00</Quantity>
      <UnitOfMeasure>100 מ"ל</UnitOfMeasure>
      <bIsWeighted>0</bIsWeighted>
      <QtyInPackage>1</QtyInPackage>
      <ItemPrice>6.80</ItemPrice>
      <UnitOfMeasurePrice>1.3600</UnitOfMeasurePrice>
      <AllowDiscount>1</AllowDiscount>
      <ItemStatus>1</ItemStatus>
      <ItemId>99527</ItemId>
    </Item>
    <Item>
      <PriceUpdateDate>2015-01-01 00:00:00</PriceUpdateDate>
      <ItemCode>7290002012016</ItemCode>
      <ItemType>1</ItemType>
      <ItemName>לחם אחיד 750 גרם</ItemName>
      <ManufacturerName>מאפיית אנג'ל</ManufacturerName>
      <ManufactureCountry>ישראל</ManufactureCountry>
      <ManufacturerItemDescription>לחם אחיד 750 גרם</ManufacturerItemDescription>
      <UnitQty>Unknown </UnitQty>
      <Quantity>0.00</Quantity>
      <UnitOfMeasure>Unknown </UnitOfMeasure>
      <bIsWeighted>0</bIsWeighted>
      <QtyInPackage>1</QtyInPackage>
      <ItemPrice>4.90</ItemPrice>
      <UnitOfMeasurePrice>0.0000</UnitOfMeasurePrice>
      <AllowDiscount>1</AllowDiscount>
      <ItemStatus>1</ItemStatus>
      <ItemId>14336</ItemId>
    </Item>
    <Item>
      <PriceUpdateDate>2015-12-06 08:17:55</PriceUpdateDate>
      <ItemCode>7290002012023</ItemCode>
      <ItemType>1</ItemType>
      <ItemName>לחם לבן</ItemName>
      <ManufacturerName>מאפיית אנג'ל</ManufacturerName>
      <ManufactureCountry>ישראל</ManufactureCountry>
      <ManufacturerItemDescription>לחם לבן 750 גרם</ManufacturerItemDescription>
      <UnitQty>Unknown </UnitQty>
      <Quantity>0.00</Quantity>
      <UnitOfMeasure>Unknown </UnitOfMeasure>
      <bIsWeighted>0</bIsWeighted>
      <QtyInPackage>1</QtyInPackage>
      <ItemPrice>5.07</ItemPrice>
      <UnitOfMeasurePrice>0.0000</UnitOfMeasurePrice>
      <AllowDiscount>1</AllowDiscount>
      <ItemStatus>1</ItemStatus>
      <ItemId>14337</ItemId>
    </Item>
    <Item>
      <PriceUpdateDate>2015-01-01 00:00:00</PriceUpdateDate>
      <ItemCode>7290002012030</ItemCode>
      <ItemType>1</ItemType>
      <ItemName>לחם חי</ItemName>
      <ManufacturerName>מאפיית אנג'ל</ManufacturerName>
      <ManufactureCountry>ישראל</ManufactureCountry>
      <ManufacturerItemDescription>לחם חי 500 גר                          .</ManufacturerItemDescription>
      <UnitQty>גרמים</UnitQty>
      <Quantity>500.00</Quantity>
      <UnitOfMeasure>100 גרם</UnitOfMeasure>
      <bIsWeighted>0</bIsWeighted>
      <QtyInPackage>1</QtyInPackage>
      <ItemPrice>7.60</ItemPrice>
      <UnitOfMeasurePrice>1.5200</UnitOfMeasurePrice>
      <AllowDiscount>1</AllowDiscount>
      <ItemStatus>1</ItemStatus>
      <ItemId>14338</ItemId>
    </Item>
    <Item>
      <PriceUpdateDate>2015-08-31 18:55:55</PriceUpdateDate>
      <ItemCode>5410126106183</ItemCode>
      <ItemType>1</ItemType>
      <ItemName>ביסקוויט קרמל לוטוס</ItemName>
      <ManufacturerName>לוטוס ביקרי נ.וי.</ManufacturerName>
      <ManufactureCountry>בלגיה</ManufactureCountry>
      <ManufacturerItemDescription>ביסקוויט קרמל לוטוס 312 גרם</ManufacturerItemDescription>
      <UnitQty>גרמים</UnitQty>
      <Quantity>312.00</Quantity>
      <UnitOfMeasure>100 גרם</UnitOfMeasure>
      <bIsWeighted>0</bIsWeighted>
      <QtyInPackage>1</QtyInPackage>
      <ItemPrice>17.90</ItemPrice>
      <UnitOfMeasurePrice>5.7372</UnitOfMeasurePrice>
      <AllowDiscount>1</AllowDiscount>
      <ItemStatus>1</ItemStatus>
      <ItemId>14377</ItemId>
    </Item>
    <Item>
      <PriceUpdateDate>2016-07-20 07:59:41</PriceUpdateDate>
      <ItemCode>7290010173044</ItemCode>
      <ItemType>1</ItemType>
      <ItemName>יין גליל מרלו 750 מל</ItemName>
      <ManufacturerName>יקב הרי גליל</ManufacturerName>
      <ManufactureCountry>לא ידוע</ManufactureCountry>
      <ManufacturerItemDescription>יין גליל מרלו 750 מל</ManufacturerItemDescription>
      <UnitQty>מיליליטרים</UnitQty>
      <Quantity>750.00</Quantity>
      <UnitOfMeasure>100 מ"ל</UnitOfMeasure>
      <bIsWeighted>0</bIsWeighted>
      <QtyInPackage>1</QtyInPackage>
      <ItemPrice>39.90</ItemPrice>
      <UnitOfMeasurePrice>5.3200</UnitOfMeasurePrice>
      <AllowDiscount>1</AllowDiscount>
      <ItemStatus>1</ItemStatus>
      <ItemId>14423</ItemId>
    </Item>
    <Item>
      <PriceUpdateDate>2015-10-01 06:15:10</PriceUpdateDate>
      <ItemCode>7290006681577</ItemCode>
      <ItemType>1</ItemType>
      <ItemName>מאגדת לימון דובדבן</ItemName>
      <ManufacturerName>שטראוס גלידות</ManufacturerName>
      <ManufactureCountry>ישראל</ManufactureCountry>
      <ManufacturerItemDescription>מאגדת אסקימו לימון דובדבן           2+8</ManufacturerItemDescription>
      <UnitQty>גרמים</UnitQty>
      <Quantity>700.00</Quantity>
      <UnitOfMeasure>100 גרם</UnitOfMeasure>
      <bIsWeighted>0</bIsWeighted>
      <QtyInPackage>1</QtyInPackage>
      <ItemPrice>20.80</ItemPrice>
      <UnitOfMeasurePrice>2.9714</UnitOfMeasurePrice>
      <AllowDiscount>1</AllowDiscount>
      <ItemStatus>1</ItemStatus>
      <ItemId>14474</ItemId>
    </Item>
    <Item>
      <PriceUpdateDate>2016-07-20 07:59:41</PriceUpdateDate>
      <ItemCode>7290010173068</ItemCode>
      <ItemType>1</ItemType>
      <ItemName>יין גליל קברנה סובינ</ItemName>
      <ManufacturerName>יקב הרי גליל</ManufacturerName>
      <ManufactureCountry>לא ידוע</ManufactureCountry>
      <ManufacturerItemDescription>יין גליל קברנה סוביניון750  מל</ManufacturerItemDescription>
      <UnitQty>מיליליטרים</UnitQty>
      <Quantity>750.00</Quantity>
      <UnitOfMeasure>100 מ"ל</UnitOfMeasure>
      <bIsWeighted>0</bIsWeighted>
      <QtyInPackage>1</QtyInPackage>
      <ItemPrice>39.90</ItemPrice>
      <UnitOfMeasurePrice>5.3200</UnitOfMeasurePrice>
      <AllowDiscount>1</AllowDiscount>
      <ItemStatus>1</ItemStatus>
      <ItemId>14478</ItemId>
    </Item>
    <Item>
      <PriceUpdateDate>2015-10-01 06:15:01</PriceUpdateDate>
      <ItemCode>8076809523738</ItemCode>
      <ItemType>1</ItemType>
      <ItemName>לזניה ברילה</ItemName>
      <ManufacturerName>BARILLA G.E.R.</ManufacturerName>
      <ManufactureCountry>איטליה</ManufactureCountry>
      <ManufacturerItemDescription>לזניה ברילה 500 גרם</ManufacturerItemDescription>
      <UnitQty>גרמים</UnitQty>
      <Quantity>500.00</Quantity>
      <UnitOfMeasure>100 גרם</UnitOfMeasure>
      <bIsWeighted>0</bIsWeighted>
      <QtyInPackage>1</QtyInPackage>
      <ItemPrice>20.70</ItemPrice>
      <UnitOfMeasurePrice>4.1400</UnitOfMeasurePrice>
      <AllowDiscount>1</AllowDiscount>
      <ItemStatus>1</ItemStatus>
      <ItemId>14482</ItemId>
    </Item>
    <Item>
      <PriceUpdateDate>2016-05-10 15:21:16</PriceUpdateDate>
      <ItemCode>7290001231233</ItemCode>
      <ItemType>1</ItemType>
      <ItemName>סיגריות וינסטון בוקס</ItemName>
      <ManufacturerName>JTI</ManufacturerName>
      <ManufactureCountry>לא ידוע</ManufactureCountry>
      <ManufacturerItemDescription>סיגריות וינסטון בוקס בודד</ManufacturerItemDescription>
      <UnitQty>Unknown </UnitQty>
      <Quantity>0.00</Quantity>
      <UnitOfMeasure>Unknown </UnitOfMeasure>
      <bIsWeighted>0</bIsWeighted>
      <QtyInPackage>1</QtyInPackage>
      <ItemPrice>33.10</ItemPrice>
      <UnitOfMeasurePrice>0.0000</UnitOfMeasurePrice>
      <AllowDiscount>0</AllowDiscount>
      <ItemStatus>1</ItemStatus>
      <ItemId>14544</ItemId>
    </Item>
    <Item>
      <PriceUpdateDate>2016-05-10 15:21:16</PriceUpdateDate>
      <ItemCode>7290001231932</ItemCode>
      <ItemType>1</ItemType>
      <ItemName>סיגריות וינסטון כחול</ItemName>
      <ManufacturerName>JTI</ManufacturerName>
      <ManufactureCountry>לא ידוע</ManufactureCountry>
      <ManufacturerItemDescription>סיגריות וינסטון כחול בוקס בודד</ManufacturerItemDescription>
      <UnitQty>Unknown </UnitQty>
      <Quantity>0.00</Quantity>
      <UnitOfMeasure>Unknown </UnitOfMeasure>
      <bIsWeighted>0</bIsWeighted>
      <QtyInPackage>1</QtyInPackage>
      <ItemPrice>33.10</ItemPrice>
      <UnitOfMeasurePrice>0.0000</UnitOfMeasurePrice>
      <AllowDiscount>0</AllowDiscount>
      <ItemStatus>1</ItemStatus>
      <ItemId>14545</ItemId>
    </Item>
    <Item>
      <PriceUpdateDate>2016-05-04 08:37:22</PriceUpdateDate>
      <ItemCode>7290002874629</ItemCode>
      <ItemType>1</ItemType>
      <ItemName>סיגריות פרלמנט בלו א</ItemName>
      <ManufacturerName>פיליפ מוריס</ManufacturerName>
      <ManufactureCountry>לא ידוע</ManufactureCountry>
      <ManufacturerItemDescription>סיגריות פרלמנט בלו BR 100 בודד</ManufacturerItemDescription>
      <UnitQty>Unknown </UnitQty>
      <Quantity>0.00</Quantity>
      <UnitOfMeasure>Unknown </UnitOfMeasure>
      <bIsWeighted>0</bIsWeighted>
      <QtyInPackage>1</QtyInPackage>
      <ItemPrice>39.10</ItemPrice>
      <UnitOfMeasurePrice>0.0000</UnitOfMeasurePrice>
      <AllowDiscount>0</AllowDiscount>
      <ItemStatus>1</ItemStatus>
      <ItemId>14548</ItemId>
    </Item>
    <Item>
      <PriceUpdateDate>2015-01-01 00:00:00</PriceUpdateDate>
      <ItemCode>7290002012108</ItemCode>
      <ItemType>1</ItemType>
      <ItemName>לחמניה שומשום</ItemName>
      <ManufacturerName>אורנים</ManufacturerName>
      <ManufactureCountry>ישראל</ManufactureCountry>
      <ManufacturerItemDescription>לחמניה שומשום125 גר</ManufacturerItemDescription>
      <UnitQty>גרמים</UnitQty>
      <Quantity>125.00</Quantity>
      <UnitOfMeasure>100 גרם</UnitOfMeasure>
      <bIsWeighted>0</bIsWeighted>
      <QtyInPackage>1</QtyInPackage>
      <ItemPrice>3.40</ItemPrice>
      <UnitOfMeasurePrice>2.7200</UnitOfMeasurePrice>
      <AllowDiscount>1</AllowDiscount>
      <ItemStatus>1</ItemStatus>
      <ItemId>14552</ItemId>
    </Item>
    <Item>
      <PriceUpdateDate>2015-01-01 00:00:00</PriceUpdateDate>
      <ItemCode>7290002012115</ItemCode>
      <ItemType>1</ItemType>
      <ItemName>לחמניה</ItemName>
      <ManufacturerName>יושלם</ManufacturerName>
      <ManufactureCountry>יושלם</ManufactureCountry>
      <ManufacturerItemDescription>לחמניה 75 גרם</ManufacturerItemDescription>
      <UnitQty>גרמים</UnitQty>
      <Quantity>75.00</Quantity>
      <UnitOfMeasure>100 גרם</UnitOfMeasure>
      <bIsWeighted>0</bIsWeighted>
      <QtyInPackage>1</QtyInPackage>
      <ItemPrice>1.60</ItemPrice>
      <UnitOfMeasurePrice>2.1333</UnitOfMeasurePrice>
      <AllowDiscount>1</AllowDiscount>
      <ItemStatus>1</ItemStatus>
      <ItemId>14553</ItemId>
    </Item>
    <Item>
      <PriceUpdateDate>2016-05-10 15:21:16</PriceUpdateDate>
      <ItemCode>7290001230331</ItemCode>
      <ItemType>1</ItemType>
      <ItemName>סיגריות כאמל בוקס חפ</ItemName>
      <ManufacturerName>JTI</ManufacturerName>
      <ManufactureCountry>לא ידוע</ManufactureCountry>
      <ManufacturerItemDescription>סיגריות קאמל בוקס בודד</ManufacturerItemDescription>
      <UnitQty>Unknown </UnitQty>
      <Quantity>0.00</Quantity>
      <UnitOfMeasure>Unknown </UnitOfMeasure>
      <bIsWeighted>0</bIsWeighted>
      <QtyInPackage>1</QtyInPackage>
      <ItemPrice>32.50</ItemPrice>
      <UnitOfMeasurePrice>0.0000</UnitOfMeasurePrice>
      <AllowDiscount>0</AllowDiscount>
      <ItemStatus>1</ItemStatus>
      <ItemId>14556</ItemId>
    </Item>
    <Item>
      <PriceUpdateDate>2015-10-01 06:18:38</PriceUpdateDate>
      <ItemCode>7290004128333</ItemCode>
      <ItemType>1</ItemType>
      <ItemName>גבינת לאבנה</ItemName>
      <ManufacturerName>תנובה מרכז שיתופי לש</ManufacturerName>
      <ManufactureCountry>ישראל</ManufactureCountry>
      <ManufacturerItemDescription>גבינת לאבנה פיראוס 500 9%ג</ManufacturerItemDescription>
      <UnitQty>גרמים</UnitQty>
      <Quantity>500.00</Quantity>
      <UnitOfMeasure>100 גרם</UnitOfMeasure>
      <bIsWeighted>0</bIsWeighted>
      <QtyInPackage>1</QtyInPackage>
      <ItemPrice>19.70</ItemPrice>
      <UnitOfMeasurePrice>3.9400</UnitOfMeasurePrice>
      <AllowDiscount>1</AllowDiscount>
      <ItemStatus>1</ItemStatus>
      <ItemId>14567</ItemId>
    </Item>
    <Item>
      <PriceUpdateDate>2016-05-20 08:23:48</PriceUpdateDate>
      <ItemCode>7290002012139</ItemCode>
      <ItemType>1</ItemType>
      <ItemName>חלה רגילה</ItemName>
      <ManufacturerName>מאפיית אנג'ל</ManufacturerName>
      <ManufactureCountry>ישראל</ManufactureCountry>
      <ManufacturerItemDescription>חלה רגילה 500 גרם</ManufacturerItemDescription>
      <UnitQty>Unknown </UnitQty>
      <Quantity>0.00</Quantity>
      <UnitOfMeasure>Unknown </UnitOfMeasure>
      <bIsWeighted>0</bIsWeighted>
      <QtyInPackage>1</QtyInPackage>
      <ItemPrice>4.90</ItemPrice>
      <UnitOfMeasurePrice>0.0000</UnitOfMeasurePrice>
      <AllowDiscount>1</AllowDiscount>
      <ItemStatus>1</ItemStatus>
      <ItemId>14649</ItemId>
    </Item>
    <Item>
      <PriceUpdateDate>2015-01-01 00:00:00</PriceUpdateDate>
      <ItemCode>7290000430102</ItemCode>
      <ItemType>1</ItemType>
      <ItemName>קוביות קרח בשקית</ItemName>
      <ManufacturerName>אייס קיוב</ManufacturerName>
      <ManufactureCountry>ישראל</ManufactureCountry>
      <ManufacturerItemDescription>קוביות קרח בשקית</ManufacturerItemDescription>
      <UnitQty>Unknown </UnitQty>
      <Quantity>0.00</Quantity>
      <UnitOfMeasure>Unknown </UnitOfMeasure>
      <bIsWeighted>0</bIsWeighted>
      <QtyInPackage>1</QtyInPackage>
      <ItemPrice>10.70</ItemPrice>
      <UnitOfMeasurePrice>0.0000</UnitOfMeasurePrice>
      <AllowDiscount>1</AllowDiscount>
      <ItemStatus>1</ItemStatus>
      <ItemId>15230</ItemId>
    </Item>
    <Item>
      <PriceUpdateDate>2015-10-01 06:13:17</PriceUpdateDate>
      <ItemCode>7290006374738</ItemCode>
      <ItemType>1</ItemType>
      <ItemName>קונפיטורת תות</ItemName>
      <ManufacturerName>ב.א מזון בעמ</ManufacturerName>
      <ManufactureCountry>ישראל</ManufactureCountry>
      <ManufacturerItemDescription>קונפיטורת תות 340 גרם</ManufacturerItemDescription>
      <UnitQty>גרמים</UnitQty>
      <Quantity>340.00</Quantity>
      <UnitOfMeasure>100 גרם</UnitOfMeasure>
      <bIsWeighted>0</bIsWeighted>
      <QtyInPackage>1</QtyInPackage>
      <ItemPrice>14.80</ItemPrice>
      <UnitOfMeasurePrice>4.3529</UnitOfMeasurePrice>
      <AllowDiscount>1</AllowDiscount>
      <ItemStatus>1</ItemStatus>
      <ItemId>15269</ItemId>
    </Item>
    <Item>
      <PriceUpdateDate>2015-10-01 06:15:10</PriceUpdateDate>
      <ItemCode>7290006681065</ItemCode>
      <ItemType>1</ItemType>
      <ItemName>שלגון טעמקור</ItemName>
      <ManufacturerName>שטראוס גלידות</ManufacturerName>
      <ManufactureCountry>ישראל</ManufactureCountry>
      <ManufacturerItemDescription>שלגון טעמקור                         XL</ManufacturerItemDescription>
      <UnitQty>גרמים</UnitQty>
      <Quantity>75.00</Quantity>
      <UnitOfMeasure>100 גרם</UnitOfMeasure>
      <bIsWeighted>0</bIsWeighted>
      <QtyInPackage>1</QtyInPackage>
      <ItemPrice>7.80</ItemPrice>
      <UnitOfMeasurePrice>10.4000</UnitOfMeasurePrice>
      <AllowDiscount>1</AllowDiscount>
      <ItemStatus>1</ItemStatus>
      <ItemId>15275</ItemId>
    </Item>
    <Item>
      <PriceUpdateDate>2015-01-01 00:00:00</PriceUpdateDate>
      <ItemCode>7290000195537</ItemCode>
      <ItemType>1</ItemType>
      <ItemName>האגיס 1/4 מגבונים לח</ItemName>
      <ManufacturerName>ווטנאפס</ManufacturerName>
      <ManufactureCountry>ישראל</ManufactureCountry>
      <ManufacturerItemDescription>האגיס רביעית מגבונים לחים-מלוי</ManufacturerItemDescription>
      <UnitQty>Unknown </UnitQty>
      <Quantity>0.00</Quantity>
      <UnitOfMeasure>Unknown </UnitOfMeasure>
      <bIsWeighted>0</bIsWeighted>
      <QtyInPackage>1</QtyInPackage>
      <ItemPrice>24.90</ItemPrice>
      <UnitOfMeasurePrice>0.0000</UnitOfMeasurePrice>
      <AllowDiscount>1</AllowDiscount>
      <ItemStatus>1</ItemStatus>
      <ItemId>15303</ItemId>
    </Item>
    <Item>
      <PriceUpdateDate>2015-07-21 08:02:03</PriceUpdateDate>
      <ItemCode>80050278</ItemCode>
      <ItemType>1</ItemType>
      <ItemName>חטיף פררו רושר    1/</ItemName>
      <ManufacturerName>פררו</ManufacturerName>
      <ManufactureCountry>איטליה</ManufactureCountry>
      <ManufacturerItemDescription>חטיף רושר                           1/3</ManufacturerItemDescription>
      <UnitQty>גרמים</UnitQty>
      <Quantity>38.00</Quantity>
      <UnitOfMeasure>100 גרם</UnitOfMeasure>
      <bIsWeighted>0</bIsWeighted>
      <QtyInPackage>1</QtyInPackage>
      <ItemPrice>6.90</ItemPrice>
      <UnitOfMeasurePrice>18.1579</UnitOfMeasurePrice>
      <AllowDiscount>1</AllowDiscount>
      <ItemStatus>1</ItemStatus>
      <ItemId>15380</ItemId>
    </Item>
    <Item>
      <PriceUpdateDate>2015-10-01 06:16:28</PriceUpdateDate>
      <ItemCode>7290000204611</ItemCode>
      <ItemType>1</ItemType>
      <ItemName>ספוגית הקסם</ItemName>
      <ManufacturerName>UFO</ManufacturerName>
      <ManufactureCountry>לא ידוע</ManufactureCountry>
      <ManufacturerItemDescription>ספוגית הקסם                         1/6</ManufacturerItemDescription>
      <UnitQty>Unknown </UnitQty>
      <Quantity>0.00</Quantity>
      <UnitOfMeasure>Unknown </UnitOfMeasure>
      <bIsWeighted>0</bIsWeighted>
      <QtyInPackage>1</QtyInPackage>
      <ItemPrice>13.80</ItemPrice>
      <UnitOfMeasurePrice>0.0000</UnitOfMeasurePrice>
      <AllowDiscount>1</AllowDiscount>
      <ItemStatus>1</ItemStatus>
      <ItemId>15390</ItemId>
    </Item>
    <Item>
      <PriceUpdateDate>2016-04-14 07:35:04</PriceUpdateDate>
      <ItemCode>7290005296260</ItemCode>
      <ItemType>1</ItemType>
      <ItemName>מנקה כללי אסטוניש</ItemName>
      <ManufacturerName>אסטוניש</ManufacturerName>
      <ManufactureCountry>אנגליה</ManufactureCountry>
      <ManufacturerItemDescription>לניקוי כללי אסטוניש רסס נגב          750</ManufacturerItemDescription>
      <UnitQty>מיליליטרים</UnitQty>
      <Quantity>750.00</Quantity>
      <UnitOfMeasure>100 מ"ל</UnitOfMeasure>
      <bIsWeighted>0</bIsWeighted>
      <QtyInPackage>1</QtyInPackage>
      <ItemPrice>15.90</ItemPrice>
      <UnitOfMeasurePrice>2.1200</UnitOfMeasurePrice>
      <AllowDiscount>1</AllowDiscount>
      <ItemStatus>1</ItemStatus>
      <ItemId>15419</ItemId>
    </Item>
    <Item>
      <PriceUpdateDate>2015-10-01 06:14:35</PriceUpdateDate>
      <ItemCode>7290005426735</ItemCode>
      <ItemType>1</ItemType>
      <ItemName>אבק.כביסה מקסימהBLA</ItemName>
      <ManufacturerName>סנו</ManufacturerName>
      <ManufactureCountry>ישראל</ManufactureCountry>
      <ManufacturerItemDescription>אבק.כביסה מקסימה BLACK קג</ManufacturerItemDescription>
      <UnitQty>קילוגרמים</UnitQty>
      <Quantity>1.25</Quantity>
      <UnitOfMeasure>ק"ג</UnitOfMeasure>
      <bIsWeighted>0</bIsWeighted>
      <QtyInPackage>1</QtyInPackage>
      <ItemPrice>19.70</ItemPrice>
      <UnitOfMeasurePrice>15.7600</UnitOfMeasurePrice>
      <AllowDiscount>1</AllowDiscount>
      <ItemStatus>1</ItemStatus>
      <ItemId>15441</ItemId>
    </Item>
    <Item>
      <PriceUpdateDate>2016-02-15 12:41:00</PriceUpdateDate>
      <ItemCode>7290001271247</ItemCode>
      <ItemType>1</ItemType>
      <ItemName>שלישיית פדים קוסמטיי</ItemName>
      <ManufacturerName>SANITARS</ManufacturerName>
      <ManufactureCountry>ספרד</ManufactureCountry>
      <ManufacturerItemDescription>שלישיית פדים קוסמטיים בסט</ManufacturerItemDescription>
      <UnitQty>Unknown </UnitQty>
      <Quantity>0.00</Quantity>
      <UnitOfMeasure>Unknown </UnitOfMeasure>
      <bIsWeighted>0</bIsWeighted>
      <QtyInPackage>1</QtyInPackage>
      <ItemPrice>14.70</ItemPrice>
      <UnitOfMeasurePrice>0.0000</UnitOfMeasurePrice>
      <AllowDiscount>1</AllowDiscount>
      <ItemStatus>1</ItemStatus>
      <ItemId>104915</ItemId>
    </Item>
    <Item>
      <PriceUpdateDate>2015-10-01 06:18:38</PriceUpdateDate>
      <ItemCode>7290004129668</ItemCode>
      <ItemType>1</ItemType>
      <ItemName>יופלה 3% פצפוצים</ItemName>
      <ManufacturerName>תנובה מרכז שיתופי לש</ManufacturerName>
      <ManufactureCountry>ישראל</ManufactureCountry>
      <ManufacturerItemDescription>יופלה 3% פצפוצים מכסה מעל           170</ManufacturerItemDescription>
      <UnitQty>גרמים</UnitQty>
      <Quantity>170.00</Quantity>
      <UnitOfMeasure>100 גרם</UnitOfMeasure>
      <bIsWeighted>0</bIsWeighted>
      <QtyInPackage>1</QtyInPackage>
      <ItemPrice>5.70</ItemPrice>
      <UnitOfMeasurePrice>3.3529</UnitOfMeasurePrice>
      <AllowDiscount>1</AllowDiscount>
      <ItemStatus>1</ItemStatus>
      <ItemId>15493</ItemId>
    </Item>
    <Item>
      <PriceUpdateDate>2015-10-01 06:15:01</PriceUpdateDate>
      <ItemCode>7290006712981</ItemCode>
      <ItemType>1</ItemType>
      <ItemName>קולגייט משחת שיניים</ItemName>
      <ManufacturerName>Colgate (Euro)-Palmo</ManufacturerName>
      <ManufactureCountry>פולין</ManufactureCountry>
      <ManufacturerItemDescription>קולגייט משחת שיניים סמיילס           6+</ManufacturerItemDescription>
      <UnitQty>מיליליטרים</UnitQty>
      <Quantity>50.00</Quantity>
      <UnitOfMeasure>100 מ"ל</UnitOfMeasure>
      <bIsWeighted>0</bIsWeighted>
      <QtyInPackage>1</QtyInPackage>
      <ItemPrice>14.80</ItemPrice>
      <UnitOfMeasurePrice>29.6000</UnitOfMeasurePrice>
      <AllowDiscount>1</AllowDiscount>
      <ItemStatus>1</ItemStatus>
      <ItemId>15521</ItemId>
    </Item>
    <Item>
      <PriceUpdateDate>2015-01-01 00:00:00</PriceUpdateDate>
      <ItemCode>7290000208404</ItemCode>
      <ItemType>1</ItemType>
      <ItemName>פול מצרי 560 גרם A2</ItemName>
      <ManufacturerName>זנלכל בע"מ</ManufacturerName>
      <ManufactureCountry>לא ידוע</ManufactureCountry>
      <ManufacturerItemDescription>פול מצרי 560 גרם A2 יכין</ManufacturerItemDescription>
      <UnitQty>גרמים</UnitQty>
      <Quantity>560.00</Quantity>
      <UnitOfMeasure>100 גרם</UnitOfMeasure>
      <bIsWeighted>0</bIsWeighted>
      <QtyInPackage>1</QtyInPackage>
      <ItemPrice>8.50</ItemPrice>
      <UnitOfMeasurePrice>1.5179</UnitOfMeasurePrice>
      <AllowDiscount>1</AllowDiscount>
      <ItemStatus>1</ItemStatus>
      <ItemId>15546</ItemId>
    </Item>
    <Item>
      <PriceUpdateDate>2015-01-01 00:00:00</PriceUpdateDate>
      <ItemCode>7296058000021</ItemCode>
      <ItemType>1</ItemType>
      <ItemName>דגניות אורז עם תירס</ItemName>
      <ManufacturerName>פרח תעשיות מזון בע"מ</ManufacturerName>
      <ManufactureCountry>ישראל</ManufactureCountry>
      <ManufacturerItemDescription>פריכיות אורז עם תירס                100</ManufacturerItemDescription>
      <UnitQty>גרמים</UnitQty>
      <Quantity>100.00</Quantity>
      <UnitOfMeasure>100 גרם</UnitOfMeasure>
      <bIsWeighted>0</bIsWeighted>
      <QtyInPackage>1</QtyInPackage>
      <ItemPrice>6.30</ItemPrice>
      <UnitOfMeasurePrice>6.3000</UnitOfMeasurePrice>
      <AllowDiscount>1</AllowDiscount>
      <ItemStatus>1</ItemStatus>
      <ItemId>15595</ItemId>
    </Item>
    <Item>
      <PriceUpdateDate>2015-07-19 11:36:38</PriceUpdateDate>
      <ItemCode>7290004122195</ItemCode>
      <ItemType>1</ItemType>
      <ItemName>גבינה קשה גוש חלב</ItemName>
      <ManufacturerName>תנובה מרכז שיתופי לש</ManufacturerName>
      <ManufactureCountry>ישראל</ManufactureCountry>
      <ManufacturerItemDescription>גבינה קשה גוש חלב פרוס 200 גר          .</ManufacturerItemDescription>
      <UnitQty>גרמים</UnitQty>
      <Quantity>200.00</Quantity>
      <UnitOfMeasure>100 גרם</UnitOfMeasure>
      <bIsWeighted>0</bIsWeighted>
      <QtyInPackage>1</QtyInPackage>
      <ItemPrice>14.10</ItemPrice>
      <UnitOfMeasurePrice>7.0500</UnitOfMeasurePrice>
      <AllowDiscount>1</AllowDiscount>
      <ItemStatus>1</ItemStatus>
      <ItemId>15601</ItemId>
    </Item>
    <Item>
      <PriceUpdateDate>2015-10-01 06:13:17</PriceUpdateDate>
      <ItemCode>7290010116980</ItemCode>
      <ItemType>1</ItemType>
      <ItemName>שוקולית שקית</ItemName>
      <ManufacturerName>שטראוס גרופ</ManufacturerName>
      <ManufactureCountry>ישראל</ManufactureCountry>
      <ManufacturerItemDescription>שוקולית 850 גר "שקית</ManufacturerItemDescription>
      <UnitQty>גרמים</UnitQty>
      <Quantity>850.00</Quantity>
      <UnitOfMeasure>100 גרם</UnitOfMeasure>
      <bIsWeighted>0</bIsWeighted>
      <QtyInPackage>1</QtyInPackage>
      <ItemPrice>19.70</ItemPrice>
      <UnitOfMeasurePrice>2.3176</UnitOfMeasurePrice>
      <AllowDiscount>1</AllowDiscount>
      <ItemStatus>1</ItemStatus>
      <ItemId>15635</ItemId>
    </Item>
    <Item>
      <PriceUpdateDate>2015-07-24 06:44:40</PriceUpdateDate>
      <ItemCode>7290002348160</ItemCode>
      <ItemType>1</ItemType>
      <ItemName>תירס גמדי שלם 425 גר</ItemName>
      <ManufacturerName>גואנדונג יוג'יה סיפו</ManufacturerName>
      <ManufactureCountry>סין</ManufactureCountry>
      <ManufacturerItemDescription>תירס גמדי שלם 425 גר</ManufacturerItemDescription>
      <UnitQty>גרמים</UnitQty>
      <Quantity>425.00</Quantity>
      <UnitOfMeasure>100 גרם</UnitOfMeasure>
      <bIsWeighted>0</bIsWeighted>
      <QtyInPackage>1</QtyInPackage>
      <ItemPrice>4.90</ItemPrice>
      <UnitOfMeasurePrice>1.1529</UnitOfMeasurePrice>
      <AllowDiscount>1</AllowDiscount>
      <ItemStatus>1</ItemStatus>
      <ItemId>15959</ItemId>
    </Item>
    <Item>
      <PriceUpdateDate>2016-07-20 07:59:42</PriceUpdateDate>
      <ItemCode>7290008670159</ItemCode>
      <ItemType>1</ItemType>
      <ItemName>יין יסמין לבן רקאנטי</ItemName>
      <ManufacturerName>רקנאטי</ManufacturerName>
      <ManufactureCountry>לא ידוע</ManufactureCountry>
      <ManufacturerItemDescription>יין יסמין לבן רקאנטי 750 מ"ל</ManufacturerItemDescription>
      <UnitQty>מיליליטרים</UnitQty>
      <Quantity>750.00</Quantity>
      <UnitOfMeasure>100 מ"ל</UnitOfMeasure>
      <bIsWeighted>0</bIsWeighted>
      <QtyInPackage>1</QtyInPackage>
      <ItemPrice>39.90</ItemPrice>
      <UnitOfMeasurePrice>5.3200</UnitOfMeasurePrice>
      <AllowDiscount>1</AllowDiscount>
      <ItemStatus>1</ItemStatus>
      <ItemId>16019</ItemId>
    </Item>
    <Item>
      <PriceUpdateDate>2015-01-01 00:00:00</PriceUpdateDate>
      <ItemCode>7290000134550</ItemCode>
      <ItemType>1</ItemType>
      <ItemName>עלי דפנה שקית</ItemName>
      <ManufacturerName>תבליני טעם וריח</ManufacturerName>
      <ManufactureCountry>ישראל</ManufactureCountry>
      <ManufacturerItemDescription>עלי דפנה 20 גר  בשקית</ManufacturerItemDescription>
      <UnitQty>גרמים</UnitQty>
      <Quantity>20.00</Quantity>
      <UnitOfMeasure>100 גרם</UnitOfMeasure>
      <bIsWeighted>0</bIsWeighted>
      <QtyInPackage>1</QtyInPackage>
      <ItemPrice>4.60</ItemPrice>
      <UnitOfMeasurePrice>23.0000</UnitOfMeasurePrice>
      <AllowDiscount>1</AllowDiscount>
      <ItemStatus>1</ItemStatus>
      <ItemId>16024</ItemId>
    </Item>
    <Item>
      <PriceUpdateDate>2016-06-07 08:19:29</PriceUpdateDate>
      <ItemCode>7290000134987</ItemCode>
      <ItemType>1</ItemType>
      <ItemName>פלפל שחור גרוס מיכל</ItemName>
      <ManufacturerName>תבליני טעם וריח</ManufacturerName>
      <ManufactureCountry>לא ידוע</ManufactureCountry>
      <ManufacturerItemDescription>פלפל שחור גרוס 90 גר  "מכיל</ManufacturerItemDescription>
      <UnitQty>גרמים</UnitQty>
      <Quantity>90.00</Quantity>
      <UnitOfMeasure>100 גרם</UnitOfMeasure>
      <bIsWeighted>0</bIsWeighted>
      <QtyInPackage>1</QtyInPackage>
      <ItemPrice>15.60</ItemPrice>
      <UnitOfMeasurePrice>17.3333</UnitOfMeasurePrice>
      <AllowDiscount>1</AllowDiscount>
      <ItemStatus>1</ItemStatus>
      <ItemId>16025</ItemId>
    </Item>
    <Item>
      <PriceUpdateDate>2015-01-01 00:00:00</PriceUpdateDate>
      <ItemCode>7290000208145</ItemCode>
      <ItemType>1</ItemType>
      <ItemName>תירס לייט</ItemName>
      <ManufacturerName>יכין</ManufacturerName>
      <ManufactureCountry>ישראל</ManufactureCountry>
      <ManufacturerItemDescription>תירס לייט 550  גרם</ManufacturerItemDescription>
      <UnitQty>גרמים</UnitQty>
      <Quantity>550.00</Quantity>
      <UnitOfMeasure>100 גרם</UnitOfMeasure>
      <bIsWeighted>0</bIsWeighted>
      <QtyInPackage>1</QtyInPackage>
      <ItemPrice>7.50</ItemPrice>
      <UnitOfMeasurePrice>1.3636</UnitOfMeasurePrice>
      <AllowDiscount>1</AllowDiscount>
      <ItemStatus>1</ItemStatus>
      <ItemId>16031</ItemId>
    </Item>
    <Item>
      <PriceUpdateDate>2015-07-14 15:10:18</PriceUpdateDate>
      <ItemCode>7290000208428</ItemCode>
      <ItemType>1</ItemType>
      <ItemName>חומוס יכין</ItemName>
      <ManufacturerName>יכין</ManufacturerName>
      <ManufactureCountry>ישראל</ManufactureCountry>
      <ManufacturerItemDescription>חומוס560 גר .יכין</ManufacturerItemDescription>
      <UnitQty>גרמים</UnitQty>
      <Quantity>560.00</Quantity>
      <UnitOfMeasure>100 גרם</UnitOfMeasure>
      <bIsWeighted>0</bIsWeighted>
      <QtyInPackage>1</QtyInPackage>
      <ItemPrice>6.90</ItemPrice>
      <UnitOfMeasurePrice>1.2321</UnitOfMeasurePrice>
      <AllowDiscount>1</AllowDiscount>
      <ItemStatus>1</ItemStatus>
      <ItemId>16032</ItemId>
    </Item>
    <Item>
      <PriceUpdateDate>2015-10-01 06:18:38</PriceUpdateDate>
      <ItemCode>7290004122119</ItemCode>
      <ItemType>1</ItemType>
      <ItemName>פרמזן פתיתים100 גר</ItemName>
      <ManufacturerName>תנובה מרכז שיתופי לש</ManufacturerName>
      <ManufactureCountry>ישראל</ManufactureCountry>
      <ManufacturerItemDescription>פרמזן פתיתים100 גר                     .</ManufacturerItemDescription>
      <UnitQty>גרמים</UnitQty>
      <Quantity>100.00</Quantity>
      <UnitOfMeasure>100 גרם</UnitOfMeasure>
      <bIsWeighted>0</bIsWeighted>
      <QtyInPackage>1</QtyInPackage>
      <ItemPrice>13.40</ItemPrice>
      <UnitOfMeasurePrice>13.4000</UnitOfMeasurePrice>
      <AllowDiscount>1</AllowDiscount>
      <ItemStatus>1</ItemStatus>
      <ItemId>16046</ItemId>
    </Item>
    <Item>
      <PriceUpdateDate>2015-10-01 06:13:01</PriceUpdateDate>
      <ItemCode>7290004980627</ItemCode>
      <ItemType>1</ItemType>
      <ItemName>סבון נוזלי פמילי1 ל.</ItemName>
      <ManufacturerName>אינטרקוסמא</ManufacturerName>
      <ManufactureCountry>לא ידוע</ManufactureCountry>
      <ManufacturerItemDescription>פמילי סבון נוזלי1 ל                    .</ManufacturerItemDescription>
      <UnitQty>ליטרים</UnitQty>
      <Quantity>1.00</Quantity>
      <UnitOfMeasure>ליטר</UnitOfMeasure>
      <bIsWeighted>0</bIsWeighted>
      <QtyInPackage>1</QtyInPackage>
      <ItemPrice>11.80</ItemPrice>
      <UnitOfMeasurePrice>11.8000</UnitOfMeasurePrice>
      <AllowDiscount>1</AllowDiscount>
      <ItemStatus>1</ItemStatus>
      <ItemId>16059</ItemId>
    </Item>
    <Item>
      <PriceUpdateDate>2015-01-01 00:00:00</PriceUpdateDate>
      <ItemCode>7290107872126</ItemCode>
      <ItemType>1</ItemType>
      <ItemName>רוטב עגבניות</ItemName>
      <ManufacturerName>אסם</ManufacturerName>
      <ManufactureCountry>ישראל</ManufactureCountry>
      <ManufacturerItemDescription>רוטב עגבניות לפיצה 420 גר</ManufacturerItemDescription>
      <UnitQty>גרמים</UnitQty>
      <Quantity>420.00</Quantity>
      <UnitOfMeasure>100 גרם</UnitOfMeasure>
      <bIsWeighted>0</bIsWeighted>
      <QtyInPackage>1</QtyInPackage>
      <ItemPrice>14.90</ItemPrice>
      <UnitOfMeasurePrice>3.5476</UnitOfMeasurePrice>
      <AllowDiscount>1</AllowDiscount>
      <ItemStatus>1</ItemStatus>
      <ItemId>100640</ItemId>
    </Item>
    <Item>
      <PriceUpdateDate>2015-11-11 07:49:06</PriceUpdateDate>
      <ItemCode>7290000211169</ItemCode>
      <ItemType>1</ItemType>
      <ItemName>אורז תאילנדי</ItemName>
      <ManufacturerName>סוגת</ManufacturerName>
      <ManufactureCountry>לא ידוע</ManufactureCountry>
      <ManufacturerItemDescription>אורז תאילנדי 1 ק"ג</ManufacturerItemDescription>
      <UnitQty>קילוגרמים</UnitQty>
      <Quantity>1.00</Quantity>
      <UnitOfMeasure>ק"ג</UnitOfMeasure>
      <bIsWeighted>0</bIsWeighted>
      <QtyInPackage>1</QtyInPackage>
      <ItemPrice>7.90</ItemPrice>
      <UnitOfMeasurePrice>7.9000</UnitOfMeasurePrice>
      <AllowDiscount>1</AllowDiscount>
      <ItemStatus>1</ItemStatus>
      <ItemId>16122</ItemId>
    </Item>
    <Item>
      <PriceUpdateDate>2015-07-22 06:41:06</PriceUpdateDate>
      <ItemCode>7290000295558</ItemCode>
      <ItemType>1</ItemType>
      <ItemName>רדיד אלומיניום</ItemName>
      <ManufacturerName>בורסה פזרי</ManufacturerName>
      <ManufactureCountry>טורקיה</ManufactureCountry>
      <ManufacturerItemDescription>רדיד אלומיניום זוג15מ רוחב30סמ</ManufacturerItemDescription>
      <UnitQty>מטרים</UnitQty>
      <Quantity>1500.00</Quantity>
      <UnitOfMeasure>מטר</UnitOfMeasure>
      <bIsWeighted>0</bIsWeighted>
      <QtyInPackage>1</QtyInPackage>
      <ItemPrice>12.30</ItemPrice>
      <UnitOfMeasurePrice>0.0082</UnitOfMeasurePrice>
      <AllowDiscount>1</AllowDiscount>
      <ItemStatus>1</ItemStatus>
      <ItemId>16126</ItemId>
    </Item>
    <Item>
      <PriceUpdateDate>2015-10-01 06:13:17</PriceUpdateDate>
      <ItemCode>7290005197628</ItemCode>
      <ItemType>1</ItemType>
      <ItemName>שוקולד פרה חלב  1/6</ItemName>
      <ManufacturerName>שטראוס גרופ</ManufacturerName>
      <ManufactureCountry>ישראל</ManufactureCountry>
      <ManufacturerItemDescription>שוקולד פרה חלב 1/6 מארז חיסכון</ManufacturerItemDescription>
      <UnitQty>גרמים</UnitQty>
      <Quantity>600.00</Quantity>
      <UnitOfMeasure>100 גרם</UnitOfMeasure>
      <bIsWeighted>0</bIsWeighted>
      <QtyInPackage>1</QtyInPackage>
      <ItemPrice>35.30</ItemPrice>
      <UnitOfMeasurePrice>5.8833</UnitOfMeasurePrice>
      <AllowDiscount>1</AllowDiscount>
      <ItemStatus>1</ItemStatus>
      <ItemId>16135</ItemId>
    </Item>
    <Item>
      <PriceUpdateDate>2015-10-01 06:13:17</PriceUpdateDate>
      <ItemCode>7290005197635</ItemCode>
      <ItemType>1</ItemType>
      <ItemName>שוקולד פרה מריר 1/6</ItemName>
      <ManufacturerName>שטראוס גרופ</ManufacturerName>
      <ManufactureCountry>ישראל</ManufactureCountry>
      <ManufacturerItemDescription>שוקולד פרה מריר1/6 מארז חיסכון</ManufacturerItemDescription>
      <UnitQty>גרמים</UnitQty>
      <Quantity>600.00</Quantity>
      <UnitOfMeasure>100 גרם</UnitOfMeasure>
      <bIsWeighted>0</bIsWeighted>
      <QtyInPackage>1</QtyInPackage>
      <ItemPrice>35.30</ItemPrice>
      <UnitOfMeasurePrice>5.8833</UnitOfMeasurePrice>
      <AllowDiscount>1</AllowDiscount>
      <ItemStatus>1</ItemStatus>
      <ItemId>16136</ItemId>
    </Item>
    <Item>
      <PriceUpdateDate>2015-10-01 06:13:26</PriceUpdateDate>
      <ItemCode>7290106521049</ItemCode>
      <ItemType>1</ItemType>
      <ItemName>קוביות סלק</ItemName>
      <ManufacturerName>שטראוס גרופ</ManufacturerName>
      <ManufactureCountry>ישראל</ManufactureCountry>
      <ManufacturerItemDescription>קוביות סלק 400 גר "אחלה</ManufacturerItemDescription>
      <UnitQty>גרמים</UnitQty>
      <Quantity>400.00</Quantity>
      <UnitOfMeasure>100 גרם</UnitOfMeasure>
      <bIsWeighted>0</bIsWeighted>
      <QtyInPackage>1</QtyInPackage>
      <ItemPrice>15.50</ItemPrice>
      <UnitOfMeasurePrice>3.8750</UnitOfMeasurePrice>
      <AllowDiscount>1</AllowDiscount>
      <ItemStatus>1</ItemStatus>
      <ItemId>92321</ItemId>
    </Item>
    <Item>
      <PriceUpdateDate>2016-06-07 08:19:29</PriceUpdateDate>
      <ItemCode>7290000134826</ItemCode>
      <ItemType>1</ItemType>
      <ItemName>תבלין זעתר מיכל</ItemName>
      <ManufacturerName>תבליני טעם וריח</ManufacturerName>
      <ManufactureCountry>לא ידוע</ManufactureCountry>
      <ManufacturerItemDescription>תבלין זעתר 100 גר  "מיכל</ManufacturerItemDescription>
      <UnitQty>גרמים</UnitQty>
      <Quantity>100.00</Quantity>
      <UnitOfMeasure>100 גרם</UnitOfMeasure>
      <bIsWeighted>0</bIsWeighted>
      <QtyInPackage>1</QtyInPackage>
      <ItemPrice>12.30</ItemPrice>
      <UnitOfMeasurePrice>12.3000</UnitOfMeasurePrice>
      <AllowDiscount>1</AllowDiscount>
      <ItemStatus>1</ItemStatus>
      <ItemId>16170</ItemId>
    </Item>
    <Item>
      <PriceUpdateDate>2016-06-07 08:19:29</PriceUpdateDate>
      <ItemCode>7290000134833</ItemCode>
      <ItemType>1</ItemType>
      <ItemName>תבלין כמון 100  גר</ItemName>
      <ManufacturerName>תבליני טעם וריח</ManufacturerName>
      <ManufactureCountry>לא ידוע</ManufactureCountry>
      <ManufacturerItemDescription>תבלין כמון 100  גר   מיכל</ManufacturerItemDescription>
      <UnitQty>גרמים</UnitQty>
      <Quantity>100.00</Quantity>
      <UnitOfMeasure>100 גרם</UnitOfMeasure>
      <bIsWeighted>0</bIsWeighted>
      <QtyInPackage>1</QtyInPackage>
      <ItemPrice>11.80</ItemPrice>
      <UnitOfMeasurePrice>11.8000</UnitOfMeasurePrice>
      <AllowDiscount>1</AllowDiscount>
      <ItemStatus>1</ItemStatus>
      <ItemId>16171</ItemId>
    </Item>
    <Item>
      <PriceUpdateDate>2016-06-07 08:19:29</PriceUpdateDate>
      <ItemCode>7290000134864</ItemCode>
      <ItemType>1</ItemType>
      <ItemName>תבלין פפריקה חריפה</ItemName>
      <ManufacturerName>תבליני טעם וריח</ManufacturerName>
      <ManufactureCountry>לא ידוע</ManufactureCountry>
      <ManufacturerItemDescription>תבלין פפריקה חריפה 100 גר מיכל</ManufacturerItemDescription>
      <UnitQty>גרמים</UnitQty>
      <Quantity>100.00</Quantity>
      <UnitOfMeasure>100 גרם</UnitOfMeasure>
      <bIsWeighted>0</bIsWeighted>
      <QtyInPackage>1</QtyInPackage>
      <ItemPrice>11.80</ItemPrice>
      <UnitOfMeasurePrice>11.8000</UnitOfMeasurePrice>
      <AllowDiscount>1</AllowDiscount>
      <ItemStatus>1</ItemStatus>
      <ItemId>16172</ItemId>
    </Item>
    <Item>
      <PriceUpdateDate>2015-07-14 15:10:14</PriceUpdateDate>
      <ItemCode>7290000303598</ItemCode>
      <ItemType>1</ItemType>
      <ItemName>שעועית לבנה אפויה בר</ItemName>
      <ManufacturerName>ויטה פרי גליל</ManufacturerName>
      <ManufactureCountry>ישראל</ManufactureCountry>
      <ManufacturerItemDescription>שעועית לבנה אפויה ברוטב 570 גר</ManufacturerItemDescription>
      <UnitQty>גרמים</UnitQty>
      <Quantity>570.00</Quantity>
      <UnitOfMeasure>100 גרם</UnitOfMeasure>
      <bIsWeighted>0</bIsWeighted>
      <QtyInPackage>1</QtyInPackage>
      <ItemPrice>7.70</ItemPrice>
      <UnitOfMeasurePrice>1.3509</UnitOfMeasurePrice>
      <AllowDiscount>1</AllowDiscount>
      <ItemStatus>1</ItemStatus>
      <ItemId>16186</ItemId>
    </Item>
    <Item>
      <PriceUpdateDate>2015-08-09 08:03:40</PriceUpdateDate>
      <ItemCode>7290000110851</ItemCode>
      <ItemType>1</ItemType>
      <ItemName>חטיף כיפלי בצל בדץ</ItemName>
      <ManufacturerName>אתר שפע - Food</ManufacturerName>
      <ManufactureCountry>ישראל</ManufactureCountry>
      <ManufacturerItemDescription>חטיף כיפלי בצל70 גר "בדץ</ManufacturerItemDescription>
      <UnitQty>גרמים</UnitQty>
      <Quantity>70.00</Quantity>
      <UnitOfMeasure>100 גרם</UnitOfMeasure>
      <bIsWeighted>0</bIsWeighted>
      <QtyInPackage>1</QtyInPackage>
      <ItemPrice>6.50</ItemPrice>
      <UnitOfMeasurePrice>9.2857</UnitOfMeasurePrice>
      <AllowDiscount>1</AllowDiscount>
      <ItemStatus>1</ItemStatus>
      <ItemId>16217</ItemId>
    </Item>
    <Item>
      <PriceUpdateDate>2016-05-26 15:37:49</PriceUpdateDate>
      <ItemCode>7290003427154</ItemCode>
      <ItemType>1</ItemType>
      <ItemName>שמן זית כתית מעולה</ItemName>
      <ManufacturerName>זיתא – י.ט.ב תעשיות</ManufacturerName>
      <ManufactureCountry>לא ידוע</ManufactureCountry>
      <ManufacturerItemDescription>שמן זית כתית מעולה 750 מל</ManufacturerItemDescription>
      <UnitQty>מיליליטרים</UnitQty>
      <Quantity>750.00</Quantity>
      <UnitOfMeasure>100 מ"ל</UnitOfMeasure>
      <bIsWeighted>0</bIsWeighted>
      <QtyInPackage>1</QtyInPackage>
      <ItemPrice>36.90</ItemPrice>
      <UnitOfMeasurePrice>4.9200</UnitOfMeasurePrice>
      <AllowDiscount>1</AllowDiscount>
      <ItemStatus>1</ItemStatus>
      <ItemId>16224</ItemId>
    </Item>
    <Item>
      <PriceUpdateDate>2015-10-02 09:08:55</PriceUpdateDate>
      <ItemCode>7290008846219</ItemCode>
      <ItemType>1</ItemType>
      <ItemName>שמן זית מעולה</ItemName>
      <ManufacturerName>חלוצה בעמ</ManufacturerName>
      <ManufactureCountry>ישראל</ManufactureCountry>
      <ManufacturerItemDescription>שמן זית כתית מעולה 750 מ"ל</ManufacturerItemDescription>
      <UnitQty>מיליליטרים</UnitQty>
      <Quantity>750.00</Quantity>
      <UnitOfMeasure>100 מ"ל</UnitOfMeasure>
      <bIsWeighted>0</bIsWeighted>
      <QtyInPackage>1</QtyInPackage>
      <ItemPrice>39.90</ItemPrice>
      <UnitOfMeasurePrice>5.3200</UnitOfMeasurePrice>
      <AllowDiscount>1</AllowDiscount>
      <ItemStatus>1</ItemStatus>
      <ItemId>16228</ItemId>
    </Item>
    <Item>
      <PriceUpdateDate>2015-10-01 06:14:18</PriceUpdateDate>
      <ItemCode>7290106446793</ItemCode>
      <ItemType>1</ItemType>
      <ItemName>תבנית אלומיניום גדול</ItemName>
      <ManufacturerName>מזלוב</ManufacturerName>
      <ManufactureCountry>טורקיה</ManufactureCountry>
      <ManufacturerItemDescription>תבנית אלומיניום גדולה 5 יח          YOU</ManufacturerItemDescription>
      <UnitQty>Unknown </UnitQty>
      <Quantity>0.00</Quantity>
      <UnitOfMeasure>Unknown </UnitOfMeasure>
      <bIsWeighted>0</bIsWeighted>
      <QtyInPackage>1</QtyInPackage>
      <ItemPrice>8.80</ItemPrice>
      <UnitOfMeasurePrice>0.0000</UnitOfMeasurePrice>
      <AllowDiscount>1</AllowDiscount>
      <ItemStatus>1</ItemStatus>
      <ItemId>99466</ItemId>
    </Item>
    <Item>
      <PriceUpdateDate>2015-10-01 06:14:35</PriceUpdateDate>
      <ItemCode>7290005427497</ItemCode>
      <ItemType>1</ItemType>
      <ItemName>כיף מרכך לשיער רגיל</ItemName>
      <ManufacturerName>קוסמופארם</ManufacturerName>
      <ManufactureCountry>ישראל</ManufactureCountry>
      <ManufacturerItemDescription>כיף מרכך לשיער רגיל 750 מל</ManufacturerItemDescription>
      <UnitQty>מיליליטרים</UnitQty>
      <Quantity>750.00</Quantity>
      <UnitOfMeasure>100 מ"ל</UnitOfMeasure>
      <bIsWeighted>0</bIsWeighted>
      <QtyInPackage>1</QtyInPackage>
      <ItemPrice>11.80</ItemPrice>
      <UnitOfMeasurePrice>1.5733</UnitOfMeasurePrice>
      <AllowDiscount>1</AllowDiscount>
      <ItemStatus>1</ItemStatus>
      <ItemId>16260</ItemId>
    </Item>
    <Item>
      <PriceUpdateDate>2016-06-07 08:19:29</PriceUpdateDate>
      <ItemCode>7290000134970</ItemCode>
      <ItemType>1</ItemType>
      <ItemName>תבלין חאוויגי מיכל</ItemName>
      <ManufacturerName>תבליני טעם וריח</ManufacturerName>
      <ManufactureCountry>לא ידוע</ManufactureCountry>
      <ManufacturerItemDescription>תבלין חאוויג 100 "גר "מיכל</ManufacturerItemDescription>
      <UnitQty>גרמים</UnitQty>
      <Quantity>100.00</Quantity>
      <UnitOfMeasure>100 גרם</UnitOfMeasure>
      <bIsWeighted>0</bIsWeighted>
      <QtyInPackage>1</QtyInPackage>
      <ItemPrice>11.80</ItemPrice>
      <UnitOfMeasurePrice>11.8000</UnitOfMeasurePrice>
      <AllowDiscount>1</AllowDiscount>
      <ItemStatus>1</ItemStatus>
      <ItemId>16282</ItemId>
    </Item>
    <Item>
      <PriceUpdateDate>2015-10-01 06:16:28</PriceUpdateDate>
      <ItemCode>7290000197883</ItemCode>
      <ItemType>1</ItemType>
      <ItemName>תבניות אלומיניום</ItemName>
      <ManufacturerName>פאלאס</ManufacturerName>
      <ManufactureCountry>ישראל</ManufactureCountry>
      <ManufacturerItemDescription>תבנית אלומיניום גדול 4 יח              "</ManufacturerItemDescription>
      <UnitQty>Unknown </UnitQty>
      <Quantity>0.00</Quantity>
      <UnitOfMeasure>Unknown </UnitOfMeasure>
      <bIsWeighted>0</bIsWeighted>
      <QtyInPackage>1</QtyInPackage>
      <ItemPrice>10.80</ItemPrice>
      <UnitOfMeasurePrice>0.0000</UnitOfMeasurePrice>
      <AllowDiscount>1</AllowDiscount>
      <ItemStatus>1</ItemStatus>
      <ItemId>16284</ItemId>
    </Item>
    <Item>
      <PriceUpdateDate>2015-01-01 00:00:00</PriceUpdateDate>
      <ItemCode>7290005559969</ItemCode>
      <ItemType>1</ItemType>
      <ItemName>פיצה אישית גבינה</ItemName>
      <ManufacturerName>מעדנות</ManufacturerName>
      <ManufactureCountry>ישראל</ManufactureCountry>
      <ManufacturerItemDescription>פיצה אישית גבינה משולשים</ManufacturerItemDescription>
      <UnitQty>גרמים</UnitQty>
      <Quantity>750.00</Quantity>
      <UnitOfMeasure>100 גרם</UnitOfMeasure>
      <bIsWeighted>0</bIsWeighted>
      <QtyInPackage>1</QtyInPackage>
      <ItemPrice>35.80</ItemPrice>
      <UnitOfMeasurePrice>4.7733</UnitOfMeasurePrice>
      <AllowDiscount>1</AllowDiscount>
      <ItemStatus>1</ItemStatus>
      <ItemId>16300</ItemId>
    </Item>
    <Item>
      <PriceUpdateDate>2016-06-07 08:19:30</PriceUpdateDate>
      <ItemCode>7290000134857</ItemCode>
      <ItemType>1</ItemType>
      <ItemName>תבלין פפריקה מתוקה 1</ItemName>
      <ManufacturerName>תבליני טעם וריח</ManufacturerName>
      <ManufactureCountry>לא ידוע</ManufactureCountry>
      <ManufacturerItemDescription>תבלין פפריקה מתוקה 100 גר מיכל</ManufacturerItemDescription>
      <UnitQty>גרמים</UnitQty>
      <Quantity>100.00</Quantity>
      <UnitOfMeasure>100 גרם</UnitOfMeasure>
      <bIsWeighted>0</bIsWeighted>
      <QtyInPackage>1</QtyInPackage>
      <ItemPrice>11.80</ItemPrice>
      <UnitOfMeasurePrice>11.8000</UnitOfMeasurePrice>
      <AllowDiscount>1</AllowDiscount>
      <ItemStatus>1</ItemStatus>
      <ItemId>16313</ItemId>
    </Item>
    <Item>
      <PriceUpdateDate>2015-07-17 07:33:06</PriceUpdateDate>
      <ItemCode>7290001990094</ItemCode>
      <ItemType>1</ItemType>
      <ItemName>סוכר חום צנצנת</ItemName>
      <ManufacturerName>סוגת</ManufacturerName>
      <ManufactureCountry>לא ידוע</ManufactureCountry>
      <ManufacturerItemDescription>סוכר חום צנצנת 1 קג</ManufacturerItemDescription>
      <UnitQty>קילוגרמים</UnitQty>
      <Quantity>1.00</Quantity>
      <UnitOfMeasure>ק"ג</UnitOfMeasure>
      <bIsWeighted>0</bIsWeighted>
      <QtyInPackage>1</QtyInPackage>
      <ItemPrice>12.70</ItemPrice>
      <UnitOfMeasurePrice>12.7000</UnitOfMeasurePrice>
      <AllowDiscount>1</AllowDiscount>
      <ItemStatus>1</ItemStatus>
      <ItemId>16316</ItemId>
    </Item>
    <Item>
      <PriceUpdateDate>2015-10-01 06:14:35</PriceUpdateDate>
      <ItemCode>7290006788429</ItemCode>
      <ItemType>1</ItemType>
      <ItemName>דאו.רול און כתום מס4</ItemName>
      <ManufacturerName>אמיליה קוסמטיקס</ManufacturerName>
      <ManufactureCountry>ישראל</ManufactureCountry>
      <ManufacturerItemDescription>דאו.רול און כתום מס.-4קרליין</ManufacturerItemDescription>
      <UnitQty>גרמים</UnitQty>
      <Quantity>119.00</Quantity>
      <UnitOfMeasure>100 גרם</UnitOfMeasure>
      <bIsWeighted>0</bIsWeighted>
      <QtyInPackage>1</QtyInPackage>
      <ItemPrice>15.70</ItemPrice>
      <UnitOfMeasurePrice>13.1933</UnitOfMeasurePrice>
      <AllowDiscount>1</AllowDiscount>
      <ItemStatus>1</ItemStatus>
      <ItemId>16343</ItemId>
    </Item>
    <Item>
      <PriceUpdateDate>2016-06-07 08:19:30</PriceUpdateDate>
      <ItemCode>7290000134871</ItemCode>
      <ItemType>1</ItemType>
      <ItemName>פלפל שחור טחון מיכל</ItemName>
      <ManufacturerName>תבליני טעם וריח</ManufacturerName>
      <ManufactureCountry>לא ידוע</ManufactureCountry>
      <ManufacturerItemDescription>פלפל שחור טחון 100 גר מיכל</ManufacturerItemDescription>
      <UnitQty>גרמים</UnitQty>
      <Quantity>100.00</Quantity>
      <UnitOfMeasure>100 גרם</UnitOfMeasure>
      <bIsWeighted>0</bIsWeighted>
      <QtyInPackage>1</QtyInPackage>
      <ItemPrice>15.70</ItemPrice>
      <UnitOfMeasurePrice>15.7000</UnitOfMeasurePrice>
      <AllowDiscount>1</AllowDiscount>
      <ItemStatus>1</ItemStatus>
      <ItemId>16352</ItemId>
    </Item>
    <Item>
      <PriceUpdateDate>2015-10-01 06:17:25</PriceUpdateDate>
      <ItemCode>7290106577725</ItemCode>
      <ItemType>1</ItemType>
      <ItemName>עוגת תפוחים ביתי400</ItemName>
      <ManufacturerName>בונזור</ManufacturerName>
      <ManufactureCountry>ישראל</ManufactureCountry>
      <ManufacturerItemDescription>עוגת תפוחים ביתי 400 גר</ManufacturerItemDescription>
      <UnitQty>גרמים</UnitQty>
      <Quantity>400.00</Quantity>
      <UnitOfMeasure>100 גרם</UnitOfMeasure>
      <bIsWeighted>0</bIsWeighted>
      <QtyInPackage>1</QtyInPackage>
      <ItemPrice>19.70</ItemPrice>
      <UnitOfMeasurePrice>4.9250</UnitOfMeasurePrice>
      <AllowDiscount>1</AllowDiscount>
      <ItemStatus>1</ItemStatus>
      <ItemId>98111</ItemId>
    </Item>
    <Item>
      <PriceUpdateDate>2015-07-14 15:07:10</PriceUpdateDate>
      <ItemCode>7290005593352</ItemCode>
      <ItemType>1</ItemType>
      <ItemName>שמן סויה 1 ליטר</ItemName>
      <ManufacturerName>תורגמן</ManufacturerName>
      <ManufactureCountry>ישראל</ManufactureCountry>
      <ManufacturerItemDescription>שמן סויה</ManufacturerItemDescription>
      <UnitQty>מיליליטרים</UnitQty>
      <Quantity>1.00</Quantity>
      <UnitOfMeasure>100 מ"ל</UnitOfMeasure>
      <bIsWeighted>0</bIsWeighted>
      <QtyInPackage>1</QtyInPackage>
      <ItemPrice>8.90</ItemPrice>
      <UnitOfMeasurePrice>890.0000</UnitOfMeasurePrice>
      <AllowDiscount>1</AllowDiscount>
      <ItemStatus>1</ItemStatus>
      <ItemId>105113</ItemId>
    </Item>
    <Item>
      <PriceUpdateDate>2015-10-01 06:16:28</PriceUpdateDate>
      <ItemCode>7290000197876</ItemCode>
      <ItemType>1</ItemType>
      <ItemName>תבניות אלומיניום</ItemName>
      <ManufacturerName>פאלאס</ManufacturerName>
      <ManufactureCountry>ישראל</ManufactureCountry>
      <ManufacturerItemDescription>תבנית אלומיניום קטן 4 יח               "</ManufacturerItemDescription>
      <UnitQty>Unknown </UnitQty>
      <Quantity>0.00</Quantity>
      <UnitOfMeasure>Unknown </UnitOfMeasure>
      <bIsWeighted>0</bIsWeighted>
      <QtyInPackage>1</QtyInPackage>
      <ItemPrice>10.80</ItemPrice>
      <UnitOfMeasurePrice>0.0000</UnitOfMeasurePrice>
      <AllowDiscount>1</AllowDiscount>
      <ItemStatus>1</ItemStatus>
      <ItemId>16442</ItemId>
    </Item>
    <Item>
      <PriceUpdateDate>2015-07-17 07:33:06</PriceUpdateDate>
      <ItemCode>7290001990148</ItemCode>
      <ItemType>1</ItemType>
      <ItemName>סוכר גולדן קלאסי 1קג</ItemName>
      <ManufacturerName>סוגת</ManufacturerName>
      <ManufactureCountry>לא ידוע</ManufactureCountry>
      <ManufacturerItemDescription>סוכר גולדן קלאסי 1 קג</ManufacturerItemDescription>
      <UnitQty>קילוגרמים</UnitQty>
      <Quantity>1.00</Quantity>
      <UnitOfMeasure>ק"ג</UnitOfMeasure>
      <bIsWeighted>0</bIsWeighted>
      <QtyInPackage>1</QtyInPackage>
      <ItemPrice>11.90</ItemPrice>
      <UnitOfMeasurePrice>11.9000</UnitOfMeasurePrice>
      <AllowDiscount>1</AllowDiscount>
      <ItemStatus>1</ItemStatus>
      <ItemId>16443</ItemId>
    </Item>
    <Item>
      <PriceUpdateDate>2015-08-02 08:17:34</PriceUpdateDate>
      <ItemCode>7290002007371</ItemCode>
      <ItemType>1</ItemType>
      <ItemName>פרורי לחם</ItemName>
      <ManufacturerName>וודש</ManufacturerName>
      <ManufactureCountry>ישראל</ManufactureCountry>
      <ManufacturerItemDescription>פרורי לחם 500 גרם</ManufacturerItemDescription>
      <UnitQty>גרמים</UnitQty>
      <Quantity>500.00</Quantity>
      <UnitOfMeasure>100 גרם</UnitOfMeasure>
      <bIsWeighted>0</bIsWeighted>
      <QtyInPackage>1</QtyInPackage>
      <ItemPrice>6.40</ItemPrice>
      <UnitOfMeasurePrice>1.2800</UnitOfMeasurePrice>
      <AllowDiscount>1</AllowDiscount>
      <ItemStatus>1</ItemStatus>
      <ItemId>16444</ItemId>
    </Item>
    <Item>
      <PriceUpdateDate>2015-01-01 00:00:00</PriceUpdateDate>
      <ItemCode>7290002008507</ItemCode>
      <ItemType>1</ItemType>
      <ItemName>נייר אפיה        50</ItemName>
      <ManufacturerName>נורדיק פייפר</ManufacturerName>
      <ManufactureCountry>נורווגיה</ManufactureCountry>
      <ManufacturerItemDescription>נייר אפיה                            50</ManufacturerItemDescription>
      <UnitQty>Unknown </UnitQty>
      <Quantity>0.00</Quantity>
      <UnitOfMeasure>Unknown </UnitOfMeasure>
      <bIsWeighted>0</bIsWeighted>
      <QtyInPackage>1</QtyInPackage>
      <ItemPrice>11.30</ItemPrice>
      <UnitOfMeasurePrice>0.0000</UnitOfMeasurePrice>
      <AllowDiscount>1</AllowDiscount>
      <ItemStatus>1</ItemStatus>
      <ItemId>16445</ItemId>
    </Item>
    <Item>
      <PriceUpdateDate>2015-01-01 00:00:00</PriceUpdateDate>
      <ItemCode>7290000334233</ItemCode>
      <ItemType>1</ItemType>
      <ItemName>תפוגן</ItemName>
      <ManufacturerName>תפוגן</ManufacturerName>
      <ManufactureCountry>ישראל</ManufactureCountry>
      <ManufacturerItemDescription>תפוגן מובחר 2 קג</ManufacturerItemDescription>
      <UnitQty>קילוגרמים</UnitQty>
      <Quantity>2.00</Quantity>
      <UnitOfMeasure>ק"ג</UnitOfMeasure>
      <bIsWeighted>0</bIsWeighted>
      <QtyInPackage>1</QtyInPackage>
      <ItemPrice>32.30</ItemPrice>
      <UnitOfMeasurePrice>16.1500</UnitOfMeasurePrice>
      <AllowDiscount>1</AllowDiscount>
      <ItemStatus>1</ItemStatus>
      <ItemId>16528</ItemId>
    </Item>
    <Item>
      <PriceUpdateDate>2015-01-01 00:00:00</PriceUpdateDate>
      <ItemCode>5201184011775</ItemCode>
      <ItemType>1</ItemType>
      <ItemName>זר יומהולדת פרחים</ItemName>
      <ManufacturerName>H.PARTY</ManufacturerName>
      <ManufactureCountry>לא ידוע</ManufactureCountry>
      <ManufacturerItemDescription>זר יומהולדת פרחים</ManufacturerItemDescription>
      <UnitQty>Unknown </UnitQty>
      <Quantity>0.00</Quantity>
      <UnitOfMeasure>Unknown </UnitOfMeasure>
      <bIsWeighted>0</bIsWeighted>
      <QtyInPackage>1</QtyInPackage>
      <ItemPrice>9.90</ItemPrice>
      <UnitOfMeasurePrice>0.0000</UnitOfMeasurePrice>
      <AllowDiscount>1</AllowDiscount>
      <ItemStatus>1</ItemStatus>
      <ItemId>76207</ItemId>
    </Item>
    <Item>
      <PriceUpdateDate>2016-07-28 07:17:35</PriceUpdateDate>
      <ItemCode>7290001780428</ItemCode>
      <ItemType>1</ItemType>
      <ItemName>גלידיאט שוקו    1/6</ItemName>
      <ManufacturerName>נגה גלידות</ManufacturerName>
      <ManufactureCountry>ישראל</ManufactureCountry>
      <ManufacturerItemDescription>גלידיאט שוקו עם סירופ               1/6</ManufacturerItemDescription>
      <UnitQty>גרמים</UnitQty>
      <Quantity>312.00</Quantity>
      <UnitOfMeasure>100 גרם</UnitOfMeasure>
      <bIsWeighted>0</bIsWeighted>
      <QtyInPackage>1</QtyInPackage>
      <ItemPrice>31.50</ItemPrice>
      <UnitOfMeasurePrice>10.0962</UnitOfMeasurePrice>
      <AllowDiscount>1</AllowDiscount>
      <ItemStatus>1</ItemStatus>
      <ItemId>16723</ItemId>
    </Item>
    <Item>
      <PriceUpdateDate>2015-10-01 06:14:36</PriceUpdateDate>
      <ItemCode>7290006788450</ItemCode>
      <ItemType>1</ItemType>
      <ItemName>דאו תרסיס סנסטיב</ItemName>
      <ManufacturerName>אמיליה קוסמטיקס</ManufacturerName>
      <ManufactureCountry>ישראל</ManufactureCountry>
      <ManufacturerItemDescription>דאו תרסיס סנסטיב</ManufacturerItemDescription>
      <UnitQty>מיליליטרים</UnitQty>
      <Quantity>200.00</Quantity>
      <UnitOfMeasure>100 מ"ל</UnitOfMeasure>
      <bIsWeighted>0</bIsWeighted>
      <QtyInPackage>1</QtyInPackage>
      <ItemPrice>15.70</ItemPrice>
      <UnitOfMeasurePrice>7.8500</UnitOfMeasurePrice>
      <AllowDiscount>1</AllowDiscount>
      <ItemStatus>1</ItemStatus>
      <ItemId>16819</ItemId>
    </Item>
    <Item>
      <PriceUpdateDate>2015-01-01 00:00:00</PriceUpdateDate>
      <ItemCode>7290014095861</ItemCode>
      <ItemType>1</ItemType>
      <ItemName>שיבולת שועל דקה</ItemName>
      <ManufacturerName>דין שיווק וקליה בע"מ</ManufacturerName>
      <ManufactureCountry>ישראל</ManufactureCountry>
      <ManufacturerItemDescription>שיבולת שועל דקה 500 גרם</ManufacturerItemDescription>
      <UnitQty>גרמים</UnitQty>
      <Quantity>500.00</Quantity>
      <UnitOfMeasure>100 גרם</UnitOfMeasure>
      <bIsWeighted>0</bIsWeighted>
      <QtyInPackage>1</QtyInPackage>
      <ItemPrice>6.50</ItemPrice>
      <UnitOfMeasurePrice>1.3000</UnitOfMeasurePrice>
      <AllowDiscount>1</AllowDiscount>
      <ItemStatus>1</ItemStatus>
      <ItemId>99358</ItemId>
    </Item>
    <Item>
      <PriceUpdateDate>2015-10-01 06:14:36</PriceUpdateDate>
      <ItemCode>7290005427107</ItemCode>
      <ItemType>1</ItemType>
      <ItemName>מגבת נייר סנו סושי</ItemName>
      <ManufacturerName>סנו</ManufacturerName>
      <ManufactureCountry>ישראל</ManufactureCountry>
      <ManufacturerItemDescription>מגבת נייר סנו סושי                  1/6</ManufacturerItemDescription>
      <UnitQty>מטרים</UnitQty>
      <Quantity>6350.00</Quantity>
      <UnitOfMeasure>מטר</UnitOfMeasure>
      <bIsWeighted>0</bIsWeighted>
      <QtyInPackage>1</QtyInPackage>
      <ItemPrice>11.20</ItemPrice>
      <UnitOfMeasurePrice>0.0018</UnitOfMeasurePrice>
      <AllowDiscount>1</AllowDiscount>
      <ItemStatus>1</ItemStatus>
      <ItemId>16841</ItemId>
    </Item>
    <Item>
      <PriceUpdateDate>2016-06-07 08:19:30</PriceUpdateDate>
      <ItemCode>7290000134147</ItemCode>
      <ItemType>1</ItemType>
      <ItemName>מוסקט טחון</ItemName>
      <ManufacturerName>תבליני טעם וריח</ManufacturerName>
      <ManufactureCountry>לא ידוע</ManufactureCountry>
      <ManufacturerItemDescription>מוסקט טחון 40 גר פלסטיק קטן</ManufacturerItemDescription>
      <UnitQty>גרמים</UnitQty>
      <Quantity>40.00</Quantity>
      <UnitOfMeasure>100 גרם</UnitOfMeasure>
      <bIsWeighted>0</bIsWeighted>
      <QtyInPackage>1</QtyInPackage>
      <ItemPrice>18.70</ItemPrice>
      <UnitOfMeasurePrice>46.7500</UnitOfMeasurePrice>
      <AllowDiscount>1</AllowDiscount>
      <ItemStatus>1</ItemStatus>
      <ItemId>16909</ItemId>
    </Item>
    <Item>
      <PriceUpdateDate>2015-01-01 00:00:00</PriceUpdateDate>
      <ItemCode>9928</ItemCode>
      <ItemType>0</ItemType>
      <ItemName>שמיר</ItemName>
      <ManufacturerName>חקלאי</ManufacturerName>
      <ManufactureCountry>ישראל</ManufactureCountry>
      <ManufacturerItemDescription>שמיר</ManufacturerItemDescription>
      <UnitQty>Unknown </UnitQty>
      <Quantity>0.00</Quantity>
      <UnitOfMeasure>Unknown </UnitOfMeasure>
      <bIsWeighted>0</bIsWeighted>
      <QtyInPackage>1</QtyInPackage>
      <ItemPrice>2.90</ItemPrice>
      <UnitOfMeasurePrice>0.0000</UnitOfMeasurePrice>
      <AllowDiscount>1</AllowDiscount>
      <ItemStatus>1</ItemStatus>
      <ItemId>99152</ItemId>
    </Item>
    <Item>
      <PriceUpdateDate>2015-10-02 09:08:55</PriceUpdateDate>
      <ItemCode>7290008343503</ItemCode>
      <ItemType>1</ItemType>
      <ItemName>גחנון אפוי 650 גרם</ItemName>
      <ManufacturerName>אופרה</ManufacturerName>
      <ManufactureCountry>ישראל</ManufactureCountry>
      <ManufacturerItemDescription>גחנון אפוי 650 גרם</ManufacturerItemDescription>
      <UnitQty>גרמים</UnitQty>
      <Quantity>650.00</Quantity>
      <UnitOfMeasure>100 גרם</UnitOfMeasure>
      <bIsWeighted>0</bIsWeighted>
      <QtyInPackage>1</QtyInPackage>
      <ItemPrice>22.90</ItemPrice>
      <UnitOfMeasurePrice>3.5231</UnitOfMeasurePrice>
      <AllowDiscount>1</AllowDiscount>
      <ItemStatus>1</ItemStatus>
      <ItemId>17720</ItemId>
    </Item>
    <Item>
      <PriceUpdateDate>2015-01-01 00:00:00</PriceUpdateDate>
      <ItemCode>7290002320463</ItemCode>
      <ItemType>1</ItemType>
      <ItemName>מעדן תות שדה ללא סוכ</ItemName>
      <ManufacturerName>בית יצחק</ManufacturerName>
      <ManufactureCountry>ישראל</ManufactureCountry>
      <ManufacturerItemDescription>מעדן תות שדה 100% פרי ללא סוכר</ManufacturerItemDescription>
      <UnitQty>גרמים</UnitQty>
      <Quantity>284.00</Quantity>
      <UnitOfMeasure>100 גרם</UnitOfMeasure>
      <bIsWeighted>0</bIsWeighted>
      <QtyInPackage>1</QtyInPackage>
      <ItemPrice>16.90</ItemPrice>
      <UnitOfMeasurePrice>5.9507</UnitOfMeasurePrice>
      <AllowDiscount>1</AllowDiscount>
      <ItemStatus>1</ItemStatus>
      <ItemId>17756</ItemId>
    </Item>
    <Item>
      <PriceUpdateDate>2016-06-15 07:39:59</PriceUpdateDate>
      <ItemCode>7290014603974</ItemCode>
      <ItemType>1</ItemType>
      <ItemName>קארט דור אלפחורס</ItemName>
      <ManufacturerName>שטראוס גלידות</ManufacturerName>
      <ManufactureCountry>ישראל</ManufactureCountry>
      <ManufacturerItemDescription>קארט דור אלפחורס</ManufacturerItemDescription>
      <UnitQty>גרמים</UnitQty>
      <Quantity>520.00</Quantity>
      <UnitOfMeasure>100 גרם</UnitOfMeasure>
      <bIsWeighted>0</bIsWeighted>
      <QtyInPackage>1</QtyInPackage>
      <ItemPrice>19.90</ItemPrice>
      <UnitOfMeasurePrice>3.8269</UnitOfMeasurePrice>
      <AllowDiscount>1</AllowDiscount>
      <ItemStatus>1</ItemStatus>
      <ItemId>101874</ItemId>
    </Item>
    <Item>
      <PriceUpdateDate>2015-12-30 08:34:38</PriceUpdateDate>
      <ItemCode>7290001670224</ItemCode>
      <ItemType>1</ItemType>
      <ItemName>מלית פרג 400 גרם</ItemName>
      <ManufacturerName>פוליבה</ManufacturerName>
      <ManufactureCountry>ישראל</ManufactureCountry>
      <ManufacturerItemDescription>מלית פרג 400 גרם</ManufacturerItemDescription>
      <UnitQty>גרמים</UnitQty>
      <Quantity>400.00</Quantity>
      <UnitOfMeasure>100 גרם</UnitOfMeasure>
      <bIsWeighted>0</bIsWeighted>
      <QtyInPackage>1</QtyInPackage>
      <ItemPrice>18.90</ItemPrice>
      <UnitOfMeasurePrice>4.7250</UnitOfMeasurePrice>
      <AllowDiscount>1</AllowDiscount>
      <ItemStatus>1</ItemStatus>
      <ItemId>17843</ItemId>
    </Item>
    <Item>
      <PriceUpdateDate>2016-06-07 08:19:30</PriceUpdateDate>
      <ItemCode>7290000134376</ItemCode>
      <ItemType>1</ItemType>
      <ItemName>תב.פפריקה מתוקה בשמן</ItemName>
      <ManufacturerName>תבליני טעם וריח</ManufacturerName>
      <ManufactureCountry>לא ידוע</ManufactureCountry>
      <ManufacturerItemDescription>תבלין פפריקה מתוקה בשמן 90 מיכ</ManufacturerItemDescription>
      <UnitQty>גרמים</UnitQty>
      <Quantity>90.00</Quantity>
      <UnitOfMeasure>100 גרם</UnitOfMeasure>
      <bIsWeighted>0</bIsWeighted>
      <QtyInPackage>1</QtyInPackage>
      <ItemPrice>11.80</ItemPrice>
      <UnitOfMeasurePrice>13.1111</UnitOfMeasurePrice>
      <AllowDiscount>1</AllowDiscount>
      <ItemStatus>1</ItemStatus>
      <ItemId>17908</ItemId>
    </Item>
    <Item>
      <PriceUpdateDate>2015-10-01 06:13:17</PriceUpdateDate>
      <ItemCode>7290010116898</ItemCode>
      <ItemType>1</ItemType>
      <ItemName>שוקולד אוורירי מריר</ItemName>
      <ManufacturerName>שטראוס גרופ</ManufacturerName>
      <ManufactureCountry>ישראל</ManufactureCountry>
      <ManufacturerItemDescription>שוקולד אוורירי מריר 85 גר              "</ManufacturerItemDescription>
      <UnitQty>גרמים</UnitQty>
      <Quantity>85.00</Quantity>
      <UnitOfMeasure>100 גרם</UnitOfMeasure>
      <bIsWeighted>0</bIsWeighted>
      <QtyInPackage>1</QtyInPackage>
      <ItemPrice>6.60</ItemPrice>
      <UnitOfMeasurePrice>7.7647</UnitOfMeasurePrice>
      <AllowDiscount>1</AllowDiscount>
      <ItemStatus>1</ItemStatus>
      <ItemId>18232</ItemId>
    </Item>
    <Item>
      <PriceUpdateDate>2015-10-01 06:13:17</PriceUpdateDate>
      <ItemCode>7290008753982</ItemCode>
      <ItemType>1</ItemType>
      <ItemName>שוקולד חלב אוורירי</ItemName>
      <ManufacturerName>שטראוס גרופ</ManufacturerName>
      <ManufactureCountry>ישראל</ManufactureCountry>
      <ManufacturerItemDescription>שוקולד חלב אוורירי 85 גר               "</ManufacturerItemDescription>
      <UnitQty>גרמים</UnitQty>
      <Quantity>85.00</Quantity>
      <UnitOfMeasure>100 גרם</UnitOfMeasure>
      <bIsWeighted>0</bIsWeighted>
      <QtyInPackage>1</QtyInPackage>
      <ItemPrice>6.60</ItemPrice>
      <UnitOfMeasurePrice>7.7647</UnitOfMeasurePrice>
      <AllowDiscount>1</AllowDiscount>
      <ItemStatus>1</ItemStatus>
      <ItemId>18253</ItemId>
    </Item>
    <Item>
      <PriceUpdateDate>2015-10-02 09:08:55</PriceUpdateDate>
      <ItemCode>7290002348245</ItemCode>
      <ItemType>1</ItemType>
      <ItemName>דקל לבבות שלמים 400</ItemName>
      <ManufacturerName>אגרו אינדוסטיראל סן</ManufacturerName>
      <ManufactureCountry>פרו</ManufactureCountry>
      <ManufacturerItemDescription>דקל לבבות שלמים 400 גר</ManufacturerItemDescription>
      <UnitQty>גרמים</UnitQty>
      <Quantity>400.00</Quantity>
      <UnitOfMeasure>100 גרם</UnitOfMeasure>
      <bIsWeighted>0</bIsWeighted>
      <QtyInPackage>1</QtyInPackage>
      <ItemPrice>10.90</ItemPrice>
      <UnitOfMeasurePrice>2.7250</UnitOfMeasurePrice>
      <AllowDiscount>1</AllowDiscount>
      <ItemStatus>1</ItemStatus>
      <ItemId>18675</ItemId>
    </Item>
    <Item>
      <PriceUpdateDate>2015-07-24 06:44:40</PriceUpdateDate>
      <ItemCode>7290002348283</ItemCode>
      <ItemType>1</ItemType>
      <ItemName>לפתן אפרסקים</ItemName>
      <ManufacturerName>הלינק גוס אינדסטרי</ManufacturerName>
      <ManufactureCountry>יוון</ManufactureCountry>
      <ManufacturerItemDescription>לפתן אפרסקים 850 גר                    .</ManufacturerItemDescription>
      <UnitQty>גרמים</UnitQty>
      <Quantity>850.00</Quantity>
      <UnitOfMeasure>100 גרם</UnitOfMeasure>
      <bIsWeighted>0</bIsWeighted>
      <QtyInPackage>1</QtyInPackage>
      <ItemPrice>7.40</ItemPrice>
      <UnitOfMeasurePrice>0.8706</UnitOfMeasurePrice>
      <AllowDiscount>1</AllowDiscount>
      <ItemStatus>1</ItemStatus>
      <ItemId>18676</ItemId>
    </Item>
    <Item>
      <PriceUpdateDate>2015-07-14 15:10:14</PriceUpdateDate>
      <ItemCode>7290000303604</ItemCode>
      <ItemType>1</ItemType>
      <ItemName>חומוס גרגרים     A2</ItemName>
      <ManufacturerName>ויטה פרי גליל</ManufacturerName>
      <ManufactureCountry>ישראל</ManufactureCountry>
      <ManufacturerItemDescription>חומוס גרגרים שלם</ManufacturerItemDescription>
      <UnitQty>גרמים</UnitQty>
      <Quantity>560.00</Quantity>
      <UnitOfMeasure>100 גרם</UnitOfMeasure>
      <bIsWeighted>0</bIsWeighted>
      <QtyInPackage>1</QtyInPackage>
      <ItemPrice>6.90</ItemPrice>
      <UnitOfMeasurePrice>1.2321</UnitOfMeasurePrice>
      <AllowDiscount>1</AllowDiscount>
      <ItemStatus>1</ItemStatus>
      <ItemId>18736</ItemId>
    </Item>
    <Item>
      <PriceUpdateDate>2016-06-07 08:18:50</PriceUpdateDate>
      <ItemCode>7290102300822</ItemCode>
      <ItemType>1</ItemType>
      <ItemName>גבינת צ"דר אנגלית</ItemName>
      <ManufacturerName>כושר דייארי</ManufacturerName>
      <ManufactureCountry>לא ידוע</ManufactureCountry>
      <ManufacturerItemDescription>גבינת צדר אנגלית כתומה</ManufacturerItemDescription>
      <UnitQty>גרמים</UnitQty>
      <Quantity>200.00</Quantity>
      <UnitOfMeasure>100 גרם</UnitOfMeasure>
      <bIsWeighted>0</bIsWeighted>
      <QtyInPackage>1</QtyInPackage>
      <ItemPrice>20.70</ItemPrice>
      <UnitOfMeasurePrice>10.3500</UnitOfMeasurePrice>
      <AllowDiscount>1</AllowDiscount>
      <ItemStatus>1</ItemStatus>
      <ItemId>85794</ItemId>
    </Item>
    <Item>
      <PriceUpdateDate>2016-05-10 15:21:16</PriceUpdateDate>
      <ItemCode>7290001230739</ItemCode>
      <ItemType>1</ItemType>
      <ItemName>סיגריות קאמל כחול</ItemName>
      <ManufacturerName>JTI</ManufacturerName>
      <ManufactureCountry>לא ידוע</ManufactureCountry>
      <ManufacturerItemDescription>סיגריות קאמל כחול בודד</ManufacturerItemDescription>
      <UnitQty>Unknown </UnitQty>
      <Quantity>0.00</Quantity>
      <UnitOfMeasure>Unknown </UnitOfMeasure>
      <bIsWeighted>0</bIsWeighted>
      <QtyInPackage>1</QtyInPackage>
      <ItemPrice>32.50</ItemPrice>
      <UnitOfMeasurePrice>0.0000</UnitOfMeasurePrice>
      <AllowDiscount>0</AllowDiscount>
      <ItemStatus>1</ItemStatus>
      <ItemId>20118</ItemId>
    </Item>
    <Item>
      <PriceUpdateDate>2015-10-01 06:13:17</PriceUpdateDate>
      <ItemCode>7290006664655</ItemCode>
      <ItemType>1</ItemType>
      <ItemName>מארז אקטימל</ItemName>
      <ManufacturerName>שטראוס גרופ</ManufacturerName>
      <ManufactureCountry>ישראל</ManufactureCountry>
      <ManufacturerItemDescription>מארז אקטימל 8 יח                       "</ManufacturerItemDescription>
      <UnitQty>מיליליטרים</UnitQty>
      <Quantity>800.00</Quantity>
      <UnitOfMeasure>100 מ"ל</UnitOfMeasure>
      <bIsWeighted>0</bIsWeighted>
      <QtyInPackage>1</QtyInPackage>
      <ItemPrice>23.50</ItemPrice>
      <UnitOfMeasurePrice>2.9375</UnitOfMeasurePrice>
      <AllowDiscount>1</AllowDiscount>
      <ItemStatus>1</ItemStatus>
      <ItemId>20423</ItemId>
    </Item>
    <Item>
      <PriceUpdateDate>2015-10-01 06:13:51</PriceUpdateDate>
      <ItemCode>7290000146928</ItemCode>
      <ItemType>1</ItemType>
      <ItemName>טום וגרי משחת שיניים</ItemName>
      <ManufacturerName>טרופיקל דגיל</ManufacturerName>
      <ManufactureCountry>ישראל</ManufactureCountry>
      <ManufacturerItemDescription>טום וג"רי משחת שיניים ענבים          50</ManufacturerItemDescription>
      <UnitQty>מיליליטרים</UnitQty>
      <Quantity>50.00</Quantity>
      <UnitOfMeasure>100 מ"ל</UnitOfMeasure>
      <bIsWeighted>0</bIsWeighted>
      <QtyInPackage>1</QtyInPackage>
      <ItemPrice>8.80</ItemPrice>
      <UnitOfMeasurePrice>17.6000</UnitOfMeasurePrice>
      <AllowDiscount>1</AllowDiscount>
      <ItemStatus>1</ItemStatus>
      <ItemId>20513</ItemId>
    </Item>
    <Item>
      <PriceUpdateDate>2015-01-01 00:00:00</PriceUpdateDate>
      <ItemCode>839762000658</ItemCode>
      <ItemType>1</ItemType>
      <ItemName>נקטר איילנד גויאבה</ItemName>
      <ManufacturerName>The Egyptian Co. for</ManufacturerName>
      <ManufactureCountry>מצרים</ManufactureCountry>
      <ManufacturerItemDescription>נקטר איילנד גויאבה 1 ליטר בק</ManufacturerItemDescription>
      <UnitQty>ליטרים</UnitQty>
      <Quantity>1.00</Quantity>
      <UnitOfMeasure>ליטר</UnitOfMeasure>
      <bIsWeighted>0</bIsWeighted>
      <QtyInPackage>1</QtyInPackage>
      <ItemPrice>11.10</ItemPrice>
      <UnitOfMeasurePrice>11.1000</UnitOfMeasurePrice>
      <AllowDiscount>1</AllowDiscount>
      <ItemStatus>1</ItemStatus>
      <ItemId>20560</ItemId>
    </Item>
    <Item>
      <PriceUpdateDate>2015-01-01 00:00:00</PriceUpdateDate>
      <ItemCode>7290006983206</ItemCode>
      <ItemType>1</ItemType>
      <ItemName>תערובת להכנת פלאפל 1</ItemName>
      <ManufacturerName>אסם</ManufacturerName>
      <ManufactureCountry>ישראל</ManufactureCountry>
      <ManufacturerItemDescription>תערובת להכנת פלאפל 180 גרם</ManufacturerItemDescription>
      <UnitQty>גרמים</UnitQty>
      <Quantity>180.00</Quantity>
      <UnitOfMeasure>100 גרם</UnitOfMeasure>
      <bIsWeighted>0</bIsWeighted>
      <QtyInPackage>1</QtyInPackage>
      <ItemPrice>9.10</ItemPrice>
      <UnitOfMeasurePrice>5.0556</UnitOfMeasurePrice>
      <AllowDiscount>1</AllowDiscount>
      <ItemStatus>1</ItemStatus>
      <ItemId>20697</ItemId>
    </Item>
    <Item>
      <PriceUpdateDate>2016-05-30 12:15:41</PriceUpdateDate>
      <ItemCode>7290015652582</ItemCode>
      <ItemType>1</ItemType>
      <ItemName>חריימה דג 150 גרם</ItemName>
      <ManufacturerName>נווה התבלין</ManufacturerName>
      <ManufactureCountry>ישראל</ManufactureCountry>
      <ManufacturerItemDescription>חריימה דג 150 גרם</ManufacturerItemDescription>
      <UnitQty>גרמים</UnitQty>
      <Quantity>150.00</Quantity>
      <UnitOfMeasure>100 גרם</UnitOfMeasure>
      <bIsWeighted>0</bIsWeighted>
      <QtyInPackage>1</QtyInPackage>
      <ItemPrice>15.90</ItemPrice>
      <UnitOfMeasurePrice>10.6000</UnitOfMeasurePrice>
      <AllowDiscount>1</AllowDiscount>
      <ItemStatus>1</ItemStatus>
      <ItemId>109667</ItemId>
    </Item>
    <Item>
      <PriceUpdateDate>2015-08-09 08:03:30</PriceUpdateDate>
      <ItemCode>7290006653857</ItemCode>
      <ItemType>1</ItemType>
      <ItemName>חטיף תפוחי אדמה ארנב</ItemName>
      <ManufacturerName>אסם</ManufacturerName>
      <ManufactureCountry>ישראל</ManufactureCountry>
      <ManufacturerItemDescription>חטיף תפוחי אדמה ארנבון 40 גר</ManufacturerItemDescription>
      <UnitQty>גרמים</UnitQty>
      <Quantity>40.00</Quantity>
      <UnitOfMeasure>100 גרם</UnitOfMeasure>
      <bIsWeighted>0</bIsWeighted>
      <QtyInPackage>1</QtyInPackage>
      <ItemPrice>4.90</ItemPrice>
      <UnitOfMeasurePrice>12.2500</UnitOfMeasurePrice>
      <AllowDiscount>1</AllowDiscount>
      <ItemStatus>1</ItemStatus>
      <ItemId>20738</ItemId>
    </Item>
    <Item>
      <PriceUpdateDate>2015-08-12 06:10:44</PriceUpdateDate>
      <ItemCode>72983225</ItemCode>
      <ItemType>1</ItemType>
      <ItemName>מילקי הפוך</ItemName>
      <ManufacturerName>שטראוס גרופ</ManufacturerName>
      <ManufactureCountry>ישראל</ManufactureCountry>
      <ManufacturerItemDescription>מילקי הפוך 130 גרם</ManufacturerItemDescription>
      <UnitQty>גרמים</UnitQty>
      <Quantity>130.00</Quantity>
      <UnitOfMeasure>100 גרם</UnitOfMeasure>
      <bIsWeighted>0</bIsWeighted>
      <QtyInPackage>1</QtyInPackage>
      <ItemPrice>4.40</ItemPrice>
      <UnitOfMeasurePrice>3.3846</UnitOfMeasurePrice>
      <AllowDiscount>1</AllowDiscount>
      <ItemStatus>1</ItemStatus>
      <ItemId>20787</ItemId>
    </Item>
    <Item>
      <PriceUpdateDate>2015-10-01 06:13:10</PriceUpdateDate>
      <ItemCode>7290000104836</ItemCode>
      <ItemType>1</ItemType>
      <ItemName>שעועית עדינה שלמה</ItemName>
      <ManufacturerName>סנפרוסט</ManufacturerName>
      <ManufactureCountry>ישראל</ManufactureCountry>
      <ManufacturerItemDescription>שעועית עדינה שלמה 600 גרם</ManufacturerItemDescription>
      <UnitQty>גרמים</UnitQty>
      <Quantity>600.00</Quantity>
      <UnitOfMeasure>100 גרם</UnitOfMeasure>
      <bIsWeighted>0</bIsWeighted>
      <QtyInPackage>1</QtyInPackage>
      <ItemPrice>24.70</ItemPrice>
      <UnitOfMeasurePrice>4.1167</UnitOfMeasurePrice>
      <AllowDiscount>1</AllowDiscount>
      <ItemStatus>1</ItemStatus>
      <ItemId>20828</ItemId>
    </Item>
    <Item>
      <PriceUpdateDate>2015-08-02 08:18:34</PriceUpdateDate>
      <ItemCode>7290004129736</ItemCode>
      <ItemType>1</ItemType>
      <ItemName>יופלה לבן מעודן</ItemName>
      <ManufacturerName>תנובה מרכז שיתופי לש</ManufacturerName>
      <ManufactureCountry>ישראל</ManufactureCountry>
      <ManufacturerItemDescription>יוגורט יופלה לבן 1.5% מעודן          200</ManufacturerItemDescription>
      <UnitQty>גרמים</UnitQty>
      <Quantity>200.00</Quantity>
      <UnitOfMeasure>100 גרם</UnitOfMeasure>
      <bIsWeighted>0</bIsWeighted>
      <QtyInPackage>1</QtyInPackage>
      <ItemPrice>4.30</ItemPrice>
      <UnitOfMeasurePrice>2.1500</UnitOfMeasurePrice>
      <AllowDiscount>1</AllowDiscount>
      <ItemStatus>1</ItemStatus>
      <ItemId>20839</ItemId>
    </Item>
    <Item>
      <PriceUpdateDate>2015-10-01 06:18:38</PriceUpdateDate>
      <ItemCode>7290004129767</ItemCode>
      <ItemType>1</ItemType>
      <ItemName>מאגדת יופלה לבן  3%</ItemName>
      <ManufacturerName>תנובה מרכז שיתופי לש</ManufacturerName>
      <ManufactureCountry>ישראל</ManufactureCountry>
      <ManufacturerItemDescription>מאגדת יופלה לבן 3% שמינייה</ManufacturerItemDescription>
      <UnitQty>קילוגרמים</UnitQty>
      <Quantity>1.20</Quantity>
      <UnitOfMeasure>ק"ג</UnitOfMeasure>
      <bIsWeighted>0</bIsWeighted>
      <QtyInPackage>1</QtyInPackage>
      <ItemPrice>18.50</ItemPrice>
      <UnitOfMeasurePrice>15.4167</UnitOfMeasurePrice>
      <AllowDiscount>1</AllowDiscount>
      <ItemStatus>1</ItemStatus>
      <ItemId>20840</ItemId>
    </Item>
    <Item>
      <PriceUpdateDate>2015-01-01 00:00:00</PriceUpdateDate>
      <ItemCode>7290004131432</ItemCode>
      <ItemType>1</ItemType>
      <ItemName>יוגורט יופלה לבן 200</ItemName>
      <ManufacturerName>תנובה מרכז שיתופי לש</ManufacturerName>
      <ManufactureCountry>ישראל</ManufactureCountry>
      <ManufacturerItemDescription>יוגורט יופלה לבן 200 3% גרם</ManufacturerItemDescription>
      <UnitQty>גרמים</UnitQty>
      <Quantity>200.00</Quantity>
      <UnitOfMeasure>100 גרם</UnitOfMeasure>
      <bIsWeighted>0</bIsWeighted>
      <QtyInPackage>1</QtyInPackage>
      <ItemPrice>3.90</ItemPrice>
      <UnitOfMeasurePrice>1.9500</UnitOfMeasurePrice>
      <AllowDiscount>1</AllowDiscount>
      <ItemStatus>1</ItemStatus>
      <ItemId>20841</ItemId>
    </Item>
    <Item>
      <PriceUpdateDate>2015-01-01 00:00:00</PriceUpdateDate>
      <ItemCode>7290004131456</ItemCode>
      <ItemType>1</ItemType>
      <ItemName>יופלה לבן      1.5%</ItemName>
      <ManufacturerName>תנובה מרכז שיתופי לש</ManufacturerName>
      <ManufactureCountry>ישראל</ManufactureCountry>
      <ManufacturerItemDescription>יוגורט יופלה לבן 200 1.5% גרם</ManufacturerItemDescription>
      <UnitQty>גרמים</UnitQty>
      <Quantity>200.00</Quantity>
      <UnitOfMeasure>100 גרם</UnitOfMeasure>
      <bIsWeighted>0</bIsWeighted>
      <QtyInPackage>1</QtyInPackage>
      <ItemPrice>3.90</ItemPrice>
      <UnitOfMeasurePrice>1.9500</UnitOfMeasurePrice>
      <AllowDiscount>1</AllowDiscount>
      <ItemStatus>1</ItemStatus>
      <ItemId>20842</ItemId>
    </Item>
    <Item>
      <PriceUpdateDate>2015-10-01 06:15:01</PriceUpdateDate>
      <ItemCode>7290002360124</ItemCode>
      <ItemType>1</ItemType>
      <ItemName>חליטה ורד הבר</ItemName>
      <ManufacturerName>TEEKANNE GMBH &amp; CO.</ManufacturerName>
      <ManufactureCountry>גרמניה</ManufactureCountry>
      <ManufacturerItemDescription>תה פומפדור חליטה ורד הבר 20 יח</ManufacturerItemDescription>
      <UnitQty>גרמים</UnitQty>
      <Quantity>70.00</Quantity>
      <UnitOfMeasure>100 גרם</UnitOfMeasure>
      <bIsWeighted>0</bIsWeighted>
      <QtyInPackage>1</QtyInPackage>
      <ItemPrice>20.40</ItemPrice>
      <UnitOfMeasurePrice>29.1429</UnitOfMeasurePrice>
      <AllowDiscount>1</AllowDiscount>
      <ItemStatus>1</ItemStatus>
      <ItemId>20942</ItemId>
    </Item>
    <Item>
      <PriceUpdateDate>2016-05-04 08:37:52</PriceUpdateDate>
      <ItemCode>7290000327723</ItemCode>
      <ItemType>1</ItemType>
      <ItemName>טוניק 1.5 ל</ItemName>
      <ManufacturerName>טמפו</ManufacturerName>
      <ManufactureCountry>לא ידוע</ManufactureCountry>
      <ManufacturerItemDescription>טוניק 1.5 ל</ManufacturerItemDescription>
      <UnitQty>ליטרים</UnitQty>
      <Quantity>1.50</Quantity>
      <UnitOfMeasure>ליטר</UnitOfMeasure>
      <bIsWeighted>0</bIsWeighted>
      <QtyInPackage>1</QtyInPackage>
      <ItemPrice>10.50</ItemPrice>
      <UnitOfMeasurePrice>7.0000</UnitOfMeasurePrice>
      <AllowDiscount>1</AllowDiscount>
      <ItemStatus>1</ItemStatus>
      <ItemId>98720</ItemId>
    </Item>
    <Item>
      <PriceUpdateDate>2015-08-02 08:18:19</PriceUpdateDate>
      <ItemCode>16000548497</ItemCode>
      <ItemType>1</ItemType>
      <ItemName>קראנצי שיבולת שועל</ItemName>
      <ManufacturerName>ג'נרל מילס</ManufacturerName>
      <ManufactureCountry>לא ידוע</ManufactureCountry>
      <ManufacturerItemDescription>קראנצ"י שיבולת שועל ודבש בודד</ManufacturerItemDescription>
      <UnitQty>גרמים</UnitQty>
      <Quantity>42.00</Quantity>
      <UnitOfMeasure>100 גרם</UnitOfMeasure>
      <bIsWeighted>0</bIsWeighted>
      <QtyInPackage>1</QtyInPackage>
      <ItemPrice>4.90</ItemPrice>
      <UnitOfMeasurePrice>11.6667</UnitOfMeasurePrice>
      <AllowDiscount>1</AllowDiscount>
      <ItemStatus>1</ItemStatus>
      <ItemId>21015</ItemId>
    </Item>
    <Item>
      <PriceUpdateDate>2015-10-01 06:17:54</PriceUpdateDate>
      <ItemCode>3469300220360</ItemCode>
      <ItemType>1</ItemType>
      <ItemName>הפי מרענן למדיח מתלה</ItemName>
      <ManufacturerName>יושלם</ManufacturerName>
      <ManufactureCountry>יושלם</ManufactureCountry>
      <ManufacturerItemDescription>הפי מרענן למדיח לימון מתלה</ManufacturerItemDescription>
      <UnitQty>Unknown </UnitQty>
      <Quantity>0.00</Quantity>
      <UnitOfMeasure>Unknown </UnitOfMeasure>
      <bIsWeighted>0</bIsWeighted>
      <QtyInPackage>1</QtyInPackage>
      <ItemPrice>13.90</ItemPrice>
      <UnitOfMeasurePrice>0.0000</UnitOfMeasurePrice>
      <AllowDiscount>1</AllowDiscount>
      <ItemStatus>1</ItemStatus>
      <ItemId>21045</ItemId>
    </Item>
    <Item>
      <PriceUpdateDate>2015-01-01 00:00:00</PriceUpdateDate>
      <ItemCode>7290003643769</ItemCode>
      <ItemType>1</ItemType>
      <ItemName>עדשים אדומות</ItemName>
      <ManufacturerName>סוגת</ManufacturerName>
      <ManufactureCountry>לא ידוע</ManufactureCountry>
      <ManufacturerItemDescription>עדשים אדומות 500 גרם</ManufacturerItemDescription>
      <UnitQty>גרמים</UnitQty>
      <Quantity>500.00</Quantity>
      <UnitOfMeasure>100 גרם</UnitOfMeasure>
      <bIsWeighted>0</bIsWeighted>
      <QtyInPackage>1</QtyInPackage>
      <ItemPrice>7.30</ItemPrice>
      <UnitOfMeasurePrice>1.4600</UnitOfMeasurePrice>
      <AllowDiscount>1</AllowDiscount>
      <ItemStatus>1</ItemStatus>
      <ItemId>21066</ItemId>
    </Item>
    <Item>
      <PriceUpdateDate>2015-05-13 15:00:28</PriceUpdateDate>
      <ItemCode>7290008880112</ItemCode>
      <ItemType>1</ItemType>
      <ItemName>מצת קליפר</ItemName>
      <ManufacturerName>Flamagas SA Barcelon</ManufacturerName>
      <ManufactureCountry>לא ידוע</ManufactureCountry>
      <ManufacturerItemDescription>מצת קליפר</ManufacturerItemDescription>
      <UnitQty>Unknown </UnitQty>
      <Quantity>0.00</Quantity>
      <UnitOfMeasure>Unknown </UnitOfMeasure>
      <bIsWeighted>0</bIsWeighted>
      <QtyInPackage>1</QtyInPackage>
      <ItemPrice>6.00</ItemPrice>
      <UnitOfMeasurePrice>0.0000</UnitOfMeasurePrice>
      <AllowDiscount>0</AllowDiscount>
      <ItemStatus>1</ItemStatus>
      <ItemId>104359</ItemId>
    </Item>
    <Item>
      <PriceUpdateDate>2015-01-01 00:00:00</PriceUpdateDate>
      <ItemCode>839762000641</ItemCode>
      <ItemType>1</ItemType>
      <ItemName>נקטר איילנד מנגו</ItemName>
      <ManufacturerName>The Egyptian Co. for</ManufacturerName>
      <ManufactureCountry>מצרים</ManufactureCountry>
      <ManufacturerItemDescription>נקטר איילנד מנגו 1 ליטר בקבוק</ManufacturerItemDescription>
      <UnitQty>ליטרים</UnitQty>
      <Quantity>1.00</Quantity>
      <UnitOfMeasure>ליטר</UnitOfMeasure>
      <bIsWeighted>0</bIsWeighted>
      <QtyInPackage>1</QtyInPackage>
      <ItemPrice>11.10</ItemPrice>
      <UnitOfMeasurePrice>11.1000</UnitOfMeasurePrice>
      <AllowDiscount>1</AllowDiscount>
      <ItemStatus>1</ItemStatus>
      <ItemId>21076</ItemId>
    </Item>
    <Item>
      <PriceUpdateDate>2016-04-03 14:27:29</PriceUpdateDate>
      <ItemCode>9334</ItemCode>
      <ItemType>0</ItemType>
      <ItemName>תות שדה יח 500 ג</ItemName>
      <ManufacturerName>חקלאי</ManufacturerName>
      <ManufactureCountry>ישראל</ManufactureCountry>
      <ManufacturerItemDescription>תות שדה יח 500 ג</ManufacturerItemDescription>
      <UnitQty>Unknown </UnitQty>
      <Quantity>0.00</Quantity>
      <UnitOfMeasure>Unknown </UnitOfMeasure>
      <bIsWeighted>0</bIsWeighted>
      <QtyInPackage>1</QtyInPackage>
      <ItemPrice>9.90</ItemPrice>
      <UnitOfMeasurePrice>0.0000</UnitOfMeasurePrice>
      <AllowDiscount>1</AllowDiscount>
      <ItemStatus>1</ItemStatus>
      <ItemId>92279</ItemId>
    </Item>
    <Item>
      <PriceUpdateDate>2016-02-11 11:19:43</PriceUpdateDate>
      <ItemCode>7290000474410</ItemCode>
      <ItemType>1</ItemType>
      <ItemName>חמאה מהדרין</ItemName>
      <ManufacturerName>טרה</ManufacturerName>
      <ManufactureCountry>ישראל</ManufactureCountry>
      <ManufacturerItemDescription>חמאה 100 גרם מהדרין פיקוח</ManufacturerItemDescription>
      <UnitQty>גרמים</UnitQty>
      <Quantity>100.00</Quantity>
      <UnitOfMeasure>100 גרם</UnitOfMeasure>
      <bIsWeighted>0</bIsWeighted>
      <QtyInPackage>1</QtyInPackage>
      <ItemPrice>3.80</ItemPrice>
      <UnitOfMeasurePrice>3.8000</UnitOfMeasurePrice>
      <AllowDiscount>1</AllowDiscount>
      <ItemStatus>1</ItemStatus>
      <ItemId>21125</ItemId>
    </Item>
    <Item>
      <PriceUpdateDate>2015-08-12 06:10:44</PriceUpdateDate>
      <ItemCode>7290005199288</ItemCode>
      <ItemType>1</ItemType>
      <ItemName>מסטיק מאסט פטל לימון</ItemName>
      <ManufacturerName>שטראוס גרופ</ManufacturerName>
      <ManufactureCountry>ישראל</ManufactureCountry>
      <ManufacturerItemDescription>מסטיק מאסט ללא סוכר פטל לימון</ManufacturerItemDescription>
      <UnitQty>Unknown </UnitQty>
      <Quantity>0.00</Quantity>
      <UnitOfMeasure>Unknown </UnitOfMeasure>
      <bIsWeighted>0</bIsWeighted>
      <QtyInPackage>1</QtyInPackage>
      <ItemPrice>4.50</ItemPrice>
      <UnitOfMeasurePrice>0.0000</UnitOfMeasurePrice>
      <AllowDiscount>1</AllowDiscount>
      <ItemStatus>1</ItemStatus>
      <ItemId>21254</ItemId>
    </Item>
    <Item>
      <PriceUpdateDate>2015-08-05 17:31:10</PriceUpdateDate>
      <ItemCode>7290010119950</ItemCode>
      <ItemType>1</ItemType>
      <ItemName>חטיף דוריטוס סטריפ</ItemName>
      <ManufacturerName>שטראוס גרופ</ManufacturerName>
      <ManufactureCountry>ישראל</ManufactureCountry>
      <ManufacturerItemDescription>דוריטוס חמוץ חריף 55 גרם</ManufacturerItemDescription>
      <UnitQty>גרמים</UnitQty>
      <Quantity>55.00</Quantity>
      <UnitOfMeasure>100 גרם</UnitOfMeasure>
      <bIsWeighted>0</bIsWeighted>
      <QtyInPackage>1</QtyInPackage>
      <ItemPrice>3.30</ItemPrice>
      <UnitOfMeasurePrice>6.0000</UnitOfMeasurePrice>
      <AllowDiscount>1</AllowDiscount>
      <ItemStatus>1</ItemStatus>
      <ItemId>21255</ItemId>
    </Item>
    <Item>
      <PriceUpdateDate>2015-10-02 09:08:56</PriceUpdateDate>
      <ItemCode>7290003069682</ItemCode>
      <ItemType>1</ItemType>
      <ItemName>בצק פילאס 500 גר</ItemName>
      <ManufacturerName>שלושת האופים</ManufacturerName>
      <ManufactureCountry>ישראל</ManufactureCountry>
      <ManufacturerItemDescription>בצק פילאס 500 גר</ManufacturerItemDescription>
      <UnitQty>גרמים</UnitQty>
      <Quantity>500.00</Quantity>
      <UnitOfMeasure>100 גרם</UnitOfMeasure>
      <bIsWeighted>0</bIsWeighted>
      <QtyInPackage>1</QtyInPackage>
      <ItemPrice>22.90</ItemPrice>
      <UnitOfMeasurePrice>4.5800</UnitOfMeasurePrice>
      <AllowDiscount>1</AllowDiscount>
      <ItemStatus>1</ItemStatus>
      <ItemId>73175</ItemId>
    </Item>
    <Item>
      <PriceUpdateDate>2015-01-01 00:00:00</PriceUpdateDate>
      <ItemCode>7290013861429</ItemCode>
      <ItemType>1</ItemType>
      <ItemName>שומשום 250 גרם</ItemName>
      <ManufacturerName>דין שיווק וקליה בע"מ</ManufacturerName>
      <ManufactureCountry>ישראל</ManufactureCountry>
      <ManufacturerItemDescription>שומשום 250 גרם</ManufacturerItemDescription>
      <UnitQty>גרמים</UnitQty>
      <Quantity>250.00</Quantity>
      <UnitOfMeasure>100 גרם</UnitOfMeasure>
      <bIsWeighted>0</bIsWeighted>
      <QtyInPackage>1</QtyInPackage>
      <ItemPrice>9.00</ItemPrice>
      <UnitOfMeasurePrice>3.6000</UnitOfMeasurePrice>
      <AllowDiscount>1</AllowDiscount>
      <ItemStatus>1</ItemStatus>
      <ItemId>99845</ItemId>
    </Item>
    <Item>
      <PriceUpdateDate>2015-11-01 09:42:11</PriceUpdateDate>
      <ItemCode>7290000134307</ItemCode>
      <ItemType>1</ItemType>
      <ItemName>קינמון טחון 50 שקית</ItemName>
      <ManufacturerName>תבליני טעם וריח</ManufacturerName>
      <ManufactureCountry>ישראל</ManufactureCountry>
      <ManufacturerItemDescription>קינמון טחון 50 גר שקית</ManufacturerItemDescription>
      <UnitQty>גרמים</UnitQty>
      <Quantity>50.00</Quantity>
      <UnitOfMeasure>100 גרם</UnitOfMeasure>
      <bIsWeighted>0</bIsWeighted>
      <QtyInPackage>1</QtyInPackage>
      <ItemPrice>4.60</ItemPrice>
      <UnitOfMeasurePrice>9.2000</UnitOfMeasurePrice>
      <AllowDiscount>1</AllowDiscount>
      <ItemStatus>1</ItemStatus>
      <ItemId>21541</ItemId>
    </Item>
    <Item>
      <PriceUpdateDate>2015-10-01 06:20:16</PriceUpdateDate>
      <ItemCode>7290000134499</ItemCode>
      <ItemType>1</ItemType>
      <ItemName>תבלין שום גבישי</ItemName>
      <ManufacturerName>תבליני טעם וריח</ManufacturerName>
      <ManufactureCountry>ישראל</ManufactureCountry>
      <ManufacturerItemDescription>תבלין שום גבישי 100 גר שקית</ManufacturerItemDescription>
      <UnitQty>גרמים</UnitQty>
      <Quantity>100.00</Quantity>
      <UnitOfMeasure>100 גרם</UnitOfMeasure>
      <bIsWeighted>0</bIsWeighted>
      <QtyInPackage>1</QtyInPackage>
      <ItemPrice>11.20</ItemPrice>
      <UnitOfMeasurePrice>11.2000</UnitOfMeasurePrice>
      <AllowDiscount>1</AllowDiscount>
      <ItemStatus>1</ItemStatus>
      <ItemId>21583</ItemId>
    </Item>
    <Item>
      <PriceUpdateDate>2016-06-07 08:19:30</PriceUpdateDate>
      <ItemCode>7290000134314</ItemCode>
      <ItemType>1</ItemType>
      <ItemName>תיבול לפיצה</ItemName>
      <ManufacturerName>תבליני טעם וריח</ManufacturerName>
      <ManufactureCountry>לא ידוע</ManufactureCountry>
      <ManufacturerItemDescription>תיבול לפיצה מיכל</ManufacturerItemDescription>
      <UnitQty>גרמים</UnitQty>
      <Quantity>120.00</Quantity>
      <UnitOfMeasure>100 גרם</UnitOfMeasure>
      <bIsWeighted>0</bIsWeighted>
      <QtyInPackage>1</QtyInPackage>
      <ItemPrice>11.80</ItemPrice>
      <UnitOfMeasurePrice>9.8333</UnitOfMeasurePrice>
      <AllowDiscount>1</AllowDiscount>
      <ItemStatus>1</ItemStatus>
      <ItemId>21589</ItemId>
    </Item>
    <Item>
      <PriceUpdateDate>2015-10-01 06:13:39</PriceUpdateDate>
      <ItemCode>7290100240632</ItemCode>
      <ItemType>1</ItemType>
      <ItemName>פתית 6 דגנים 250 גרם</ItemName>
      <ManufacturerName>אתר שפע - Food</ManufacturerName>
      <ManufactureCountry>לא ידוע</ManufactureCountry>
      <ManufacturerItemDescription>פתית 6 דגנים 250 גרם</ManufacturerItemDescription>
      <UnitQty>גרמים</UnitQty>
      <Quantity>250.00</Quantity>
      <UnitOfMeasure>100 גרם</UnitOfMeasure>
      <bIsWeighted>0</bIsWeighted>
      <QtyInPackage>1</QtyInPackage>
      <ItemPrice>18.50</ItemPrice>
      <UnitOfMeasurePrice>7.4000</UnitOfMeasurePrice>
      <AllowDiscount>1</AllowDiscount>
      <ItemStatus>1</ItemStatus>
      <ItemId>70601</ItemId>
    </Item>
    <Item>
      <PriceUpdateDate>2015-10-01 06:13:17</PriceUpdateDate>
      <ItemCode>7290100850008</ItemCode>
      <ItemType>1</ItemType>
      <ItemName>שוקולד חלב סוכריות</ItemName>
      <ManufacturerName>שטראוס גרופ</ManufacturerName>
      <ManufactureCountry>ישראל</ManufactureCountry>
      <ManufacturerItemDescription>שוקולד חלב עם סוכריות קופצות</ManufacturerItemDescription>
      <UnitQty>Unknown </UnitQty>
      <Quantity>0.00</Quantity>
      <UnitOfMeasure>Unknown </UnitOfMeasure>
      <bIsWeighted>0</bIsWeighted>
      <QtyInPackage>1</QtyInPackage>
      <ItemPrice>6.60</ItemPrice>
      <UnitOfMeasurePrice>0.0000</UnitOfMeasurePrice>
      <AllowDiscount>1</AllowDiscount>
      <ItemStatus>1</ItemStatus>
      <ItemId>21654</ItemId>
    </Item>
    <Item>
      <PriceUpdateDate>2015-10-01 06:13:17</PriceUpdateDate>
      <ItemCode>77245111136</ItemCode>
      <ItemType>1</ItemType>
      <ItemName>סוכריות מאסט ריבת חל</ItemName>
      <ManufacturerName>MIESZKO S.A - MS. JO</ManufacturerName>
      <ManufactureCountry>פולין</ManufactureCountry>
      <ManufacturerItemDescription>סוכריות מאסט ללא סוכר ריבת חלב</ManufacturerItemDescription>
      <UnitQty>גרמים</UnitQty>
      <Quantity>80.00</Quantity>
      <UnitOfMeasure>100 גרם</UnitOfMeasure>
      <bIsWeighted>0</bIsWeighted>
      <QtyInPackage>1</QtyInPackage>
      <ItemPrice>8.80</ItemPrice>
      <UnitOfMeasurePrice>11.0000</UnitOfMeasurePrice>
      <AllowDiscount>1</AllowDiscount>
      <ItemStatus>1</ItemStatus>
      <ItemId>21655</ItemId>
    </Item>
    <Item>
      <PriceUpdateDate>2015-10-01 06:13:17</PriceUpdateDate>
      <ItemCode>7290006664990</ItemCode>
      <ItemType>1</ItemType>
      <ItemName>מארז דנונה ביו</ItemName>
      <ManufacturerName>שטראוס גרופ</ManufacturerName>
      <ManufactureCountry>ישראל</ManufactureCountry>
      <ManufacturerItemDescription>מארז חסכון ביו 1.7% שמינייה</ManufacturerItemDescription>
      <UnitQty>קילוגרמים</UnitQty>
      <Quantity>1.20</Quantity>
      <UnitOfMeasure>ק"ג</UnitOfMeasure>
      <bIsWeighted>0</bIsWeighted>
      <QtyInPackage>1</QtyInPackage>
      <ItemPrice>17.60</ItemPrice>
      <UnitOfMeasurePrice>14.6667</UnitOfMeasurePrice>
      <AllowDiscount>1</AllowDiscount>
      <ItemStatus>1</ItemStatus>
      <ItemId>21677</ItemId>
    </Item>
    <Item>
      <PriceUpdateDate>2015-10-01 06:16:11</PriceUpdateDate>
      <ItemCode>7290002107019</ItemCode>
      <ItemType>1</ItemType>
      <ItemName>צפתית מעודנת     5%</ItemName>
      <ManufacturerName>מחלבת משק צוריאל</ManufacturerName>
      <ManufactureCountry>ישראל</ManufactureCountry>
      <ManufacturerItemDescription>צפתית מעודנת 250 5% ג                  "</ManufacturerItemDescription>
      <UnitQty>גרמים</UnitQty>
      <Quantity>250.00</Quantity>
      <UnitOfMeasure>100 גרם</UnitOfMeasure>
      <bIsWeighted>0</bIsWeighted>
      <QtyInPackage>1</QtyInPackage>
      <ItemPrice>16.70</ItemPrice>
      <UnitOfMeasurePrice>6.6800</UnitOfMeasurePrice>
      <AllowDiscount>1</AllowDiscount>
      <ItemStatus>1</ItemStatus>
      <ItemId>21716</ItemId>
    </Item>
    <Item>
      <PriceUpdateDate>2016-05-04 08:37:22</PriceUpdateDate>
      <ItemCode>46024824</ItemCode>
      <ItemType>1</ItemType>
      <ItemName>סיגריות נקסט חפיסה ב</ItemName>
      <ManufacturerName>פיליפ מוריס</ManufacturerName>
      <ManufactureCountry>לא ידוע</ManufactureCountry>
      <ManufacturerItemDescription>סיגריות נקסט בודד</ManufacturerItemDescription>
      <UnitQty>Unknown </UnitQty>
      <Quantity>0.00</Quantity>
      <UnitOfMeasure>Unknown </UnitOfMeasure>
      <bIsWeighted>0</bIsWeighted>
      <QtyInPackage>1</QtyInPackage>
      <ItemPrice>30.00</ItemPrice>
      <UnitOfMeasurePrice>0.0000</UnitOfMeasurePrice>
      <AllowDiscount>0</AllowDiscount>
      <ItemStatus>1</ItemStatus>
      <ItemId>21718</ItemId>
    </Item>
    <Item>
      <PriceUpdateDate>2015-01-01 00:00:00</PriceUpdateDate>
      <ItemCode>7290002929529</ItemCode>
      <ItemType>1</ItemType>
      <ItemName>קובה חמוסטה</ItemName>
      <ManufacturerName>שלושת האופים</ManufacturerName>
      <ManufactureCountry>ישראל</ManufactureCountry>
      <ManufacturerItemDescription>קובה חמוסטה 600 גר</ManufacturerItemDescription>
      <UnitQty>גרמים</UnitQty>
      <Quantity>600.00</Quantity>
      <UnitOfMeasure>100 גרם</UnitOfMeasure>
      <bIsWeighted>0</bIsWeighted>
      <QtyInPackage>1</QtyInPackage>
      <ItemPrice>17.90</ItemPrice>
      <UnitOfMeasurePrice>2.9833</UnitOfMeasurePrice>
      <AllowDiscount>1</AllowDiscount>
      <ItemStatus>1</ItemStatus>
      <ItemId>95836</ItemId>
    </Item>
    <Item>
      <PriceUpdateDate>2016-05-04 08:37:22</PriceUpdateDate>
      <ItemCode>46024817</ItemCode>
      <ItemType>1</ItemType>
      <ItemName>סיגריות נקסט  FF חפי</ItemName>
      <ManufacturerName>פיליפ מוריס</ManufacturerName>
      <ManufactureCountry>לא ידוע</ManufactureCountry>
      <ManufacturerItemDescription>סיגריות נקסט  FF בודד</ManufacturerItemDescription>
      <UnitQty>Unknown </UnitQty>
      <Quantity>0.00</Quantity>
      <UnitOfMeasure>Unknown </UnitOfMeasure>
      <bIsWeighted>0</bIsWeighted>
      <QtyInPackage>1</QtyInPackage>
      <ItemPrice>30.00</ItemPrice>
      <UnitOfMeasurePrice>0.0000</UnitOfMeasurePrice>
      <AllowDiscount>0</AllowDiscount>
      <ItemStatus>1</ItemStatus>
      <ItemId>21793</ItemId>
    </Item>
    <Item>
      <PriceUpdateDate>2015-01-01 00:00:00</PriceUpdateDate>
      <ItemCode>7290007008146</ItemCode>
      <ItemType>1</ItemType>
      <ItemName>חרדל צהוב רגיל 297 ג</ItemName>
      <ManufacturerName>ניצן מותגי מזון בע"מ</ManufacturerName>
      <ManufactureCountry>ארצות הברית</ManufactureCountry>
      <ManufacturerItemDescription>חרדל צהוב רגיל 297 גרם</ManufacturerItemDescription>
      <UnitQty>גרמים</UnitQty>
      <Quantity>297.00</Quantity>
      <UnitOfMeasure>100 גרם</UnitOfMeasure>
      <bIsWeighted>0</bIsWeighted>
      <QtyInPackage>1</QtyInPackage>
      <ItemPrice>11.00</ItemPrice>
      <UnitOfMeasurePrice>3.7037</UnitOfMeasurePrice>
      <AllowDiscount>1</AllowDiscount>
      <ItemStatus>1</ItemStatus>
      <ItemId>21941</ItemId>
    </Item>
    <Item>
      <PriceUpdateDate>2015-10-01 06:15:01</PriceUpdateDate>
      <ItemCode>8076809513654</ItemCode>
      <ItemType>1</ItemType>
      <ItemName>בסיס רוטב עגבניות</ItemName>
      <ManufacturerName>BARILLA G.E.R.</ManufacturerName>
      <ManufactureCountry>איטליה</ManufactureCountry>
      <ManufacturerItemDescription>בסיס רוטב ברילה עגבניות לבולנז</ManufacturerItemDescription>
      <UnitQty>גרמים</UnitQty>
      <Quantity>400.00</Quantity>
      <UnitOfMeasure>100 גרם</UnitOfMeasure>
      <bIsWeighted>0</bIsWeighted>
      <QtyInPackage>1</QtyInPackage>
      <ItemPrice>15.80</ItemPrice>
      <UnitOfMeasurePrice>3.9500</UnitOfMeasurePrice>
      <AllowDiscount>1</AllowDiscount>
      <ItemStatus>1</ItemStatus>
      <ItemId>21997</ItemId>
    </Item>
    <Item>
      <PriceUpdateDate>2015-08-12 06:10:48</PriceUpdateDate>
      <ItemCode>7290105363602</ItemCode>
      <ItemType>1</ItemType>
      <ItemName>מקלות כיף כף קלאסי</ItemName>
      <ManufacturerName>SOLEN CIKOLATA GIDA</ManufacturerName>
      <ManufactureCountry>טורקיה</ManufactureCountry>
      <ManufacturerItemDescription>מקלות כיף כף קלאסי 40 גרם</ManufacturerItemDescription>
      <UnitQty>גרמים</UnitQty>
      <Quantity>40.00</Quantity>
      <UnitOfMeasure>100 גרם</UnitOfMeasure>
      <bIsWeighted>0</bIsWeighted>
      <QtyInPackage>1</QtyInPackage>
      <ItemPrice>5.40</ItemPrice>
      <UnitOfMeasurePrice>13.5000</UnitOfMeasurePrice>
      <AllowDiscount>1</AllowDiscount>
      <ItemStatus>1</ItemStatus>
      <ItemId>85587</ItemId>
    </Item>
    <Item>
      <PriceUpdateDate>2016-06-15 07:39:59</PriceUpdateDate>
      <ItemCode>7290006681843</ItemCode>
      <ItemType>1</ItemType>
      <ItemName>מאגדת לייט פרי</ItemName>
      <ManufacturerName>שטראוס גלידות</ManufacturerName>
      <ManufactureCountry>ישראל</ManufactureCountry>
      <ManufacturerItemDescription>מאגדת לייט פרי                      1/6</ManufacturerItemDescription>
      <UnitQty>גרמים</UnitQty>
      <Quantity>342.00</Quantity>
      <UnitOfMeasure>100 גרם</UnitOfMeasure>
      <bIsWeighted>0</bIsWeighted>
      <QtyInPackage>1</QtyInPackage>
      <ItemPrice>23.90</ItemPrice>
      <UnitOfMeasurePrice>6.9883</UnitOfMeasurePrice>
      <AllowDiscount>1</AllowDiscount>
      <ItemStatus>1</ItemStatus>
      <ItemId>22044</ItemId>
    </Item>
    <Item>
      <PriceUpdateDate>2015-10-01 06:15:10</PriceUpdateDate>
      <ItemCode>7290006681904</ItemCode>
      <ItemType>1</ItemType>
      <ItemName>מאגדת מצופים</ItemName>
      <ManufacturerName>שטראוס גלידות</ManufacturerName>
      <ManufactureCountry>ישראל</ManufactureCountry>
      <ManufacturerItemDescription>מאגדת מצופים                       1/10</ManufacturerItemDescription>
      <UnitQty>גרמים</UnitQty>
      <Quantity>600.00</Quantity>
      <UnitOfMeasure>100 גרם</UnitOfMeasure>
      <bIsWeighted>0</bIsWeighted>
      <QtyInPackage>1</QtyInPackage>
      <ItemPrice>39.20</ItemPrice>
      <UnitOfMeasurePrice>6.5333</UnitOfMeasurePrice>
      <AllowDiscount>1</AllowDiscount>
      <ItemStatus>1</ItemStatus>
      <ItemId>22046</ItemId>
    </Item>
    <Item>
      <PriceUpdateDate>2015-08-02 08:18:17</PriceUpdateDate>
      <ItemCode>87304787</ItemCode>
      <ItemType>1</ItemType>
      <ItemName>סוכריות מנטוס BOX פי</ItemName>
      <ManufacturerName>פרפטי ואן מלה</ManufacturerName>
      <ManufactureCountry>לא ידוע</ManufactureCountry>
      <ManufacturerItemDescription>סוכריות מנטוס BOX פירות 64 גרם</ManufacturerItemDescription>
      <UnitQty>Unknown </UnitQty>
      <Quantity>0.00</Quantity>
      <UnitOfMeasure>Unknown </UnitOfMeasure>
      <bIsWeighted>0</bIsWeighted>
      <QtyInPackage>1</QtyInPackage>
      <ItemPrice>8.20</ItemPrice>
      <UnitOfMeasurePrice>0.0000</UnitOfMeasurePrice>
      <AllowDiscount>1</AllowDiscount>
      <ItemStatus>1</ItemStatus>
      <ItemId>22071</ItemId>
    </Item>
    <Item>
      <PriceUpdateDate>2015-10-01 06:16:11</PriceUpdateDate>
      <ItemCode>7290002107798</ItemCode>
      <ItemType>1</ItemType>
      <ItemName>גבינה בולגרית    5%</ItemName>
      <ManufacturerName>מחלבת משק צוריאל</ManufacturerName>
      <ManufactureCountry>ישראל</ManufactureCountry>
      <ManufacturerItemDescription>גבינה בולגרית 250  5% גרם</ManufacturerItemDescription>
      <UnitQty>גרמים</UnitQty>
      <Quantity>250.00</Quantity>
      <UnitOfMeasure>100 גרם</UnitOfMeasure>
      <bIsWeighted>0</bIsWeighted>
      <QtyInPackage>1</QtyInPackage>
      <ItemPrice>21.70</ItemPrice>
      <UnitOfMeasurePrice>8.6800</UnitOfMeasurePrice>
      <AllowDiscount>1</AllowDiscount>
      <ItemStatus>1</ItemStatus>
      <ItemId>22095</ItemId>
    </Item>
    <Item>
      <PriceUpdateDate>2015-10-01 06:15:14</PriceUpdateDate>
      <ItemCode>7290010237623</ItemCode>
      <ItemType>1</ItemType>
      <ItemName>בירה נשר מאלט .</ItemName>
      <ManufacturerName>טמפו</ManufacturerName>
      <ManufactureCountry>ישראל</ManufactureCountry>
      <ManufacturerItemDescription>בירה נשר מאלט 1.5 ל</ManufacturerItemDescription>
      <UnitQty>ליטרים</UnitQty>
      <Quantity>1.50</Quantity>
      <UnitOfMeasure>ליטר</UnitOfMeasure>
      <bIsWeighted>0</bIsWeighted>
      <QtyInPackage>1</QtyInPackage>
      <ItemPrice>7.90</ItemPrice>
      <UnitOfMeasurePrice>5.2667</UnitOfMeasurePrice>
      <AllowDiscount>1</AllowDiscount>
      <ItemStatus>1</ItemStatus>
      <ItemId>22136</ItemId>
    </Item>
    <Item>
      <PriceUpdateDate>2015-10-01 06:15:14</PriceUpdateDate>
      <ItemCode>7290010237630</ItemCode>
      <ItemType>1</ItemType>
      <ItemName>בירה נשר מאלט דיאט .</ItemName>
      <ManufacturerName>טמפו</ManufacturerName>
      <ManufactureCountry>ישראל</ManufactureCountry>
      <ManufacturerItemDescription>בירה נשר מאלט דיאט 1.5 ל</ManufacturerItemDescription>
      <UnitQty>ליטרים</UnitQty>
      <Quantity>1.50</Quantity>
      <UnitOfMeasure>ליטר</UnitOfMeasure>
      <bIsWeighted>0</bIsWeighted>
      <QtyInPackage>1</QtyInPackage>
      <ItemPrice>7.90</ItemPrice>
      <UnitOfMeasurePrice>5.2667</UnitOfMeasurePrice>
      <AllowDiscount>1</AllowDiscount>
      <ItemStatus>1</ItemStatus>
      <ItemId>22137</ItemId>
    </Item>
    <Item>
      <PriceUpdateDate>2015-10-01 06:13:18</PriceUpdateDate>
      <ItemCode>7290100850411</ItemCode>
      <ItemType>1</ItemType>
      <ItemName>מיקס מעורב 190 גרם</ItemName>
      <ManufacturerName>שטראוס גרופ</ManufacturerName>
      <ManufactureCountry>ישראל</ManufactureCountry>
      <ManufacturerItemDescription>מיקס מעורב 190 גרם</ManufacturerItemDescription>
      <UnitQty>גרמים</UnitQty>
      <Quantity>190.00</Quantity>
      <UnitOfMeasure>100 גרם</UnitOfMeasure>
      <bIsWeighted>0</bIsWeighted>
      <QtyInPackage>1</QtyInPackage>
      <ItemPrice>16.70</ItemPrice>
      <UnitOfMeasurePrice>8.7895</UnitOfMeasurePrice>
      <AllowDiscount>1</AllowDiscount>
      <ItemStatus>1</ItemStatus>
      <ItemId>22170</ItemId>
    </Item>
    <Item>
      <PriceUpdateDate>2015-10-01 06:14:25</PriceUpdateDate>
      <ItemCode>5014271795980</ItemCode>
      <ItemType>1</ItemType>
      <ItemName>מעדן חמוציות אוכמניו</ItemName>
      <ManufacturerName>סאנט דלפור</ManufacturerName>
      <ManufactureCountry>צרפת</ManufactureCountry>
      <ManufacturerItemDescription>מעדן חמוציות ואוכמניות 284 גרם</ManufacturerItemDescription>
      <UnitQty>גרמים</UnitQty>
      <Quantity>284.00</Quantity>
      <UnitOfMeasure>100 גרם</UnitOfMeasure>
      <bIsWeighted>0</bIsWeighted>
      <QtyInPackage>1</QtyInPackage>
      <ItemPrice>19.70</ItemPrice>
      <UnitOfMeasurePrice>6.9366</UnitOfMeasurePrice>
      <AllowDiscount>1</AllowDiscount>
      <ItemStatus>1</ItemStatus>
      <ItemId>22216</ItemId>
    </Item>
    <Item>
      <PriceUpdateDate>2015-10-01 06:15:10</PriceUpdateDate>
      <ItemCode>7290010569120</ItemCode>
      <ItemType>1</ItemType>
      <ItemName>פסק זמן קראנץ</ItemName>
      <ManufacturerName>שטראוס גלידות</ManufacturerName>
      <ManufactureCountry>ישראל</ManufactureCountry>
      <ManufacturerItemDescription>פסק זמן קראנץ</ManufacturerItemDescription>
      <UnitQty>גרמים</UnitQty>
      <Quantity>73.00</Quantity>
      <UnitOfMeasure>100 גרם</UnitOfMeasure>
      <bIsWeighted>0</bIsWeighted>
      <QtyInPackage>1</QtyInPackage>
      <ItemPrice>9.80</ItemPrice>
      <UnitOfMeasurePrice>13.4247</UnitOfMeasurePrice>
      <AllowDiscount>1</AllowDiscount>
      <ItemStatus>1</ItemStatus>
      <ItemId>22247</ItemId>
    </Item>
    <Item>
      <PriceUpdateDate>2016-07-20 07:59:37</PriceUpdateDate>
      <ItemCode>856591000062</ItemCode>
      <ItemType>1</ItemType>
      <ItemName>עוגיות מזרחיות מלח</ItemName>
      <ManufacturerName>עבאדי</ManufacturerName>
      <ManufactureCountry>ישראל</ManufactureCountry>
      <ManufacturerItemDescription>עוגיות מזרחיות עבאדי מלח400 גר</ManufacturerItemDescription>
      <UnitQty>גרמים</UnitQty>
      <Quantity>400.00</Quantity>
      <UnitOfMeasure>100 גרם</UnitOfMeasure>
      <bIsWeighted>0</bIsWeighted>
      <QtyInPackage>1</QtyInPackage>
      <ItemPrice>19.90</ItemPrice>
      <UnitOfMeasurePrice>4.9750</UnitOfMeasurePrice>
      <AllowDiscount>1</AllowDiscount>
      <ItemStatus>1</ItemStatus>
      <ItemId>22258</ItemId>
    </Item>
    <Item>
      <PriceUpdateDate>2016-06-15 07:40:01</PriceUpdateDate>
      <ItemCode>7290001780800</ItemCode>
      <ItemType>1</ItemType>
      <ItemName>קראנץ ליבת נוגט</ItemName>
      <ManufacturerName>נגה גלידות</ManufacturerName>
      <ManufactureCountry>ישראל</ManufactureCountry>
      <ManufacturerItemDescription>קראנץ ליבת נוגט</ManufacturerItemDescription>
      <UnitQty>Unknown </UnitQty>
      <Quantity>0.00</Quantity>
      <UnitOfMeasure>Unknown </UnitOfMeasure>
      <bIsWeighted>0</bIsWeighted>
      <QtyInPackage>1</QtyInPackage>
      <ItemPrice>9.80</ItemPrice>
      <UnitOfMeasurePrice>0.0000</UnitOfMeasurePrice>
      <AllowDiscount>1</AllowDiscount>
      <ItemStatus>1</ItemStatus>
      <ItemId>22340</ItemId>
    </Item>
    <Item>
      <PriceUpdateDate>2015-10-01 06:16:36</PriceUpdateDate>
      <ItemCode>7290011154769</ItemCode>
      <ItemType>1</ItemType>
      <ItemName>חרוסת 250 גר</ItemName>
      <ManufacturerName>טעמי הגליל</ManufacturerName>
      <ManufactureCountry>ישראל</ManufactureCountry>
      <ManufacturerItemDescription>חרוסת 250 גר</ManufacturerItemDescription>
      <UnitQty>גרמים</UnitQty>
      <Quantity>170.00</Quantity>
      <UnitOfMeasure>100 גרם</UnitOfMeasure>
      <bIsWeighted>0</bIsWeighted>
      <QtyInPackage>1</QtyInPackage>
      <ItemPrice>9.90</ItemPrice>
      <UnitOfMeasurePrice>5.8235</UnitOfMeasurePrice>
      <AllowDiscount>1</AllowDiscount>
      <ItemStatus>1</ItemStatus>
      <ItemId>102003</ItemId>
    </Item>
    <Item>
      <PriceUpdateDate>2015-01-01 00:00:00</PriceUpdateDate>
      <ItemCode>7290013861443</ItemCode>
      <ItemType>1</ItemType>
      <ItemName>בוטנים 250 גרם</ItemName>
      <ManufacturerName>שקדיה</ManufacturerName>
      <ManufactureCountry>ישראל</ManufactureCountry>
      <ManufacturerItemDescription>בוטנים 250 גרם</ManufacturerItemDescription>
      <UnitQty>גרמים</UnitQty>
      <Quantity>250.00</Quantity>
      <UnitOfMeasure>100 גרם</UnitOfMeasure>
      <bIsWeighted>0</bIsWeighted>
      <QtyInPackage>1</QtyInPackage>
      <ItemPrice>9.00</ItemPrice>
      <UnitOfMeasurePrice>3.6000</UnitOfMeasurePrice>
      <AllowDiscount>1</AllowDiscount>
      <ItemStatus>1</ItemStatus>
      <ItemId>99846</ItemId>
    </Item>
    <Item>
      <PriceUpdateDate>2015-01-01 00:00:00</PriceUpdateDate>
      <ItemCode>7290100850916</ItemCode>
      <ItemType>1</ItemType>
      <ItemName>חטיף דוריטוס חמוץ</ItemName>
      <ManufacturerName>שטראוס גרופ</ManufacturerName>
      <ManufactureCountry>ישראל</ManufactureCountry>
      <ManufacturerItemDescription>דוריטוס חמוץ חריף 70 גר</ManufacturerItemDescription>
      <UnitQty>גרמים</UnitQty>
      <Quantity>70.00</Quantity>
      <UnitOfMeasure>100 גרם</UnitOfMeasure>
      <bIsWeighted>0</bIsWeighted>
      <QtyInPackage>1</QtyInPackage>
      <ItemPrice>3.90</ItemPrice>
      <UnitOfMeasurePrice>5.5714</UnitOfMeasurePrice>
      <AllowDiscount>1</AllowDiscount>
      <ItemStatus>1</ItemStatus>
      <ItemId>22398</ItemId>
    </Item>
    <Item>
      <PriceUpdateDate>2015-01-01 00:00:00</PriceUpdateDate>
      <ItemCode>7290100850923</ItemCode>
      <ItemType>1</ItemType>
      <ItemName>חטיף דוריטוס  גריל</ItemName>
      <ManufacturerName>שטראוס גרופ</ManufacturerName>
      <ManufactureCountry>ישראל</ManufactureCountry>
      <ManufacturerItemDescription>דוריטוס גריל 70 גר</ManufacturerItemDescription>
      <UnitQty>גרמים</UnitQty>
      <Quantity>70.00</Quantity>
      <UnitOfMeasure>100 גרם</UnitOfMeasure>
      <bIsWeighted>0</bIsWeighted>
      <QtyInPackage>1</QtyInPackage>
      <ItemPrice>3.90</ItemPrice>
      <UnitOfMeasurePrice>5.5714</UnitOfMeasurePrice>
      <AllowDiscount>1</AllowDiscount>
      <ItemStatus>1</ItemStatus>
      <ItemId>22399</ItemId>
    </Item>
    <Item>
      <PriceUpdateDate>2015-01-01 00:00:00</PriceUpdateDate>
      <ItemCode>7290100850930</ItemCode>
      <ItemType>1</ItemType>
      <ItemName>דוריטוס דיפ טעם טבעי</ItemName>
      <ManufacturerName>שטראוס גרופ</ManufacturerName>
      <ManufactureCountry>ישראל</ManufactureCountry>
      <ManufacturerItemDescription>דוריטוס דיפ בטעם טבעי 70 גרם</ManufacturerItemDescription>
      <UnitQty>גרמים</UnitQty>
      <Quantity>70.00</Quantity>
      <UnitOfMeasure>100 גרם</UnitOfMeasure>
      <bIsWeighted>0</bIsWeighted>
      <QtyInPackage>1</QtyInPackage>
      <ItemPrice>3.90</ItemPrice>
      <UnitOfMeasurePrice>5.5714</UnitOfMeasurePrice>
      <AllowDiscount>1</AllowDiscount>
      <ItemStatus>1</ItemStatus>
      <ItemId>22400</ItemId>
    </Item>
    <Item>
      <PriceUpdateDate>2015-10-01 06:13:18</PriceUpdateDate>
      <ItemCode>7290100850459</ItemCode>
      <ItemType>1</ItemType>
      <ItemName>חטיפי שוקולד מיקס</ItemName>
      <ManufacturerName>שטראוס גרופ</ManufacturerName>
      <ManufactureCountry>ישראל</ManufactureCountry>
      <ManufacturerItemDescription>מיקס מעורב 390 גרם</ManufacturerItemDescription>
      <UnitQty>גרמים</UnitQty>
      <Quantity>390.00</Quantity>
      <UnitOfMeasure>100 גרם</UnitOfMeasure>
      <bIsWeighted>0</bIsWeighted>
      <QtyInPackage>1</QtyInPackage>
      <ItemPrice>29.40</ItemPrice>
      <UnitOfMeasurePrice>7.5385</UnitOfMeasurePrice>
      <AllowDiscount>1</AllowDiscount>
      <ItemStatus>1</ItemStatus>
      <ItemId>22407</ItemId>
    </Item>
    <Item>
      <PriceUpdateDate>2015-01-01 00:00:00</PriceUpdateDate>
      <ItemCode>7290013724953</ItemCode>
      <ItemType>1</ItemType>
      <ItemName>חמוציות בשוקולד חלב</ItemName>
      <ManufacturerName>דין שיווק וקליה בע"מ</ManufacturerName>
      <ManufactureCountry>ישראל</ManufactureCountry>
      <ManufacturerItemDescription>חמוציות בשוקולד חלב 160 גרם</ManufacturerItemDescription>
      <UnitQty>גרמים</UnitQty>
      <Quantity>160.00</Quantity>
      <UnitOfMeasure>100 גרם</UnitOfMeasure>
      <bIsWeighted>0</bIsWeighted>
      <QtyInPackage>1</QtyInPackage>
      <ItemPrice>14.90</ItemPrice>
      <UnitOfMeasurePrice>9.3125</UnitOfMeasurePrice>
      <AllowDiscount>1</AllowDiscount>
      <ItemStatus>1</ItemStatus>
      <ItemId>22464</ItemId>
    </Item>
    <Item>
      <PriceUpdateDate>2015-10-01 06:13:45</PriceUpdateDate>
      <ItemCode>7290000169088</ItemCode>
      <ItemType>1</ItemType>
      <ItemName>מרק גורמה ברוקולי</ItemName>
      <ManufacturerName>אתר חיפה אבקות - Foo</ManufacturerName>
      <ManufactureCountry>ישראל</ManufactureCountry>
      <ManufacturerItemDescription>מרק גורמה ברוקולי עם כרובית</ManufacturerItemDescription>
      <UnitQty>גרמים</UnitQty>
      <Quantity>88.00</Quantity>
      <UnitOfMeasure>100 גרם</UnitOfMeasure>
      <bIsWeighted>0</bIsWeighted>
      <QtyInPackage>1</QtyInPackage>
      <ItemPrice>11.80</ItemPrice>
      <UnitOfMeasurePrice>13.4091</UnitOfMeasurePrice>
      <AllowDiscount>1</AllowDiscount>
      <ItemStatus>1</ItemStatus>
      <ItemId>92588</ItemId>
    </Item>
    <Item>
      <PriceUpdateDate>2015-10-01 06:14:36</PriceUpdateDate>
      <ItemCode>7290005424762</ItemCode>
      <ItemType>1</ItemType>
      <ItemName>ריצפז דוחה חרקים+וקס</ItemName>
      <ManufacturerName>סנו</ManufacturerName>
      <ManufactureCountry>ישראל</ManufactureCountry>
      <ManufacturerItemDescription>ריצפז דוחה חרקים+ווקס 2 ל</ManufacturerItemDescription>
      <UnitQty>ליטרים</UnitQty>
      <Quantity>2.00</Quantity>
      <UnitOfMeasure>ליטר</UnitOfMeasure>
      <bIsWeighted>0</bIsWeighted>
      <QtyInPackage>1</QtyInPackage>
      <ItemPrice>31.60</ItemPrice>
      <UnitOfMeasurePrice>15.8000</UnitOfMeasurePrice>
      <AllowDiscount>1</AllowDiscount>
      <ItemStatus>1</ItemStatus>
      <ItemId>22507</ItemId>
    </Item>
    <Item>
      <PriceUpdateDate>2015-01-01 00:00:00</PriceUpdateDate>
      <ItemCode>7290002319092</ItemCode>
      <ItemType>1</ItemType>
      <ItemName>קמח תפוח אדמה</ItemName>
      <ManufacturerName>מיה תעשיות מזון</ManufacturerName>
      <ManufactureCountry>ישראל</ManufactureCountry>
      <ManufacturerItemDescription>קמח ת.אדמה 500 גרם</ManufacturerItemDescription>
      <UnitQty>גרמים</UnitQty>
      <Quantity>500.00</Quantity>
      <UnitOfMeasure>100 גרם</UnitOfMeasure>
      <bIsWeighted>0</bIsWeighted>
      <QtyInPackage>1</QtyInPackage>
      <ItemPrice>7.20</ItemPrice>
      <UnitOfMeasurePrice>1.4400</UnitOfMeasurePrice>
      <AllowDiscount>1</AllowDiscount>
      <ItemStatus>1</ItemStatus>
      <ItemId>22689</ItemId>
    </Item>
    <Item>
      <PriceUpdateDate>2015-10-01 06:18:38</PriceUpdateDate>
      <ItemCode>7290004132231</ItemCode>
      <ItemType>1</ItemType>
      <ItemName>חלב פלוס לקפה  800 3</ItemName>
      <ManufacturerName>תנובה מרכז שיתופי לש</ManufacturerName>
      <ManufactureCountry>ישראל</ManufactureCountry>
      <ManufacturerItemDescription>חלב פלוס לקפה  800 3.5% מהדרין</ManufacturerItemDescription>
      <UnitQty>מיליליטרים</UnitQty>
      <Quantity>800.00</Quantity>
      <UnitOfMeasure>100 מ"ל</UnitOfMeasure>
      <bIsWeighted>0</bIsWeighted>
      <QtyInPackage>1</QtyInPackage>
      <ItemPrice>7.80</ItemPrice>
      <UnitOfMeasurePrice>0.9750</UnitOfMeasurePrice>
      <AllowDiscount>1</AllowDiscount>
      <ItemStatus>1</ItemStatus>
      <ItemId>22697</ItemId>
    </Item>
    <Item>
      <PriceUpdateDate>2016-02-11 08:35:57</PriceUpdateDate>
      <ItemCode>7290004131227</ItemCode>
      <ItemType>1</ItemType>
      <ItemName>גבינה למריחה</ItemName>
      <ManufacturerName>תנובה מרכז שיתופי לש</ManufacturerName>
      <ManufactureCountry>ישראל</ManufactureCountry>
      <ManufacturerItemDescription>גבינה למריחה 500 3% גרם</ManufacturerItemDescription>
      <UnitQty>גרמים</UnitQty>
      <Quantity>500.00</Quantity>
      <UnitOfMeasure>100 גרם</UnitOfMeasure>
      <bIsWeighted>0</bIsWeighted>
      <QtyInPackage>1</QtyInPackage>
      <ItemPrice>9.20</ItemPrice>
      <UnitOfMeasurePrice>1.8400</UnitOfMeasurePrice>
      <AllowDiscount>1</AllowDiscount>
      <ItemStatus>1</ItemStatus>
      <ItemId>22818</ItemId>
    </Item>
    <Item>
      <PriceUpdateDate>2016-06-15 07:39:59</PriceUpdateDate>
      <ItemCode>7290014603110</ItemCode>
      <ItemType>1</ItemType>
      <ItemName>גלידה קארט דור שוקול</ItemName>
      <ManufacturerName>שטראוס גלידות</ManufacturerName>
      <ManufactureCountry>לא ידוע</ManufactureCountry>
      <ManufacturerItemDescription>קארט דור שוקולד פאדג</ManufacturerItemDescription>
      <UnitQty>גרמים</UnitQty>
      <Quantity>520.00</Quantity>
      <UnitOfMeasure>100 גרם</UnitOfMeasure>
      <bIsWeighted>0</bIsWeighted>
      <QtyInPackage>1</QtyInPackage>
      <ItemPrice>19.90</ItemPrice>
      <UnitOfMeasurePrice>3.8269</UnitOfMeasurePrice>
      <AllowDiscount>1</AllowDiscount>
      <ItemStatus>1</ItemStatus>
      <ItemId>101875</ItemId>
    </Item>
    <Item>
      <PriceUpdateDate>2015-10-02 09:08:57</PriceUpdateDate>
      <ItemCode>7290002929512</ItemCode>
      <ItemType>1</ItemType>
      <ItemName>פלאפל</ItemName>
      <ManufacturerName>שלושת האופים</ManufacturerName>
      <ManufactureCountry>ישראל</ManufactureCountry>
      <ManufacturerItemDescription>פלאפל 500 גר</ManufacturerItemDescription>
      <UnitQty>גרמים</UnitQty>
      <Quantity>500.00</Quantity>
      <UnitOfMeasure>100 גרם</UnitOfMeasure>
      <bIsWeighted>0</bIsWeighted>
      <QtyInPackage>1</QtyInPackage>
      <ItemPrice>17.90</ItemPrice>
      <UnitOfMeasurePrice>3.5800</UnitOfMeasurePrice>
      <AllowDiscount>1</AllowDiscount>
      <ItemStatus>1</ItemStatus>
      <ItemId>96204</ItemId>
    </Item>
    <Item>
      <PriceUpdateDate>2015-08-09 08:03:30</PriceUpdateDate>
      <ItemCode>7290100681244</ItemCode>
      <ItemType>1</ItemType>
      <ItemName>רוטב שום</ItemName>
      <ManufacturerName>אסם</ManufacturerName>
      <ManufactureCountry>ישראל</ManufactureCountry>
      <ManufacturerItemDescription>רוטב שום 290 מ"ל</ManufacturerItemDescription>
      <UnitQty>מיליליטרים</UnitQty>
      <Quantity>290.00</Quantity>
      <UnitOfMeasure>100 מ"ל</UnitOfMeasure>
      <bIsWeighted>0</bIsWeighted>
      <QtyInPackage>1</QtyInPackage>
      <ItemPrice>12.30</ItemPrice>
      <UnitOfMeasurePrice>4.2414</UnitOfMeasurePrice>
      <AllowDiscount>1</AllowDiscount>
      <ItemStatus>1</ItemStatus>
      <ItemId>23018</ItemId>
    </Item>
    <Item>
      <PriceUpdateDate>2015-10-01 06:18:38</PriceUpdateDate>
      <ItemCode>7290004133511</ItemCode>
      <ItemType>1</ItemType>
      <ItemName>מאג.יופלה לבן מעוד</ItemName>
      <ManufacturerName>תנובה מרכז שיתופי לש</ManufacturerName>
      <ManufactureCountry>ישראל</ManufactureCountry>
      <ManufacturerItemDescription>מאגדת יופלהלבן מעודן 1.5% שמינ</ManufacturerItemDescription>
      <UnitQty>קילוגרמים</UnitQty>
      <Quantity>1.20</Quantity>
      <UnitOfMeasure>ק"ג</UnitOfMeasure>
      <bIsWeighted>0</bIsWeighted>
      <QtyInPackage>1</QtyInPackage>
      <ItemPrice>19.70</ItemPrice>
      <UnitOfMeasurePrice>16.4167</UnitOfMeasurePrice>
      <AllowDiscount>1</AllowDiscount>
      <ItemStatus>1</ItemStatus>
      <ItemId>23231</ItemId>
    </Item>
    <Item>
      <PriceUpdateDate>2015-10-01 06:13:52</PriceUpdateDate>
      <ItemCode>7290005651069</ItemCode>
      <ItemType>1</ItemType>
      <ItemName>להקט מיקס2.85 ק"ג</ItemName>
      <ManufacturerName>ביופט בע"מ</ManufacturerName>
      <ManufactureCountry>ישראל</ManufactureCountry>
      <ManufacturerItemDescription>להקט מיקס2.85 קג                       .</ManufacturerItemDescription>
      <UnitQty>קילוגרמים</UnitQty>
      <Quantity>2.85</Quantity>
      <UnitOfMeasure>ק"ג</UnitOfMeasure>
      <bIsWeighted>0</bIsWeighted>
      <QtyInPackage>1</QtyInPackage>
      <ItemPrice>63.30</ItemPrice>
      <UnitOfMeasurePrice>22.2105</UnitOfMeasurePrice>
      <AllowDiscount>1</AllowDiscount>
      <ItemStatus>1</ItemStatus>
      <ItemId>23419</ItemId>
    </Item>
    <Item>
      <PriceUpdateDate>2016-03-11 08:28:27</PriceUpdateDate>
      <ItemCode>7290000060811</ItemCode>
      <ItemType>1</ItemType>
      <ItemName>אקסטרים מטבע ענק</ItemName>
      <ManufacturerName>נגה גלידות</ManufacturerName>
      <ManufactureCountry>לא ידוע</ManufactureCountry>
      <ManufacturerItemDescription>אקסטרים מטבע ענק</ManufacturerItemDescription>
      <UnitQty>גרמים</UnitQty>
      <Quantity>120.00</Quantity>
      <UnitOfMeasure>100 גרם</UnitOfMeasure>
      <bIsWeighted>0</bIsWeighted>
      <QtyInPackage>1</QtyInPackage>
      <ItemPrice>11.80</ItemPrice>
      <UnitOfMeasurePrice>9.8333</UnitOfMeasurePrice>
      <AllowDiscount>1</AllowDiscount>
      <ItemStatus>1</ItemStatus>
      <ItemId>87392</ItemId>
    </Item>
    <Item>
      <PriceUpdateDate>2015-01-01 00:00:00</PriceUpdateDate>
      <ItemCode>7290000169118</ItemCode>
      <ItemType>1</ItemType>
      <ItemName>מרק נמס בכוס ברוקולי</ItemName>
      <ManufacturerName>אתר חיפה אבקות - Foo</ManufacturerName>
      <ManufactureCountry>ישראל</ManufactureCountry>
      <ManufacturerItemDescription>מרק נמס בכוס ברוקולי</ManufacturerItemDescription>
      <UnitQty>גרמים</UnitQty>
      <Quantity>26.00</Quantity>
      <UnitOfMeasure>100 גרם</UnitOfMeasure>
      <bIsWeighted>0</bIsWeighted>
      <QtyInPackage>1</QtyInPackage>
      <ItemPrice>4.90</ItemPrice>
      <UnitOfMeasurePrice>18.8462</UnitOfMeasurePrice>
      <AllowDiscount>1</AllowDiscount>
      <ItemStatus>1</ItemStatus>
      <ItemId>92591</ItemId>
    </Item>
    <Item>
      <PriceUpdateDate>2015-10-01 06:17:27</PriceUpdateDate>
      <ItemCode>7290001265642</ItemCode>
      <ItemType>1</ItemType>
      <ItemName>מ.חתולים מעדני להקט</ItemName>
      <ManufacturerName>FIDELE SAS</ManufacturerName>
      <ManufactureCountry>צרפת</ManufactureCountry>
      <ManufacturerItemDescription>מזון חתולים מעדני להקט          1/3 400</ManufacturerItemDescription>
      <UnitQty>קילוגרמים</UnitQty>
      <Quantity>1.20</Quantity>
      <UnitOfMeasure>ק"ג</UnitOfMeasure>
      <bIsWeighted>0</bIsWeighted>
      <QtyInPackage>1</QtyInPackage>
      <ItemPrice>20.70</ItemPrice>
      <UnitOfMeasurePrice>17.2500</UnitOfMeasurePrice>
      <AllowDiscount>1</AllowDiscount>
      <ItemStatus>1</ItemStatus>
      <ItemId>23462</ItemId>
    </Item>
    <Item>
      <PriceUpdateDate>2015-10-01 06:18:39</PriceUpdateDate>
      <ItemCode>7290004131814</ItemCode>
      <ItemType>1</ItemType>
      <ItemName>פיראוס צפתית מעודנ</ItemName>
      <ManufacturerName>תנובה מרכז שיתופי לש</ManufacturerName>
      <ManufactureCountry>ישראל</ManufactureCountry>
      <ManufacturerItemDescription>פיראוס צפתית מעודנת 200 5% ג           "</ManufacturerItemDescription>
      <UnitQty>גרמים</UnitQty>
      <Quantity>200.00</Quantity>
      <UnitOfMeasure>100 גרם</UnitOfMeasure>
      <bIsWeighted>0</bIsWeighted>
      <QtyInPackage>1</QtyInPackage>
      <ItemPrice>16.10</ItemPrice>
      <UnitOfMeasurePrice>8.0500</UnitOfMeasurePrice>
      <AllowDiscount>1</AllowDiscount>
      <ItemStatus>1</ItemStatus>
      <ItemId>23583</ItemId>
    </Item>
    <Item>
      <PriceUpdateDate>2016-06-15 07:39:59</PriceUpdateDate>
      <ItemCode>7290014603998</ItemCode>
      <ItemType>1</ItemType>
      <ItemName>גלידה קארט דור בראונ</ItemName>
      <ManufacturerName>שטראוס גלידות</ManufacturerName>
      <ManufactureCountry>לא ידוע</ManufactureCountry>
      <ManufacturerItemDescription>קארט דור בראוניז</ManufacturerItemDescription>
      <UnitQty>גרמים</UnitQty>
      <Quantity>520.00</Quantity>
      <UnitOfMeasure>100 גרם</UnitOfMeasure>
      <bIsWeighted>0</bIsWeighted>
      <QtyInPackage>1</QtyInPackage>
      <ItemPrice>19.90</ItemPrice>
      <UnitOfMeasurePrice>3.8269</UnitOfMeasurePrice>
      <AllowDiscount>1</AllowDiscount>
      <ItemStatus>1</ItemStatus>
      <ItemId>101876</ItemId>
    </Item>
    <Item>
      <PriceUpdateDate>2015-01-01 00:00:00</PriceUpdateDate>
      <ItemCode>578</ItemCode>
      <ItemType>0</ItemType>
      <ItemName>נקטרינה</ItemName>
      <ManufacturerName>חקלאי</ManufacturerName>
      <ManufactureCountry>ישראל</ManufactureCountry>
      <ManufacturerItemDescription>נקטרינה                               6</ManufacturerItemDescription>
      <UnitQty>קילוגרמים</UnitQty>
      <Quantity>1.00</Quantity>
      <UnitOfMeasure>ק"ג</UnitOfMeasure>
      <bIsWeighted>1</bIsWeighted>
      <QtyInPackage>לא ידוע</QtyInPackage>
      <ItemPrice>11.90</ItemPrice>
      <UnitOfMeasurePrice>11.9000</UnitOfMeasurePrice>
      <AllowDiscount>1</AllowDiscount>
      <ItemStatus>1</ItemStatus>
      <ItemId>23690</ItemId>
    </Item>
    <Item>
      <PriceUpdateDate>2015-01-01 00:00:00</PriceUpdateDate>
      <ItemCode>835811007494</ItemCode>
      <ItemType>1</ItemType>
      <ItemName>אבקת גלטין טהור</ItemName>
      <ManufacturerName>הנמל</ManufacturerName>
      <ManufactureCountry>ישראל</ManufactureCountry>
      <ManufacturerItemDescription>גלטין טהור 28 גרם</ManufacturerItemDescription>
      <UnitQty>גרמים</UnitQty>
      <Quantity>28.00</Quantity>
      <UnitOfMeasure>100 גרם</UnitOfMeasure>
      <bIsWeighted>0</bIsWeighted>
      <QtyInPackage>1</QtyInPackage>
      <ItemPrice>11.20</ItemPrice>
      <UnitOfMeasurePrice>40.0000</UnitOfMeasurePrice>
      <AllowDiscount>1</AllowDiscount>
      <ItemStatus>1</ItemStatus>
      <ItemId>23772</ItemId>
    </Item>
    <Item>
      <PriceUpdateDate>2015-01-01 00:00:00</PriceUpdateDate>
      <ItemCode>7290004067175</ItemCode>
      <ItemType>1</ItemType>
      <ItemName>מעדן שזיפים 100% פרי</ItemName>
      <ManufacturerName>מוצרים טבעיים בית יצ</ManufacturerName>
      <ManufactureCountry>ישראל</ManufactureCountry>
      <ManufacturerItemDescription>מעדן שזיפים 100% פרי 284 גרם</ManufacturerItemDescription>
      <UnitQty>גרמים</UnitQty>
      <Quantity>284.00</Quantity>
      <UnitOfMeasure>100 גרם</UnitOfMeasure>
      <bIsWeighted>0</bIsWeighted>
      <QtyInPackage>1</QtyInPackage>
      <ItemPrice>16.90</ItemPrice>
      <UnitOfMeasurePrice>5.9507</UnitOfMeasurePrice>
      <AllowDiscount>1</AllowDiscount>
      <ItemStatus>1</ItemStatus>
      <ItemId>23809</ItemId>
    </Item>
    <Item>
      <PriceUpdateDate>2016-04-08 06:51:45</PriceUpdateDate>
      <ItemCode>7290003411924</ItemCode>
      <ItemType>1</ItemType>
      <ItemName>שלגון להקפאה   8 יח</ItemName>
      <ManufacturerName>גנה</ManufacturerName>
      <ManufactureCountry>ישראל</ManufactureCountry>
      <ManufacturerItemDescription>משקה להקפאה 800 מל                     .</ManufacturerItemDescription>
      <UnitQty>מיליליטרים</UnitQty>
      <Quantity>800.00</Quantity>
      <UnitOfMeasure>100 מ"ל</UnitOfMeasure>
      <bIsWeighted>0</bIsWeighted>
      <QtyInPackage>1</QtyInPackage>
      <ItemPrice>5.90</ItemPrice>
      <UnitOfMeasurePrice>0.7375</UnitOfMeasurePrice>
      <AllowDiscount>1</AllowDiscount>
      <ItemStatus>1</ItemStatus>
      <ItemId>23903</ItemId>
    </Item>
    <Item>
      <PriceUpdateDate>2015-01-01 00:00:00</PriceUpdateDate>
      <ItemCode>7290000169798</ItemCode>
      <ItemType>1</ItemType>
      <ItemName>עוגי מופחת 20% סוכר</ItemName>
      <ManufacturerName>אתר שפע - Food</ManufacturerName>
      <ManufactureCountry>ישראל</ManufactureCountry>
      <ManufacturerItemDescription>עוגי מופחת 20% סוכר 500 גרם</ManufacturerItemDescription>
      <UnitQty>גרמים</UnitQty>
      <Quantity>500.00</Quantity>
      <UnitOfMeasure>100 גרם</UnitOfMeasure>
      <bIsWeighted>0</bIsWeighted>
      <QtyInPackage>1</QtyInPackage>
      <ItemPrice>28.50</ItemPrice>
      <UnitOfMeasurePrice>5.7000</UnitOfMeasurePrice>
      <AllowDiscount>1</AllowDiscount>
      <ItemStatus>1</ItemStatus>
      <ItemId>92592</ItemId>
    </Item>
    <Item>
      <PriceUpdateDate>2015-10-01 06:14:36</PriceUpdateDate>
      <ItemCode>7290004731076</ItemCode>
      <ItemType>1</ItemType>
      <ItemName>אלסבון כיף אלוורה 1</ItemName>
      <ManufacturerName>קוסמופארם</ManufacturerName>
      <ManufactureCountry>ישראל</ManufactureCountry>
      <ManufacturerItemDescription>אלסבון כיף אלוורה 1 ליטר</ManufacturerItemDescription>
      <UnitQty>ליטרים</UnitQty>
      <Quantity>1.00</Quantity>
      <UnitOfMeasure>ליטר</UnitOfMeasure>
      <bIsWeighted>0</bIsWeighted>
      <QtyInPackage>1</QtyInPackage>
      <ItemPrice>13.80</ItemPrice>
      <UnitOfMeasurePrice>13.8000</UnitOfMeasurePrice>
      <AllowDiscount>1</AllowDiscount>
      <ItemStatus>1</ItemStatus>
      <ItemId>23964</ItemId>
    </Item>
    <Item>
      <PriceUpdateDate>2015-10-01 06:14:36</PriceUpdateDate>
      <ItemCode>7290004731083</ItemCode>
      <ItemType>1</ItemType>
      <ItemName>אלסבון כיף גנסנג</ItemName>
      <ManufacturerName>קוסמופארם</ManufacturerName>
      <ManufactureCountry>ישראל</ManufactureCountry>
      <ManufacturerItemDescription>אלסבון כיף גנסנג 1 ליטר</ManufacturerItemDescription>
      <UnitQty>ליטרים</UnitQty>
      <Quantity>1.00</Quantity>
      <UnitOfMeasure>ליטר</UnitOfMeasure>
      <bIsWeighted>0</bIsWeighted>
      <QtyInPackage>1</QtyInPackage>
      <ItemPrice>13.80</ItemPrice>
      <UnitOfMeasurePrice>13.8000</UnitOfMeasurePrice>
      <AllowDiscount>1</AllowDiscount>
      <ItemStatus>1</ItemStatus>
      <ItemId>23965</ItemId>
    </Item>
    <Item>
      <PriceUpdateDate>2015-10-01 06:14:36</PriceUpdateDate>
      <ItemCode>7290004731472</ItemCode>
      <ItemType>1</ItemType>
      <ItemName>מארז אלסבון כיף שליש</ItemName>
      <ManufacturerName>קוסמופארם</ManufacturerName>
      <ManufactureCountry>ישראל</ManufactureCountry>
      <ManufacturerItemDescription>מארז אלסבון כיף שלישייה צבעוני</ManufacturerItemDescription>
      <UnitQty>ליטרים</UnitQty>
      <Quantity>1.50</Quantity>
      <UnitOfMeasure>ליטר</UnitOfMeasure>
      <bIsWeighted>0</bIsWeighted>
      <QtyInPackage>3</QtyInPackage>
      <ItemPrice>19.70</ItemPrice>
      <UnitOfMeasurePrice>13.1333</UnitOfMeasurePrice>
      <AllowDiscount>1</AllowDiscount>
      <ItemStatus>1</ItemStatus>
      <ItemId>23967</ItemId>
    </Item>
    <Item>
      <PriceUpdateDate>2015-10-01 06:16:28</PriceUpdateDate>
      <ItemCode>7290000204239</ItemCode>
      <ItemType>1</ItemType>
      <ItemName>מטלית רצפה ניקול</ItemName>
      <ManufacturerName>עופרטקס</ManufacturerName>
      <ManufactureCountry>ישראל</ManufactureCountry>
      <ManufacturerItemDescription>מטלית רצפה ניקול                    1/4</ManufacturerItemDescription>
      <UnitQty>Unknown </UnitQty>
      <Quantity>0.00</Quantity>
      <UnitOfMeasure>Unknown </UnitOfMeasure>
      <bIsWeighted>0</bIsWeighted>
      <QtyInPackage>1</QtyInPackage>
      <ItemPrice>14.80</ItemPrice>
      <UnitOfMeasurePrice>0.0000</UnitOfMeasurePrice>
      <AllowDiscount>1</AllowDiscount>
      <ItemStatus>1</ItemStatus>
      <ItemId>24101</ItemId>
    </Item>
    <Item>
      <PriceUpdateDate>2015-10-01 06:14:36</PriceUpdateDate>
      <ItemCode>7290004731410</ItemCode>
      <ItemType>1</ItemType>
      <ItemName>כרית קרצוף סנו סושי</ItemName>
      <ManufacturerName>סנו</ManufacturerName>
      <ManufactureCountry>ישראל</ManufactureCountry>
      <ManufacturerItemDescription>כרית קרצוף סנו סושי ירוק            1/3</ManufacturerItemDescription>
      <UnitQty>Unknown </UnitQty>
      <Quantity>0.00</Quantity>
      <UnitOfMeasure>Unknown </UnitOfMeasure>
      <bIsWeighted>0</bIsWeighted>
      <QtyInPackage>1</QtyInPackage>
      <ItemPrice>9.80</ItemPrice>
      <UnitOfMeasurePrice>0.0000</UnitOfMeasurePrice>
      <AllowDiscount>1</AllowDiscount>
      <ItemStatus>1</ItemStatus>
      <ItemId>24104</ItemId>
    </Item>
    <Item>
      <PriceUpdateDate>2015-01-01 00:00:00</PriceUpdateDate>
      <ItemCode>7290003060030</ItemCode>
      <ItemType>1</ItemType>
      <ItemName>קמח מלא בשקית ישראלי</ItemName>
      <ManufacturerName>טחנות ישראל</ManufacturerName>
      <ManufactureCountry>ישראל</ManufactureCountry>
      <ManufacturerItemDescription>קמח מלא בשקית 1 ק"ג ישראלי</ManufacturerItemDescription>
      <UnitQty>קילוגרמים</UnitQty>
      <Quantity>1.00</Quantity>
      <UnitOfMeasure>ק"ג</UnitOfMeasure>
      <bIsWeighted>0</bIsWeighted>
      <QtyInPackage>1</QtyInPackage>
      <ItemPrice>6.30</ItemPrice>
      <UnitOfMeasurePrice>6.3000</UnitOfMeasurePrice>
      <AllowDiscount>1</AllowDiscount>
      <ItemStatus>1</ItemStatus>
      <ItemId>24128</ItemId>
    </Item>
    <Item>
      <PriceUpdateDate>2015-07-17 07:33:06</PriceUpdateDate>
      <ItemCode>7290100700020</ItemCode>
      <ItemType>1</ItemType>
      <ItemName>גריסי פנינה</ItemName>
      <ManufacturerName>סוגת</ManufacturerName>
      <ManufactureCountry>לא ידוע</ManufactureCountry>
      <ManufacturerItemDescription>גריסי פנינה 500 גרם</ManufacturerItemDescription>
      <UnitQty>גרמים</UnitQty>
      <Quantity>500.00</Quantity>
      <UnitOfMeasure>100 גרם</UnitOfMeasure>
      <bIsWeighted>0</bIsWeighted>
      <QtyInPackage>1</QtyInPackage>
      <ItemPrice>5.90</ItemPrice>
      <UnitOfMeasurePrice>1.1800</UnitOfMeasurePrice>
      <AllowDiscount>1</AllowDiscount>
      <ItemStatus>1</ItemStatus>
      <ItemId>24144</ItemId>
    </Item>
    <Item>
      <PriceUpdateDate>2015-08-02 08:17:34</PriceUpdateDate>
      <ItemCode>7290003411993</ItemCode>
      <ItemType>1</ItemType>
      <ItemName>גפרורים        1/10</ItemName>
      <ManufacturerName>י.ד.יבוא -קל בע"מ</ManufacturerName>
      <ManufactureCountry>לא ידוע</ManufactureCountry>
      <ManufacturerItemDescription>גפרורים                            1/10</ManufacturerItemDescription>
      <UnitQty>Unknown </UnitQty>
      <Quantity>0.00</Quantity>
      <UnitOfMeasure>Unknown </UnitOfMeasure>
      <bIsWeighted>0</bIsWeighted>
      <QtyInPackage>1</QtyInPackage>
      <ItemPrice>4.30</ItemPrice>
      <UnitOfMeasurePrice>0.0000</UnitOfMeasurePrice>
      <AllowDiscount>1</AllowDiscount>
      <ItemStatus>1</ItemStatus>
      <ItemId>24228</ItemId>
    </Item>
    <Item>
      <PriceUpdateDate>2015-10-14 08:32:31</PriceUpdateDate>
      <ItemCode>7290010237685</ItemCode>
      <ItemType>1</ItemType>
      <ItemName>בירה הייניקן בקבוק</ItemName>
      <ManufacturerName>טמפו</ManufacturerName>
      <ManufactureCountry>ישראל</ManufactureCountry>
      <ManufacturerItemDescription>בירה הייניקן בקבוק  330 מל</ManufacturerItemDescription>
      <UnitQty>מיליליטרים</UnitQty>
      <Quantity>330.00</Quantity>
      <UnitOfMeasure>100 מ"ל</UnitOfMeasure>
      <bIsWeighted>0</bIsWeighted>
      <QtyInPackage>1</QtyInPackage>
      <ItemPrice>8.20</ItemPrice>
      <UnitOfMeasurePrice>2.4848</UnitOfMeasurePrice>
      <AllowDiscount>1</AllowDiscount>
      <ItemStatus>1</ItemStatus>
      <ItemId>24300</ItemId>
    </Item>
    <Item>
      <PriceUpdateDate>2015-10-01 06:15:01</PriceUpdateDate>
      <ItemCode>6281001510390</ItemCode>
      <ItemType>1</ItemType>
      <ItemName>קולגייט מברשת שיניים</ItemName>
      <ManufacturerName>COLGATE ($) -PALMOLI</ManufacturerName>
      <ManufactureCountry>סין</ManufactureCountry>
      <ManufacturerItemDescription>קולגייט מברשת שיניים הראשונה</ManufacturerItemDescription>
      <UnitQty>Unknown </UnitQty>
      <Quantity>0.00</Quantity>
      <UnitOfMeasure>Unknown </UnitOfMeasure>
      <bIsWeighted>0</bIsWeighted>
      <QtyInPackage>1</QtyInPackage>
      <ItemPrice>19.70</ItemPrice>
      <UnitOfMeasurePrice>0.0000</UnitOfMeasurePrice>
      <AllowDiscount>1</AllowDiscount>
      <ItemStatus>1</ItemStatus>
      <ItemId>24335</ItemId>
    </Item>
    <Item>
      <PriceUpdateDate>2015-10-15 09:09:58</PriceUpdateDate>
      <ItemCode>7290010237890</ItemCode>
      <ItemType>1</ItemType>
      <ItemName>בירה היינקן בקבוק חו</ItemName>
      <ManufacturerName>טמפו</ManufacturerName>
      <ManufactureCountry>ישראל</ManufactureCountry>
      <ManufacturerItemDescription>בירה היינקן.500 מל בקבוק חוזר</ManufacturerItemDescription>
      <UnitQty>מיליליטרים</UnitQty>
      <Quantity>500.00</Quantity>
      <UnitOfMeasure>100 מ"ל</UnitOfMeasure>
      <bIsWeighted>0</bIsWeighted>
      <QtyInPackage>1</QtyInPackage>
      <ItemPrice>10.20</ItemPrice>
      <UnitOfMeasurePrice>2.0400</UnitOfMeasurePrice>
      <AllowDiscount>1</AllowDiscount>
      <ItemStatus>1</ItemStatus>
      <ItemId>24339</ItemId>
    </Item>
    <Item>
      <PriceUpdateDate>2015-10-01 06:14:04</PriceUpdateDate>
      <ItemCode>7290013056238</ItemCode>
      <ItemType>1</ItemType>
      <ItemName>תרחיץ פנים מגה</ItemName>
      <ManufacturerName>יושלם</ManufacturerName>
      <ManufactureCountry>יושלם</ManufactureCountry>
      <ManufacturerItemDescription>תרחיץ פנים" מגה 200 "מ"ל</ManufacturerItemDescription>
      <UnitQty>מיליליטרים</UnitQty>
      <Quantity>200.00</Quantity>
      <UnitOfMeasure>100 מ"ל</UnitOfMeasure>
      <bIsWeighted>0</bIsWeighted>
      <QtyInPackage>1</QtyInPackage>
      <ItemPrice>16.70</ItemPrice>
      <UnitOfMeasurePrice>8.3500</UnitOfMeasurePrice>
      <AllowDiscount>1</AllowDiscount>
      <ItemStatus>1</ItemStatus>
      <ItemId>76735</ItemId>
    </Item>
    <Item>
      <PriceUpdateDate>2015-10-01 06:14:36</PriceUpdateDate>
      <ItemCode>7290000133645</ItemCode>
      <ItemType>1</ItemType>
      <ItemName>אורביטול סודה   1/3</ItemName>
      <ManufacturerName>טרופיקל דגיל</ManufacturerName>
      <ManufactureCountry>ישראל</ManufactureCountry>
      <ManufacturerItemDescription>אורביטול משחת שיניים סודה           1/3</ManufacturerItemDescription>
      <UnitQty>גרמים</UnitQty>
      <Quantity>435.00</Quantity>
      <UnitOfMeasure>100 גרם</UnitOfMeasure>
      <bIsWeighted>0</bIsWeighted>
      <QtyInPackage>3</QtyInPackage>
      <ItemPrice>18.70</ItemPrice>
      <UnitOfMeasurePrice>4.2989</UnitOfMeasurePrice>
      <AllowDiscount>1</AllowDiscount>
      <ItemStatus>1</ItemStatus>
      <ItemId>24600</ItemId>
    </Item>
    <Item>
      <PriceUpdateDate>2015-10-01 06:15:14</PriceUpdateDate>
      <ItemCode>7290010237531</ItemCode>
      <ItemType>1</ItemType>
      <ItemName>פפסי קולה       500</ItemName>
      <ManufacturerName>טמפו</ManufacturerName>
      <ManufactureCountry>ישראל</ManufactureCountry>
      <ManufacturerItemDescription>פפסי קולה 500 מל</ManufacturerItemDescription>
      <UnitQty>מיליליטרים</UnitQty>
      <Quantity>500.00</Quantity>
      <UnitOfMeasure>100 מ"ל</UnitOfMeasure>
      <bIsWeighted>0</bIsWeighted>
      <QtyInPackage>1</QtyInPackage>
      <ItemPrice>6.90</ItemPrice>
      <UnitOfMeasurePrice>1.3800</UnitOfMeasurePrice>
      <AllowDiscount>1</AllowDiscount>
      <ItemStatus>1</ItemStatus>
      <ItemId>24616</ItemId>
    </Item>
    <Item>
      <PriceUpdateDate>2015-10-01 06:15:14</PriceUpdateDate>
      <ItemCode>7290010237548</ItemCode>
      <ItemType>1</ItemType>
      <ItemName>פפסי מקס        500</ItemName>
      <ManufacturerName>טמפו</ManufacturerName>
      <ManufactureCountry>ישראל</ManufactureCountry>
      <ManufacturerItemDescription>פפסי מקס 500 מל</ManufacturerItemDescription>
      <UnitQty>מיליליטרים</UnitQty>
      <Quantity>500.00</Quantity>
      <UnitOfMeasure>100 מ"ל</UnitOfMeasure>
      <bIsWeighted>0</bIsWeighted>
      <QtyInPackage>1</QtyInPackage>
      <ItemPrice>6.90</ItemPrice>
      <UnitOfMeasurePrice>1.3800</UnitOfMeasurePrice>
      <AllowDiscount>1</AllowDiscount>
      <ItemStatus>1</ItemStatus>
      <ItemId>24617</ItemId>
    </Item>
    <Item>
      <PriceUpdateDate>2015-10-01 06:15:14</PriceUpdateDate>
      <ItemCode>7290010237579</ItemCode>
      <ItemType>1</ItemType>
      <ItemName>סבן אפ          500</ItemName>
      <ManufacturerName>טמפו</ManufacturerName>
      <ManufactureCountry>ישראל</ManufactureCountry>
      <ManufacturerItemDescription>סבן אפ 500 מל</ManufacturerItemDescription>
      <UnitQty>מיליליטרים</UnitQty>
      <Quantity>500.00</Quantity>
      <UnitOfMeasure>100 מ"ל</UnitOfMeasure>
      <bIsWeighted>0</bIsWeighted>
      <QtyInPackage>1</QtyInPackage>
      <ItemPrice>6.90</ItemPrice>
      <UnitOfMeasurePrice>1.3800</UnitOfMeasurePrice>
      <AllowDiscount>1</AllowDiscount>
      <ItemStatus>1</ItemStatus>
      <ItemId>24618</ItemId>
    </Item>
    <Item>
      <PriceUpdateDate>2015-10-01 06:15:14</PriceUpdateDate>
      <ItemCode>7290010237586</ItemCode>
      <ItemType>1</ItemType>
      <ItemName>דיאט סבן אפ     500</ItemName>
      <ManufacturerName>טמפו</ManufacturerName>
      <ManufactureCountry>ישראל</ManufactureCountry>
      <ManufacturerItemDescription>דיאט סבן אפ 500 מל</ManufacturerItemDescription>
      <UnitQty>מיליליטרים</UnitQty>
      <Quantity>500.00</Quantity>
      <UnitOfMeasure>100 מ"ל</UnitOfMeasure>
      <bIsWeighted>0</bIsWeighted>
      <QtyInPackage>1</QtyInPackage>
      <ItemPrice>6.90</ItemPrice>
      <UnitOfMeasurePrice>1.3800</UnitOfMeasurePrice>
      <AllowDiscount>1</AllowDiscount>
      <ItemStatus>1</ItemStatus>
      <ItemId>24619</ItemId>
    </Item>
    <Item>
      <PriceUpdateDate>2015-01-01 00:00:00</PriceUpdateDate>
      <ItemCode>42102021</ItemCode>
      <ItemType>1</ItemType>
      <ItemName>אורביט פרופשיונל</ItemName>
      <ManufacturerName>ריגלי</ManufacturerName>
      <ManufactureCountry>פולין</ManufactureCountry>
      <ManufacturerItemDescription>אורביט פרופשיונל</ManufacturerItemDescription>
      <UnitQty>Unknown </UnitQty>
      <Quantity>0.00</Quantity>
      <UnitOfMeasure>Unknown </UnitOfMeasure>
      <bIsWeighted>0</bIsWeighted>
      <QtyInPackage>1</QtyInPackage>
      <ItemPrice>3.50</ItemPrice>
      <UnitOfMeasurePrice>0.0000</UnitOfMeasurePrice>
      <AllowDiscount>1</AllowDiscount>
      <ItemStatus>1</ItemStatus>
      <ItemId>24627</ItemId>
    </Item>
    <Item>
      <PriceUpdateDate>2015-10-01 06:18:50</PriceUpdateDate>
      <ItemCode>8002450001103</ItemCode>
      <ItemType>1</ItemType>
      <ItemName>ורדי ספומנטה חצי מתו</ItemName>
      <ManufacturerName>יקב</ManufacturerName>
      <ManufactureCountry>איטליה</ManufactureCountry>
      <ManufacturerItemDescription>ורדי ספומנטה חצי מתוק               750</ManufacturerItemDescription>
      <UnitQty>מיליליטרים</UnitQty>
      <Quantity>750.00</Quantity>
      <UnitOfMeasure>100 מ"ל</UnitOfMeasure>
      <bIsWeighted>0</bIsWeighted>
      <QtyInPackage>1</QtyInPackage>
      <ItemPrice>31.20</ItemPrice>
      <UnitOfMeasurePrice>4.1600</UnitOfMeasurePrice>
      <AllowDiscount>1</AllowDiscount>
      <ItemStatus>1</ItemStatus>
      <ItemId>24659</ItemId>
    </Item>
    <Item>
      <PriceUpdateDate>2015-10-01 06:16:16</PriceUpdateDate>
      <ItemCode>3046920028363</ItemCode>
      <ItemType>1</ItemType>
      <ItemName>שוקולד לינדט אקסלנס</ItemName>
      <ManufacturerName>לינדט</ManufacturerName>
      <ManufactureCountry>צרפת</ManufactureCountry>
      <ManufacturerItemDescription>שוקולד לינדט אקסלנס100 85% גרם</ManufacturerItemDescription>
      <UnitQty>גרמים</UnitQty>
      <Quantity>100.00</Quantity>
      <UnitOfMeasure>100 גרם</UnitOfMeasure>
      <bIsWeighted>0</bIsWeighted>
      <QtyInPackage>1</QtyInPackage>
      <ItemPrice>17.30</ItemPrice>
      <UnitOfMeasurePrice>17.3000</UnitOfMeasurePrice>
      <AllowDiscount>1</AllowDiscount>
      <ItemStatus>1</ItemStatus>
      <ItemId>24795</ItemId>
    </Item>
    <Item>
      <PriceUpdateDate>2015-10-01 06:16:16</PriceUpdateDate>
      <ItemCode>3046920028370</ItemCode>
      <ItemType>1</ItemType>
      <ItemName>שוקולד אקסלנס תפוז</ItemName>
      <ManufacturerName>לינדט</ManufacturerName>
      <ManufactureCountry>שוויץ</ManufactureCountry>
      <ManufacturerItemDescription>שוקולד לינדט אקסלנס תפוז100 גר</ManufacturerItemDescription>
      <UnitQty>גרמים</UnitQty>
      <Quantity>100.00</Quantity>
      <UnitOfMeasure>100 גרם</UnitOfMeasure>
      <bIsWeighted>0</bIsWeighted>
      <QtyInPackage>1</QtyInPackage>
      <ItemPrice>17.30</ItemPrice>
      <UnitOfMeasurePrice>17.3000</UnitOfMeasurePrice>
      <AllowDiscount>1</AllowDiscount>
      <ItemStatus>1</ItemStatus>
      <ItemId>24796</ItemId>
    </Item>
    <Item>
      <PriceUpdateDate>2015-08-02 08:17:47</PriceUpdateDate>
      <ItemCode>7290000356662</ItemCode>
      <ItemType>1</ItemType>
      <ItemName>עגבניות מרוסקות בתוס</ItemName>
      <ManufacturerName>ויטה פרי גליל</ManufacturerName>
      <ManufactureCountry>ישראל</ManufactureCountry>
      <ManufacturerItemDescription>עגב.מרוסקת בזיל. 300X2טל</ManufacturerItemDescription>
      <UnitQty>קילוגרמים</UnitQty>
      <Quantity>1.00</Quantity>
      <UnitOfMeasure>ק"ג</UnitOfMeasure>
      <bIsWeighted>0</bIsWeighted>
      <QtyInPackage>1</QtyInPackage>
      <ItemPrice>10.90</ItemPrice>
      <UnitOfMeasurePrice>10.9000</UnitOfMeasurePrice>
      <AllowDiscount>1</AllowDiscount>
      <ItemStatus>1</ItemStatus>
      <ItemId>25033</ItemId>
    </Item>
    <Item>
      <PriceUpdateDate>2015-10-01 06:17:27</PriceUpdateDate>
      <ItemCode>7290010332649</ItemCode>
      <ItemType>1</ItemType>
      <ItemName>אולדייז חוטיני 72 יח</ItemName>
      <ManufacturerName>פרוקטר אנד גמבל</ManufacturerName>
      <ManufactureCountry>לא ידוע</ManufactureCountry>
      <ManufacturerItemDescription>אולדייז חוטיני 72 יחידות</ManufacturerItemDescription>
      <UnitQty>Unknown </UnitQty>
      <Quantity>0.00</Quantity>
      <UnitOfMeasure>Unknown </UnitOfMeasure>
      <bIsWeighted>0</bIsWeighted>
      <QtyInPackage>1</QtyInPackage>
      <ItemPrice>29.40</ItemPrice>
      <UnitOfMeasurePrice>0.0000</UnitOfMeasurePrice>
      <AllowDiscount>1</AllowDiscount>
      <ItemStatus>1</ItemStatus>
      <ItemId>25038</ItemId>
    </Item>
    <Item>
      <PriceUpdateDate>2015-10-01 06:15:01</PriceUpdateDate>
      <ItemCode>7290100653586</ItemCode>
      <ItemType>1</ItemType>
      <ItemName>ליידי ספיד סטיק ורוד</ItemName>
      <ManufacturerName>COLGATE ($) -PALMOLI</ManufacturerName>
      <ManufactureCountry>ארצות הברית</ManufactureCountry>
      <ManufacturerItemDescription>ליידי ספיד סטיק 24/7 גל ורוד</ManufacturerItemDescription>
      <UnitQty>Unknown </UnitQty>
      <Quantity>0.00</Quantity>
      <UnitOfMeasure>Unknown </UnitOfMeasure>
      <bIsWeighted>0</bIsWeighted>
      <QtyInPackage>1</QtyInPackage>
      <ItemPrice>29.60</ItemPrice>
      <UnitOfMeasurePrice>0.0000</UnitOfMeasurePrice>
      <AllowDiscount>1</AllowDiscount>
      <ItemStatus>1</ItemStatus>
      <ItemId>25066</ItemId>
    </Item>
    <Item>
      <PriceUpdateDate>2015-10-02 09:08:56</PriceUpdateDate>
      <ItemCode>7290005938245</ItemCode>
      <ItemType>1</ItemType>
      <ItemName>פסטו קלאסי</ItemName>
      <ManufacturerName>פרסקו חצבה</ManufacturerName>
      <ManufactureCountry>ישראל</ManufactureCountry>
      <ManufacturerItemDescription>פסטו קלאסי 220 ג</ManufacturerItemDescription>
      <UnitQty>גרמים</UnitQty>
      <Quantity>220.00</Quantity>
      <UnitOfMeasure>100 גרם</UnitOfMeasure>
      <bIsWeighted>0</bIsWeighted>
      <QtyInPackage>1</QtyInPackage>
      <ItemPrice>19.90</ItemPrice>
      <UnitOfMeasurePrice>9.0455</UnitOfMeasurePrice>
      <AllowDiscount>1</AllowDiscount>
      <ItemStatus>1</ItemStatus>
      <ItemId>25162</ItemId>
    </Item>
    <Item>
      <PriceUpdateDate>2015-10-01 06:19:30</PriceUpdateDate>
      <ItemCode>7290008409124</ItemCode>
      <ItemType>1</ItemType>
      <ItemName>שניצל גונגל מאמא עוף</ItemName>
      <ManufacturerName>תנובה</ManufacturerName>
      <ManufactureCountry>ישראל</ManufactureCountry>
      <ManufacturerItemDescription>שניצל גונגל מאמא עוף 700 גרם</ManufacturerItemDescription>
      <UnitQty>גרמים</UnitQty>
      <Quantity>700.00</Quantity>
      <UnitOfMeasure>100 גרם</UnitOfMeasure>
      <bIsWeighted>0</bIsWeighted>
      <QtyInPackage>1</QtyInPackage>
      <ItemPrice>36.50</ItemPrice>
      <UnitOfMeasurePrice>5.2143</UnitOfMeasurePrice>
      <AllowDiscount>1</AllowDiscount>
      <ItemStatus>1</ItemStatus>
      <ItemId>25193</ItemId>
    </Item>
    <Item>
      <PriceUpdateDate>2015-01-01 00:00:00</PriceUpdateDate>
      <ItemCode>7290005938238</ItemCode>
      <ItemType>1</ItemType>
      <ItemName>צימצורי</ItemName>
      <ManufacturerName>נטו מלינדה סיימן</ManufacturerName>
      <ManufactureCountry>ישראל</ManufactureCountry>
      <ManufacturerItemDescription>צימצורי 220 גר</ManufacturerItemDescription>
      <UnitQty>גרמים</UnitQty>
      <Quantity>220.00</Quantity>
      <UnitOfMeasure>100 גרם</UnitOfMeasure>
      <bIsWeighted>0</bIsWeighted>
      <QtyInPackage>1</QtyInPackage>
      <ItemPrice>17.50</ItemPrice>
      <UnitOfMeasurePrice>7.9545</UnitOfMeasurePrice>
      <AllowDiscount>1</AllowDiscount>
      <ItemStatus>1</ItemStatus>
      <ItemId>25259</ItemId>
    </Item>
    <Item>
      <PriceUpdateDate>2015-05-17 15:41:56</PriceUpdateDate>
      <ItemCode>5906485301012</ItemCode>
      <ItemType>1</ItemType>
      <ItemName>משקה אנרגיה      XL</ItemName>
      <ManufacturerName>טמפו</ManufacturerName>
      <ManufactureCountry>ישראל</ManufactureCountry>
      <ManufacturerItemDescription>משקה אנרגיה XL מל                  250</ManufacturerItemDescription>
      <UnitQty>מיליליטרים</UnitQty>
      <Quantity>250.00</Quantity>
      <UnitOfMeasure>100 מ"ל</UnitOfMeasure>
      <bIsWeighted>0</bIsWeighted>
      <QtyInPackage>1</QtyInPackage>
      <ItemPrice>5.20</ItemPrice>
      <UnitOfMeasurePrice>2.0800</UnitOfMeasurePrice>
      <AllowDiscount>1</AllowDiscount>
      <ItemStatus>1</ItemStatus>
      <ItemId>25560</ItemId>
    </Item>
    <Item>
      <PriceUpdateDate>2015-10-01 06:16:51</PriceUpdateDate>
      <ItemCode>7290006271631</ItemCode>
      <ItemType>1</ItemType>
      <ItemName>ריבועי פיצה זיתים</ItemName>
      <ManufacturerName>מעדנות</ManufacturerName>
      <ManufactureCountry>ישראל</ManufactureCountry>
      <ManufacturerItemDescription>ריבועי פיצה זיתים בתבנית מעדנו</ManufacturerItemDescription>
      <UnitQty>גרמים</UnitQty>
      <Quantity>710.00</Quantity>
      <UnitOfMeasure>100 גרם</UnitOfMeasure>
      <bIsWeighted>0</bIsWeighted>
      <QtyInPackage>1</QtyInPackage>
      <ItemPrice>36.50</ItemPrice>
      <UnitOfMeasurePrice>5.1408</UnitOfMeasurePrice>
      <AllowDiscount>1</AllowDiscount>
      <ItemStatus>1</ItemStatus>
      <ItemId>25715</ItemId>
    </Item>
    <Item>
      <PriceUpdateDate>2015-10-01 06:15:17</PriceUpdateDate>
      <ItemCode>7290000416854</ItemCode>
      <ItemType>1</ItemType>
      <ItemName>קקאו השחר העולה</ItemName>
      <ManufacturerName>השחר</ManufacturerName>
      <ManufactureCountry>ישראל</ManufactureCountry>
      <ManufacturerItemDescription>קקאו השחר העולה150 גר                  .</ManufacturerItemDescription>
      <UnitQty>גרמים</UnitQty>
      <Quantity>150.00</Quantity>
      <UnitOfMeasure>100 גרם</UnitOfMeasure>
      <bIsWeighted>0</bIsWeighted>
      <QtyInPackage>1</QtyInPackage>
      <ItemPrice>10.90</ItemPrice>
      <UnitOfMeasurePrice>7.2667</UnitOfMeasurePrice>
      <AllowDiscount>1</AllowDiscount>
      <ItemStatus>1</ItemStatus>
      <ItemId>25722</ItemId>
    </Item>
    <Item>
      <PriceUpdateDate>2015-10-01 06:13:18</PriceUpdateDate>
      <ItemCode>7290010429301</ItemCode>
      <ItemType>1</ItemType>
      <ItemName>מעדן תות 100% פרי</ItemName>
      <ManufacturerName>בית אל מזון בע"מ</ManufacturerName>
      <ManufactureCountry>ישראל</ManufactureCountry>
      <ManufacturerItemDescription>מעדן תות 100% פרי 250 גרם</ManufacturerItemDescription>
      <UnitQty>גרמים</UnitQty>
      <Quantity>250.00</Quantity>
      <UnitOfMeasure>100 גרם</UnitOfMeasure>
      <bIsWeighted>0</bIsWeighted>
      <QtyInPackage>1</QtyInPackage>
      <ItemPrice>14.20</ItemPrice>
      <UnitOfMeasurePrice>5.6800</UnitOfMeasurePrice>
      <AllowDiscount>1</AllowDiscount>
      <ItemStatus>1</ItemStatus>
      <ItemId>25733</ItemId>
    </Item>
    <Item>
      <PriceUpdateDate>2015-10-01 06:13:18</PriceUpdateDate>
      <ItemCode>7290010429318</ItemCode>
      <ItemType>1</ItemType>
      <ItemName>מעדן פירות יער 100%</ItemName>
      <ManufacturerName>בית אל מזון בע"מ</ManufacturerName>
      <ManufactureCountry>ישראל</ManufactureCountry>
      <ManufacturerItemDescription>מעדן פירות יער 100% פרי 250 גר</ManufacturerItemDescription>
      <UnitQty>גרמים</UnitQty>
      <Quantity>250.00</Quantity>
      <UnitOfMeasure>100 גרם</UnitOfMeasure>
      <bIsWeighted>0</bIsWeighted>
      <QtyInPackage>1</QtyInPackage>
      <ItemPrice>14.20</ItemPrice>
      <UnitOfMeasurePrice>5.6800</UnitOfMeasurePrice>
      <AllowDiscount>1</AllowDiscount>
      <ItemStatus>1</ItemStatus>
      <ItemId>25734</ItemId>
    </Item>
    <Item>
      <PriceUpdateDate>2015-08-02 08:18:34</PriceUpdateDate>
      <ItemCode>7290004131531</ItemCode>
      <ItemType>1</ItemType>
      <ItemName>שוקו תנובה 1 ליטר</ItemName>
      <ManufacturerName>תנובה מרכז שיתופי לש</ManufacturerName>
      <ManufactureCountry>ישראל</ManufactureCountry>
      <ManufacturerItemDescription>שוקו תנובה בקבוק 1 ליטר</ManufacturerItemDescription>
      <UnitQty>ליטרים</UnitQty>
      <Quantity>1.00</Quantity>
      <UnitOfMeasure>ליטר</UnitOfMeasure>
      <bIsWeighted>0</bIsWeighted>
      <QtyInPackage>1</QtyInPackage>
      <ItemPrice>12.60</ItemPrice>
      <UnitOfMeasurePrice>12.6000</UnitOfMeasurePrice>
      <AllowDiscount>1</AllowDiscount>
      <ItemStatus>1</ItemStatus>
      <ItemId>28233</ItemId>
    </Item>
    <Item>
      <PriceUpdateDate>2015-08-14 07:09:07</PriceUpdateDate>
      <ItemCode>7290002008019</ItemCode>
      <ItemType>1</ItemType>
      <ItemName>סוכ.לעוגה שוקו</ItemName>
      <ManufacturerName>ממתקי עלה</ManufacturerName>
      <ManufactureCountry>ישראל</ManufactureCountry>
      <ManufacturerItemDescription>סוכריות לעוגה גמבו שוקו 200 גר</ManufacturerItemDescription>
      <UnitQty>גרמים</UnitQty>
      <Quantity>200.00</Quantity>
      <UnitOfMeasure>100 גרם</UnitOfMeasure>
      <bIsWeighted>0</bIsWeighted>
      <QtyInPackage>1</QtyInPackage>
      <ItemPrice>9.40</ItemPrice>
      <UnitOfMeasurePrice>4.7000</UnitOfMeasurePrice>
      <AllowDiscount>1</AllowDiscount>
      <ItemStatus>1</ItemStatus>
      <ItemId>28248</ItemId>
    </Item>
    <Item>
      <PriceUpdateDate>2015-10-01 06:14:37</PriceUpdateDate>
      <ItemCode>7290004731137</ItemCode>
      <ItemType>1</ItemType>
      <ItemName>קרם ידיים לעור יבש</ItemName>
      <ManufacturerName>קוסמופארם</ManufacturerName>
      <ManufactureCountry>ישראל</ManufactureCountry>
      <ManufacturerItemDescription>קרמה קרם ידיים לעור יבש100  מל</ManufacturerItemDescription>
      <UnitQty>מיליליטרים</UnitQty>
      <Quantity>100.00</Quantity>
      <UnitOfMeasure>100 מ"ל</UnitOfMeasure>
      <bIsWeighted>0</bIsWeighted>
      <QtyInPackage>1</QtyInPackage>
      <ItemPrice>11.80</ItemPrice>
      <UnitOfMeasurePrice>11.8000</UnitOfMeasurePrice>
      <AllowDiscount>1</AllowDiscount>
      <ItemStatus>1</ItemStatus>
      <ItemId>28269</ItemId>
    </Item>
    <Item>
      <PriceUpdateDate>2015-10-01 06:14:37</PriceUpdateDate>
      <ItemCode>7290005427978</ItemCode>
      <ItemType>1</ItemType>
      <ItemName>קרמה תרחיץ פנים 180</ItemName>
      <ManufacturerName>קוסמופארם</ManufacturerName>
      <ManufactureCountry>ישראל</ManufactureCountry>
      <ManufacturerItemDescription>קרמה תרחיץ פנים 180  מל</ManufacturerItemDescription>
      <UnitQty>מיליליטרים</UnitQty>
      <Quantity>180.00</Quantity>
      <UnitOfMeasure>100 מ"ל</UnitOfMeasure>
      <bIsWeighted>0</bIsWeighted>
      <QtyInPackage>1</QtyInPackage>
      <ItemPrice>19.70</ItemPrice>
      <UnitOfMeasurePrice>10.9444</UnitOfMeasurePrice>
      <AllowDiscount>1</AllowDiscount>
      <ItemStatus>1</ItemStatus>
      <ItemId>28271</ItemId>
    </Item>
    <Item>
      <PriceUpdateDate>2015-10-01 06:14:37</PriceUpdateDate>
      <ItemCode>7290005427985</ItemCode>
      <ItemType>1</ItemType>
      <ItemName>קרמה תרחיץ פנים</ItemName>
      <ManufacturerName>קוסמופארם</ManufacturerName>
      <ManufactureCountry>ישראל</ManufactureCountry>
      <ManufacturerItemDescription>קרמה תרחיץ פנים גרגירי פילינג</ManufacturerItemDescription>
      <UnitQty>גרמים</UnitQty>
      <Quantity>180.00</Quantity>
      <UnitOfMeasure>100 גרם</UnitOfMeasure>
      <bIsWeighted>0</bIsWeighted>
      <QtyInPackage>1</QtyInPackage>
      <ItemPrice>19.70</ItemPrice>
      <UnitOfMeasurePrice>10.9444</UnitOfMeasurePrice>
      <AllowDiscount>1</AllowDiscount>
      <ItemStatus>1</ItemStatus>
      <ItemId>28272</ItemId>
    </Item>
    <Item>
      <PriceUpdateDate>2016-04-03 10:20:03</PriceUpdateDate>
      <ItemCode>7290100658338</ItemCode>
      <ItemType>1</ItemType>
      <ItemName>פלמוליב לכלים כחול</ItemName>
      <ManufacturerName>COLGATE (Greece)-PAL</ManufacturerName>
      <ManufactureCountry>יוון</ManufactureCountry>
      <ManufacturerItemDescription>פלמוליב כלים כחול 750 מל</ManufacturerItemDescription>
      <UnitQty>מיליליטרים</UnitQty>
      <Quantity>750.00</Quantity>
      <UnitOfMeasure>100 מ"ל</UnitOfMeasure>
      <bIsWeighted>0</bIsWeighted>
      <QtyInPackage>1</QtyInPackage>
      <ItemPrice>12.90</ItemPrice>
      <UnitOfMeasurePrice>1.7200</UnitOfMeasurePrice>
      <AllowDiscount>1</AllowDiscount>
      <ItemStatus>1</ItemStatus>
      <ItemId>29294</ItemId>
    </Item>
    <Item>
      <PriceUpdateDate>2015-10-01 06:21:28</PriceUpdateDate>
      <ItemCode>5010103800051</ItemCode>
      <ItemType>1</ItemType>
      <ItemName>ויסקי גאנד בי   200</ItemName>
      <ManufacturerName>יושלם</ManufacturerName>
      <ManufactureCountry>יושלם</ManufactureCountry>
      <ManufacturerItemDescription>ויסקי גאנד בי 200 מל</ManufacturerItemDescription>
      <UnitQty>מיליליטרים</UnitQty>
      <Quantity>200.00</Quantity>
      <UnitOfMeasure>100 מ"ל</UnitOfMeasure>
      <bIsWeighted>0</bIsWeighted>
      <QtyInPackage>1</QtyInPackage>
      <ItemPrice>54.80</ItemPrice>
      <UnitOfMeasurePrice>27.4000</UnitOfMeasurePrice>
      <AllowDiscount>1</AllowDiscount>
      <ItemStatus>1</ItemStatus>
      <ItemId>29659</ItemId>
    </Item>
    <Item>
      <PriceUpdateDate>2015-01-01 00:00:00</PriceUpdateDate>
      <ItemCode>7290000262239</ItemCode>
      <ItemType>1</ItemType>
      <ItemName>נייר טואלט מולט</ItemName>
      <ManufacturerName>חוגלה קימברלי</ManufacturerName>
      <ManufactureCountry>ישראל</ManufactureCountry>
      <ManufacturerItemDescription>נייר טואלט מולט לבבות              1/48</ManufacturerItemDescription>
      <UnitQty>מטרים</UnitQty>
      <Quantity>88320.00</Quantity>
      <UnitOfMeasure>מטר</UnitOfMeasure>
      <bIsWeighted>0</bIsWeighted>
      <QtyInPackage>1</QtyInPackage>
      <ItemPrice>38.90</ItemPrice>
      <UnitOfMeasurePrice>0.0004</UnitOfMeasurePrice>
      <AllowDiscount>1</AllowDiscount>
      <ItemStatus>1</ItemStatus>
      <ItemId>29675</ItemId>
    </Item>
    <Item>
      <PriceUpdateDate>2016-01-21 09:58:48</PriceUpdateDate>
      <ItemCode>7290000484525</ItemCode>
      <ItemType>1</ItemType>
      <ItemName>עלית הארק       40%</ItemName>
      <ManufacturerName>יקבי הגליל יוסף</ManufacturerName>
      <ManufactureCountry>ישראל</ManufactureCountry>
      <ManufacturerItemDescription>עלית הארק 750 40% מ"ל</ManufacturerItemDescription>
      <UnitQty>מיליליטרים</UnitQty>
      <Quantity>750.00</Quantity>
      <UnitOfMeasure>100 מ"ל</UnitOfMeasure>
      <bIsWeighted>0</bIsWeighted>
      <QtyInPackage>1</QtyInPackage>
      <ItemPrice>70.20</ItemPrice>
      <UnitOfMeasurePrice>9.3600</UnitOfMeasurePrice>
      <AllowDiscount>1</AllowDiscount>
      <ItemStatus>1</ItemStatus>
      <ItemId>93243</ItemId>
    </Item>
    <Item>
      <PriceUpdateDate>2016-03-29 10:13:52</PriceUpdateDate>
      <ItemCode>7290003220731</ItemCode>
      <ItemType>1</ItemType>
      <ItemName>רוטב צ"ילי מתוק כתום</ItemName>
      <ManufacturerName>THAI PREEDA TRADING</ManufacturerName>
      <ManufactureCountry>תאילנד</ManufactureCountry>
      <ManufacturerItemDescription>רוטב צ"ילי מתוק כתום 700 מ"ל          W</ManufacturerItemDescription>
      <UnitQty>מיליליטרים</UnitQty>
      <Quantity>700.00</Quantity>
      <UnitOfMeasure>100 מ"ל</UnitOfMeasure>
      <bIsWeighted>0</bIsWeighted>
      <QtyInPackage>1</QtyInPackage>
      <ItemPrice>14.90</ItemPrice>
      <UnitOfMeasurePrice>2.1286</UnitOfMeasurePrice>
      <AllowDiscount>1</AllowDiscount>
      <ItemStatus>1</ItemStatus>
      <ItemId>73176</ItemId>
    </Item>
    <Item>
      <PriceUpdateDate>2015-10-01 06:13:37</PriceUpdateDate>
      <ItemCode>7290000161648</ItemCode>
      <ItemType>1</ItemType>
      <ItemName>חטיף קליק IN במילוי</ItemName>
      <ManufacturerName>אתר צפת חטיפים - Foo</ManufacturerName>
      <ManufactureCountry>ישראל</ManufactureCountry>
      <ManufacturerItemDescription>חטיף קליק IN במילוי קרם חלב</ManufacturerItemDescription>
      <UnitQty>Unknown </UnitQty>
      <Quantity>0.00</Quantity>
      <UnitOfMeasure>Unknown </UnitOfMeasure>
      <bIsWeighted>0</bIsWeighted>
      <QtyInPackage>1</QtyInPackage>
      <ItemPrice>5.80</ItemPrice>
      <UnitOfMeasurePrice>0.0000</UnitOfMeasurePrice>
      <AllowDiscount>1</AllowDiscount>
      <ItemStatus>1</ItemStatus>
      <ItemId>30105</ItemId>
    </Item>
    <Item>
      <PriceUpdateDate>2015-10-01 06:16:28</PriceUpdateDate>
      <ItemCode>7290000189208</ItemCode>
      <ItemType>1</ItemType>
      <ItemName>מטלית הקסם למשטח</ItemName>
      <ManufacturerName>UFO</ManufacturerName>
      <ManufactureCountry>סין</ManufactureCountry>
      <ManufacturerItemDescription>מטלית הקסם ניקול למשטח</ManufacturerItemDescription>
      <UnitQty>Unknown </UnitQty>
      <Quantity>0.00</Quantity>
      <UnitOfMeasure>Unknown </UnitOfMeasure>
      <bIsWeighted>0</bIsWeighted>
      <QtyInPackage>1</QtyInPackage>
      <ItemPrice>8.80</ItemPrice>
      <UnitOfMeasurePrice>0.0000</UnitOfMeasurePrice>
      <AllowDiscount>1</AllowDiscount>
      <ItemStatus>1</ItemStatus>
      <ItemId>30107</ItemId>
    </Item>
    <Item>
      <PriceUpdateDate>2015-10-01 06:16:28</PriceUpdateDate>
      <ItemCode>7290000189215</ItemCode>
      <ItemType>1</ItemType>
      <ItemName>מטלית הקסם לרצפה</ItemName>
      <ManufacturerName>UFO</ManufacturerName>
      <ManufactureCountry>סין</ManufactureCountry>
      <ManufacturerItemDescription>מטלית הקסם ניקול לרצפה</ManufacturerItemDescription>
      <UnitQty>Unknown </UnitQty>
      <Quantity>0.00</Quantity>
      <UnitOfMeasure>Unknown </UnitOfMeasure>
      <bIsWeighted>0</bIsWeighted>
      <QtyInPackage>1</QtyInPackage>
      <ItemPrice>14.80</ItemPrice>
      <UnitOfMeasurePrice>0.0000</UnitOfMeasurePrice>
      <AllowDiscount>1</AllowDiscount>
      <ItemStatus>1</ItemStatus>
      <ItemId>30108</ItemId>
    </Item>
    <Item>
      <PriceUpdateDate>2015-10-01 06:16:28</PriceUpdateDate>
      <ItemCode>7290000189550</ItemCode>
      <ItemType>1</ItemType>
      <ItemName>ש.אשפה מתכלות זוג</ItemName>
      <ManufacturerName>אשפלסט</ManufacturerName>
      <ManufactureCountry>ישראל</ManufactureCountry>
      <ManufacturerItemDescription>ש.אשפה מתכלות זוג 20 יחידות</ManufacturerItemDescription>
      <UnitQty>Unknown </UnitQty>
      <Quantity>0.00</Quantity>
      <UnitOfMeasure>Unknown </UnitOfMeasure>
      <bIsWeighted>0</bIsWeighted>
      <QtyInPackage>1</QtyInPackage>
      <ItemPrice>27.60</ItemPrice>
      <UnitOfMeasurePrice>0.0000</UnitOfMeasurePrice>
      <AllowDiscount>1</AllowDiscount>
      <ItemStatus>1</ItemStatus>
      <ItemId>30109</ItemId>
    </Item>
    <Item>
      <PriceUpdateDate>2015-10-01 06:16:28</PriceUpdateDate>
      <ItemCode>7290000197081</ItemCode>
      <ItemType>1</ItemType>
      <ItemName>ניילונית חסכוני</ItemName>
      <ManufacturerName>אופל</ManufacturerName>
      <ManufactureCountry>ישראל</ManufactureCountry>
      <ManufacturerItemDescription>ניילונית חסכוני ניקול</ManufacturerItemDescription>
      <UnitQty>מטרים</UnitQty>
      <Quantity>15000.00</Quantity>
      <UnitOfMeasure>מטר</UnitOfMeasure>
      <bIsWeighted>0</bIsWeighted>
      <QtyInPackage>1</QtyInPackage>
      <ItemPrice>41.50</ItemPrice>
      <UnitOfMeasurePrice>0.0028</UnitOfMeasurePrice>
      <AllowDiscount>1</AllowDiscount>
      <ItemStatus>1</ItemStatus>
      <ItemId>30110</ItemId>
    </Item>
    <Item>
      <PriceUpdateDate>2016-07-20 07:59:42</PriceUpdateDate>
      <ItemCode>7290010417315</ItemCode>
      <ItemType>1</ItemType>
      <ItemName>יין גולן מרלו</ItemName>
      <ManufacturerName>יקב רמת הגולן</ManufacturerName>
      <ManufactureCountry>לא ידוע</ManufactureCountry>
      <ManufacturerItemDescription>יין גולן מרלו 750 מ"ל</ManufacturerItemDescription>
      <UnitQty>מיליליטרים</UnitQty>
      <Quantity>750.00</Quantity>
      <UnitOfMeasure>100 מ"ל</UnitOfMeasure>
      <bIsWeighted>0</bIsWeighted>
      <QtyInPackage>1</QtyInPackage>
      <ItemPrice>39.90</ItemPrice>
      <UnitOfMeasurePrice>5.3200</UnitOfMeasurePrice>
      <AllowDiscount>1</AllowDiscount>
      <ItemStatus>1</ItemStatus>
      <ItemId>30115</ItemId>
    </Item>
    <Item>
      <PriceUpdateDate>2015-10-01 06:13:18</PriceUpdateDate>
      <ItemCode>7290010472765</ItemCode>
      <ItemType>1</ItemType>
      <ItemName>סופר גמדים תות  1/4</ItemName>
      <ManufacturerName>שטראוס גרופ</ManufacturerName>
      <ManufactureCountry>ישראל</ManufactureCountry>
      <ManufacturerItemDescription>מארז סופר גמדים תות             1/4 100</ManufacturerItemDescription>
      <UnitQty>גרמים</UnitQty>
      <Quantity>400.00</Quantity>
      <UnitOfMeasure>100 גרם</UnitOfMeasure>
      <bIsWeighted>0</bIsWeighted>
      <QtyInPackage>1</QtyInPackage>
      <ItemPrice>11.80</ItemPrice>
      <UnitOfMeasurePrice>2.9500</UnitOfMeasurePrice>
      <AllowDiscount>1</AllowDiscount>
      <ItemStatus>1</ItemStatus>
      <ItemId>30154</ItemId>
    </Item>
    <Item>
      <PriceUpdateDate>2015-08-02 08:18:34</PriceUpdateDate>
      <ItemCode>7290004131654</ItemCode>
      <ItemType>1</ItemType>
      <ItemName>יופלה בטעם תותים</ItemName>
      <ManufacturerName>תנובה מרכז שיתופי לש</ManufacturerName>
      <ManufactureCountry>ישראל</ManufactureCountry>
      <ManufacturerItemDescription>יופלה בטעם תותים בשמנת             3.5%</ManufacturerItemDescription>
      <UnitQty>גרמים</UnitQty>
      <Quantity>150.00</Quantity>
      <UnitOfMeasure>100 גרם</UnitOfMeasure>
      <bIsWeighted>0</bIsWeighted>
      <QtyInPackage>1</QtyInPackage>
      <ItemPrice>5.10</ItemPrice>
      <UnitOfMeasurePrice>3.4000</UnitOfMeasurePrice>
      <AllowDiscount>1</AllowDiscount>
      <ItemStatus>1</ItemStatus>
      <ItemId>30190</ItemId>
    </Item>
    <Item>
      <PriceUpdateDate>2015-10-22 13:00:14</PriceUpdateDate>
      <ItemCode>7290005429279</ItemCode>
      <ItemType>1</ItemType>
      <ItemName>א.כביסה מקסימה זאוול</ItemName>
      <ManufacturerName>סנו</ManufacturerName>
      <ManufactureCountry>ישראל</ManufactureCountry>
      <ManufacturerItemDescription>אבק.כביסה מקסימה ז"אוול 6 ק"ג</ManufacturerItemDescription>
      <UnitQty>קילוגרמים</UnitQty>
      <Quantity>6.00</Quantity>
      <UnitOfMeasure>ק"ג</UnitOfMeasure>
      <bIsWeighted>0</bIsWeighted>
      <QtyInPackage>1</QtyInPackage>
      <ItemPrice>52.20</ItemPrice>
      <UnitOfMeasurePrice>8.7000</UnitOfMeasurePrice>
      <AllowDiscount>1</AllowDiscount>
      <ItemStatus>1</ItemStatus>
      <ItemId>30389</ItemId>
    </Item>
    <Item>
      <PriceUpdateDate>2015-10-22 13:00:14</PriceUpdateDate>
      <ItemCode>7290005429286</ItemCode>
      <ItemType>1</ItemType>
      <ItemName>א.כביסה מקסימה ביו</ItemName>
      <ManufacturerName>סנו</ManufacturerName>
      <ManufactureCountry>ישראל</ManufactureCountry>
      <ManufacturerItemDescription>אבק.כביסה מקסימה ביו 6 ק"ג</ManufacturerItemDescription>
      <UnitQty>קילוגרמים</UnitQty>
      <Quantity>6.00</Quantity>
      <UnitOfMeasure>ק"ג</UnitOfMeasure>
      <bIsWeighted>0</bIsWeighted>
      <QtyInPackage>1</QtyInPackage>
      <ItemPrice>52.20</ItemPrice>
      <UnitOfMeasurePrice>8.7000</UnitOfMeasurePrice>
      <AllowDiscount>1</AllowDiscount>
      <ItemStatus>1</ItemStatus>
      <ItemId>30390</ItemId>
    </Item>
    <Item>
      <PriceUpdateDate>2015-10-01 06:13:52</PriceUpdateDate>
      <ItemCode>7290010045013</ItemCode>
      <ItemType>1</ItemType>
      <ItemName>עוגיות חמאה צרפתיות</ItemName>
      <ManufacturerName>קונדיטוריות לחמי</ManufacturerName>
      <ManufactureCountry>ישראל</ManufactureCountry>
      <ManufacturerItemDescription>עוגיות חמאה צרפתיות 280 גר</ManufacturerItemDescription>
      <UnitQty>גרמים</UnitQty>
      <Quantity>280.00</Quantity>
      <UnitOfMeasure>100 גרם</UnitOfMeasure>
      <bIsWeighted>0</bIsWeighted>
      <QtyInPackage>1</QtyInPackage>
      <ItemPrice>19.70</ItemPrice>
      <UnitOfMeasurePrice>7.0357</UnitOfMeasurePrice>
      <AllowDiscount>1</AllowDiscount>
      <ItemStatus>1</ItemStatus>
      <ItemId>30392</ItemId>
    </Item>
    <Item>
      <PriceUpdateDate>2015-07-24 06:45:12</PriceUpdateDate>
      <ItemCode>7290010045037</ItemCode>
      <ItemType>1</ItemType>
      <ItemName>עוגיות שוקולד ציפס</ItemName>
      <ManufacturerName>קונדיטוריות לחמי</ManufacturerName>
      <ManufactureCountry>ישראל</ManufactureCountry>
      <ManufacturerItemDescription>עוגיות שוקולד ציפס 250 גר</ManufacturerItemDescription>
      <UnitQty>גרמים</UnitQty>
      <Quantity>250.00</Quantity>
      <UnitOfMeasure>100 גרם</UnitOfMeasure>
      <bIsWeighted>0</bIsWeighted>
      <QtyInPackage>1</QtyInPackage>
      <ItemPrice>19.90</ItemPrice>
      <UnitOfMeasurePrice>7.9600</UnitOfMeasurePrice>
      <AllowDiscount>1</AllowDiscount>
      <ItemStatus>1</ItemStatus>
      <ItemId>30394</ItemId>
    </Item>
    <Item>
      <PriceUpdateDate>2015-07-24 06:45:12</PriceUpdateDate>
      <ItemCode>7290010045051</ItemCode>
      <ItemType>1</ItemType>
      <ItemName>עוגיות מלבן שקדים</ItemName>
      <ManufacturerName>קונדיטוריות לחמי</ManufacturerName>
      <ManufactureCountry>ישראל</ManufactureCountry>
      <ManufacturerItemDescription>עוגיות מלבן שקדים 280 גר</ManufacturerItemDescription>
      <UnitQty>גרמים</UnitQty>
      <Quantity>280.00</Quantity>
      <UnitOfMeasure>100 גרם</UnitOfMeasure>
      <bIsWeighted>0</bIsWeighted>
      <QtyInPackage>1</QtyInPackage>
      <ItemPrice>19.90</ItemPrice>
      <UnitOfMeasurePrice>7.1071</UnitOfMeasurePrice>
      <AllowDiscount>1</AllowDiscount>
      <ItemStatus>1</ItemStatus>
      <ItemId>30396</ItemId>
    </Item>
    <Item>
      <PriceUpdateDate>2015-10-01 06:13:53</PriceUpdateDate>
      <ItemCode>7290010045068</ItemCode>
      <ItemType>1</ItemType>
      <ItemName>עוגיות הנסיכה</ItemName>
      <ManufacturerName>קונדיטוריות לחמי</ManufacturerName>
      <ManufactureCountry>ישראל</ManufactureCountry>
      <ManufacturerItemDescription>עוגיות הנסיכה 250 גר</ManufacturerItemDescription>
      <UnitQty>גרמים</UnitQty>
      <Quantity>250.00</Quantity>
      <UnitOfMeasure>100 גרם</UnitOfMeasure>
      <bIsWeighted>0</bIsWeighted>
      <QtyInPackage>1</QtyInPackage>
      <ItemPrice>19.70</ItemPrice>
      <UnitOfMeasurePrice>7.8800</UnitOfMeasurePrice>
      <AllowDiscount>1</AllowDiscount>
      <ItemStatus>1</ItemStatus>
      <ItemId>30397</ItemId>
    </Item>
    <Item>
      <PriceUpdateDate>2015-10-01 06:14:40</PriceUpdateDate>
      <ItemCode>7290001338315</ItemCode>
      <ItemType>1</ItemType>
      <ItemName>סקין גארד ילדיםSPF34</ItemName>
      <ManufacturerName>אמיליה קוסמטיקס</ManufacturerName>
      <ManufactureCountry>ישראל</ManufactureCountry>
      <ManufacturerItemDescription>סקין גארד ילדיםSPF34 מל           .250-</ManufacturerItemDescription>
      <UnitQty>מיליליטרים</UnitQty>
      <Quantity>250.00</Quantity>
      <UnitOfMeasure>100 מ"ל</UnitOfMeasure>
      <bIsWeighted>0</bIsWeighted>
      <QtyInPackage>1</QtyInPackage>
      <ItemPrice>59.40</ItemPrice>
      <UnitOfMeasurePrice>23.7600</UnitOfMeasurePrice>
      <AllowDiscount>1</AllowDiscount>
      <ItemStatus>1</ItemStatus>
      <ItemId>75446</ItemId>
    </Item>
    <Item>
      <PriceUpdateDate>2015-10-01 06:18:39</PriceUpdateDate>
      <ItemCode>7290004132507</ItemCode>
      <ItemType>1</ItemType>
      <ItemName>יופלה דגנים מצופים מ</ItemName>
      <ManufacturerName>תנובה מרכז שיתופי לש</ManufacturerName>
      <ManufactureCountry>ישראל</ManufactureCountry>
      <ManufacturerItemDescription>יופלה דגנים מצופים מכסה מעל          170</ManufacturerItemDescription>
      <UnitQty>גרמים</UnitQty>
      <Quantity>170.00</Quantity>
      <UnitOfMeasure>100 גרם</UnitOfMeasure>
      <bIsWeighted>0</bIsWeighted>
      <QtyInPackage>1</QtyInPackage>
      <ItemPrice>5.70</ItemPrice>
      <UnitOfMeasurePrice>3.3529</UnitOfMeasurePrice>
      <AllowDiscount>1</AllowDiscount>
      <ItemStatus>1</ItemStatus>
      <ItemId>30555</ItemId>
    </Item>
    <Item>
      <PriceUpdateDate>2015-08-02 08:18:34</PriceUpdateDate>
      <ItemCode>7290004133108</ItemCode>
      <ItemType>1</ItemType>
      <ItemName>יופלה לבן+1.5% גרנול</ItemName>
      <ManufacturerName>תנובה מרכז שיתופי לש</ManufacturerName>
      <ManufactureCountry>ישראל</ManufactureCountry>
      <ManufacturerItemDescription>יופלה לבן+1.5% גרנולה מכסה          150</ManufacturerItemDescription>
      <UnitQty>גרמים</UnitQty>
      <Quantity>150.00</Quantity>
      <UnitOfMeasure>100 גרם</UnitOfMeasure>
      <bIsWeighted>0</bIsWeighted>
      <QtyInPackage>1</QtyInPackage>
      <ItemPrice>5.50</ItemPrice>
      <UnitOfMeasurePrice>3.6667</UnitOfMeasurePrice>
      <AllowDiscount>1</AllowDiscount>
      <ItemStatus>1</ItemStatus>
      <ItemId>30556</ItemId>
    </Item>
    <Item>
      <PriceUpdateDate>2015-10-01 06:14:46</PriceUpdateDate>
      <ItemCode>7290014397729</ItemCode>
      <ItemType>1</ItemType>
      <ItemName>אקונומיקה ריחנית</ItemName>
      <ManufacturerName>סנו</ManufacturerName>
      <ManufactureCountry>ישראל</ManufactureCountry>
      <ManufacturerItemDescription>פיסגה אקונומיקה ריחנית 2 ליטר</ManufacturerItemDescription>
      <UnitQty>ליטרים</UnitQty>
      <Quantity>2.00</Quantity>
      <UnitOfMeasure>ליטר</UnitOfMeasure>
      <bIsWeighted>0</bIsWeighted>
      <QtyInPackage>1</QtyInPackage>
      <ItemPrice>9.80</ItemPrice>
      <UnitOfMeasurePrice>4.9000</UnitOfMeasurePrice>
      <AllowDiscount>1</AllowDiscount>
      <ItemStatus>1</ItemStatus>
      <ItemId>92598</ItemId>
    </Item>
    <Item>
      <PriceUpdateDate>2015-10-01 06:13:02</PriceUpdateDate>
      <ItemCode>7290010838431</ItemCode>
      <ItemType>1</ItemType>
      <ItemName>טואלט דאק זוגות כחול</ItemName>
      <ManufacturerName>SC Jonson</ManufacturerName>
      <ManufactureCountry>הולנד</ManufactureCountry>
      <ManufacturerItemDescription>טואלט דאק זוגות כחול</ManufacturerItemDescription>
      <UnitQty>ליטרים</UnitQty>
      <Quantity>1.50</Quantity>
      <UnitOfMeasure>ליטר</UnitOfMeasure>
      <bIsWeighted>0</bIsWeighted>
      <QtyInPackage>1</QtyInPackage>
      <ItemPrice>21.70</ItemPrice>
      <UnitOfMeasurePrice>14.4667</UnitOfMeasurePrice>
      <AllowDiscount>1</AllowDiscount>
      <ItemStatus>1</ItemStatus>
      <ItemId>31199</ItemId>
    </Item>
    <Item>
      <PriceUpdateDate>2015-10-01 06:13:11</PriceUpdateDate>
      <ItemCode>7290000104072</ItemCode>
      <ItemType>1</ItemType>
      <ItemName>עדשים ירוקות מבושלות</ItemName>
      <ManufacturerName>סנפרוסט</ManufacturerName>
      <ManufactureCountry>ישראל</ManufactureCountry>
      <ManufacturerItemDescription>עדשים ירוקות מבושלות 800 גר</ManufacturerItemDescription>
      <UnitQty>גרמים</UnitQty>
      <Quantity>800.00</Quantity>
      <UnitOfMeasure>100 גרם</UnitOfMeasure>
      <bIsWeighted>0</bIsWeighted>
      <QtyInPackage>1</QtyInPackage>
      <ItemPrice>22.50</ItemPrice>
      <UnitOfMeasurePrice>2.8125</UnitOfMeasurePrice>
      <AllowDiscount>1</AllowDiscount>
      <ItemStatus>1</ItemStatus>
      <ItemId>71079</ItemId>
    </Item>
    <Item>
      <PriceUpdateDate>2015-10-01 06:13:18</PriceUpdateDate>
      <ItemCode>7290010429509</ItemCode>
      <ItemType>1</ItemType>
      <ItemName>מעדן שזיף 100% פרי</ItemName>
      <ManufacturerName>בית אל מזון בע"מ</ManufacturerName>
      <ManufactureCountry>ישראל</ManufactureCountry>
      <ManufacturerItemDescription>מעדן שזיף 100% פרי 250 גרם</ManufacturerItemDescription>
      <UnitQty>גרמים</UnitQty>
      <Quantity>250.00</Quantity>
      <UnitOfMeasure>100 גרם</UnitOfMeasure>
      <bIsWeighted>0</bIsWeighted>
      <QtyInPackage>1</QtyInPackage>
      <ItemPrice>13.80</ItemPrice>
      <UnitOfMeasurePrice>5.5200</UnitOfMeasurePrice>
      <AllowDiscount>1</AllowDiscount>
      <ItemStatus>1</ItemStatus>
      <ItemId>31249</ItemId>
    </Item>
    <Item>
      <PriceUpdateDate>2015-10-01 06:21:29</PriceUpdateDate>
      <ItemCode>8714786146716</ItemCode>
      <ItemType>1</ItemType>
      <ItemName>ביצי הפתעה בוב הספוג</ItemName>
      <ManufacturerName>יושלם</ManufacturerName>
      <ManufactureCountry>יושלם</ManufactureCountry>
      <ManufacturerItemDescription>ביצי הפתעה בוב הספוג 24 יח</ManufacturerItemDescription>
      <UnitQty>Unknown </UnitQty>
      <Quantity>0.00</Quantity>
      <UnitOfMeasure>Unknown </UnitOfMeasure>
      <bIsWeighted>0</bIsWeighted>
      <QtyInPackage>1</QtyInPackage>
      <ItemPrice>11.90</ItemPrice>
      <UnitOfMeasurePrice>0.0000</UnitOfMeasurePrice>
      <AllowDiscount>1</AllowDiscount>
      <ItemStatus>1</ItemStatus>
      <ItemId>31256</ItemId>
    </Item>
    <Item>
      <PriceUpdateDate>2015-10-01 06:18:39</PriceUpdateDate>
      <ItemCode>7290006306333</ItemCode>
      <ItemType>1</ItemType>
      <ItemName>רביולי במילוי תרד</ItemName>
      <ManufacturerName>פסטה נונה בעמ</ManufacturerName>
      <ManufactureCountry>ישראל</ManufactureCountry>
      <ManufacturerItemDescription>רביולי במילוי תרד וריקוטה           400</ManufacturerItemDescription>
      <UnitQty>גרמים</UnitQty>
      <Quantity>400.00</Quantity>
      <UnitOfMeasure>100 גרם</UnitOfMeasure>
      <bIsWeighted>0</bIsWeighted>
      <QtyInPackage>1</QtyInPackage>
      <ItemPrice>26.70</ItemPrice>
      <UnitOfMeasurePrice>6.6750</UnitOfMeasurePrice>
      <AllowDiscount>1</AllowDiscount>
      <ItemStatus>1</ItemStatus>
      <ItemId>31273</ItemId>
    </Item>
    <Item>
      <PriceUpdateDate>2015-10-01 06:15:29</PriceUpdateDate>
      <ItemCode>7290003009145</ItemCode>
      <ItemType>1</ItemType>
      <ItemName>סירופ ענבים</ItemName>
      <ManufacturerName>סירופ - גבעת חיים</ManufacturerName>
      <ManufactureCountry>ישראל</ManufactureCountry>
      <ManufacturerItemDescription>סירופ ענבים 750 מל</ManufacturerItemDescription>
      <UnitQty>מיליליטרים</UnitQty>
      <Quantity>750.00</Quantity>
      <UnitOfMeasure>100 מ"ל</UnitOfMeasure>
      <bIsWeighted>0</bIsWeighted>
      <QtyInPackage>1</QtyInPackage>
      <ItemPrice>12.80</ItemPrice>
      <UnitOfMeasurePrice>1.7067</UnitOfMeasurePrice>
      <AllowDiscount>1</AllowDiscount>
      <ItemStatus>1</ItemStatus>
      <ItemId>31340</ItemId>
    </Item>
    <Item>
      <PriceUpdateDate>2015-10-01 06:15:29</PriceUpdateDate>
      <ItemCode>7290003009152</ItemCode>
      <ItemType>1</ItemType>
      <ItemName>סירופ פטל</ItemName>
      <ManufacturerName>סירופ - גבעת חיים</ManufacturerName>
      <ManufactureCountry>ישראל</ManufactureCountry>
      <ManufacturerItemDescription>סירופ פטל 750 מל</ManufacturerItemDescription>
      <UnitQty>מיליליטרים</UnitQty>
      <Quantity>750.00</Quantity>
      <UnitOfMeasure>100 מ"ל</UnitOfMeasure>
      <bIsWeighted>0</bIsWeighted>
      <QtyInPackage>1</QtyInPackage>
      <ItemPrice>12.80</ItemPrice>
      <UnitOfMeasurePrice>1.7067</UnitOfMeasurePrice>
      <AllowDiscount>1</AllowDiscount>
      <ItemStatus>1</ItemStatus>
      <ItemId>31341</ItemId>
    </Item>
    <Item>
      <PriceUpdateDate>2015-10-01 06:15:30</PriceUpdateDate>
      <ItemCode>7290003009572</ItemCode>
      <ItemType>1</ItemType>
      <ItemName>סירופ תפוזים</ItemName>
      <ManufacturerName>סירופ - גבעת חיים</ManufacturerName>
      <ManufactureCountry>ישראל</ManufactureCountry>
      <ManufacturerItemDescription>סירופ תפוזים 1.5 ל</ManufacturerItemDescription>
      <UnitQty>ליטרים</UnitQty>
      <Quantity>1.50</Quantity>
      <UnitOfMeasure>ליטר</UnitOfMeasure>
      <bIsWeighted>0</bIsWeighted>
      <QtyInPackage>1</QtyInPackage>
      <ItemPrice>20.00</ItemPrice>
      <UnitOfMeasurePrice>13.3333</UnitOfMeasurePrice>
      <AllowDiscount>1</AllowDiscount>
      <ItemStatus>1</ItemStatus>
      <ItemId>31343</ItemId>
    </Item>
    <Item>
      <PriceUpdateDate>2015-10-01 06:15:30</PriceUpdateDate>
      <ItemCode>7290003009589</ItemCode>
      <ItemType>1</ItemType>
      <ItemName>סירופ דיאט לימונים</ItemName>
      <ManufacturerName>סירופ - גבעת חיים</ManufacturerName>
      <ManufactureCountry>ישראל</ManufactureCountry>
      <ManufacturerItemDescription>סירופ דיאט לימונים 750 מ"ל</ManufacturerItemDescription>
      <UnitQty>מיליליטרים</UnitQty>
      <Quantity>750.00</Quantity>
      <UnitOfMeasure>100 מ"ל</UnitOfMeasure>
      <bIsWeighted>0</bIsWeighted>
      <QtyInPackage>1</QtyInPackage>
      <ItemPrice>18.00</ItemPrice>
      <UnitOfMeasurePrice>2.4000</UnitOfMeasurePrice>
      <AllowDiscount>1</AllowDiscount>
      <ItemStatus>1</ItemStatus>
      <ItemId>31344</ItemId>
    </Item>
    <Item>
      <PriceUpdateDate>2015-10-01 06:15:30</PriceUpdateDate>
      <ItemCode>7290003009596</ItemCode>
      <ItemType>1</ItemType>
      <ItemName>סירופ דיאט אשכוליות</ItemName>
      <ManufacturerName>סירופ - גבעת חיים</ManufacturerName>
      <ManufactureCountry>ישראל</ManufactureCountry>
      <ManufacturerItemDescription>סירופ דיאט אשכוליות 750 מ"ל</ManufacturerItemDescription>
      <UnitQty>מיליליטרים</UnitQty>
      <Quantity>750.00</Quantity>
      <UnitOfMeasure>100 מ"ל</UnitOfMeasure>
      <bIsWeighted>0</bIsWeighted>
      <QtyInPackage>1</QtyInPackage>
      <ItemPrice>18.00</ItemPrice>
      <UnitOfMeasurePrice>2.4000</UnitOfMeasurePrice>
      <AllowDiscount>1</AllowDiscount>
      <ItemStatus>1</ItemStatus>
      <ItemId>31345</ItemId>
    </Item>
    <Item>
      <PriceUpdateDate>2015-10-01 06:15:30</PriceUpdateDate>
      <ItemCode>7290003009626</ItemCode>
      <ItemType>1</ItemType>
      <ItemName>סירופ פטל</ItemName>
      <ManufacturerName>סירופ - גבעת חיים</ManufacturerName>
      <ManufactureCountry>ישראל</ManufactureCountry>
      <ManufacturerItemDescription>סירופ פטל 1.5 ל</ManufacturerItemDescription>
      <UnitQty>ליטרים</UnitQty>
      <Quantity>1.50</Quantity>
      <UnitOfMeasure>ליטר</UnitOfMeasure>
      <bIsWeighted>0</bIsWeighted>
      <QtyInPackage>1</QtyInPackage>
      <ItemPrice>20.00</ItemPrice>
      <UnitOfMeasurePrice>13.3333</UnitOfMeasurePrice>
      <AllowDiscount>1</AllowDiscount>
      <ItemStatus>1</ItemStatus>
      <ItemId>31348</ItemId>
    </Item>
    <Item>
      <PriceUpdateDate>2015-10-01 06:15:30</PriceUpdateDate>
      <ItemCode>7290006241818</ItemCode>
      <ItemType>1</ItemType>
      <ItemName>סירופ לימונים</ItemName>
      <ManufacturerName>סירופ - גבעת חיים</ManufacturerName>
      <ManufactureCountry>ישראל</ManufactureCountry>
      <ManufacturerItemDescription>סירופ לימונים 3 ל</ManufacturerItemDescription>
      <UnitQty>ליטרים</UnitQty>
      <Quantity>3.00</Quantity>
      <UnitOfMeasure>ליטר</UnitOfMeasure>
      <bIsWeighted>0</bIsWeighted>
      <QtyInPackage>1</QtyInPackage>
      <ItemPrice>41.50</ItemPrice>
      <UnitOfMeasurePrice>13.8333</UnitOfMeasurePrice>
      <AllowDiscount>1</AllowDiscount>
      <ItemStatus>1</ItemStatus>
      <ItemId>31351</ItemId>
    </Item>
    <Item>
      <PriceUpdateDate>2015-10-01 06:15:30</PriceUpdateDate>
      <ItemCode>7290006241832</ItemCode>
      <ItemType>1</ItemType>
      <ItemName>סירופ פטל</ItemName>
      <ManufacturerName>סירופ - גבעת חיים</ManufacturerName>
      <ManufactureCountry>ישראל</ManufactureCountry>
      <ManufacturerItemDescription>סירופ פטל 3 ל</ManufacturerItemDescription>
      <UnitQty>ליטרים</UnitQty>
      <Quantity>3.00</Quantity>
      <UnitOfMeasure>ליטר</UnitOfMeasure>
      <bIsWeighted>0</bIsWeighted>
      <QtyInPackage>1</QtyInPackage>
      <ItemPrice>41.50</ItemPrice>
      <UnitOfMeasurePrice>13.8333</UnitOfMeasurePrice>
      <AllowDiscount>1</AllowDiscount>
      <ItemStatus>1</ItemStatus>
      <ItemId>31353</ItemId>
    </Item>
    <Item>
      <PriceUpdateDate>2015-10-01 06:15:30</PriceUpdateDate>
      <ItemCode>7290003009183</ItemCode>
      <ItemType>1</ItemType>
      <ItemName>סירופ דיאט תפוחים</ItemName>
      <ManufacturerName>סירופ - גבעת חיים</ManufacturerName>
      <ManufactureCountry>ישראל</ManufactureCountry>
      <ManufacturerItemDescription>סירופ דיאט תפוחים 750 מל</ManufacturerItemDescription>
      <UnitQty>מיליליטרים</UnitQty>
      <Quantity>750.00</Quantity>
      <UnitOfMeasure>100 מ"ל</UnitOfMeasure>
      <bIsWeighted>0</bIsWeighted>
      <QtyInPackage>1</QtyInPackage>
      <ItemPrice>18.00</ItemPrice>
      <UnitOfMeasurePrice>2.4000</UnitOfMeasurePrice>
      <AllowDiscount>1</AllowDiscount>
      <ItemStatus>1</ItemStatus>
      <ItemId>31364</ItemId>
    </Item>
    <Item>
      <PriceUpdateDate>2015-01-01 00:00:00</PriceUpdateDate>
      <ItemCode>42123873</ItemCode>
      <ItemType>1</ItemType>
      <ItemName>אורביט פרופשיונל ספי</ItemName>
      <ManufacturerName>ריגלי</ManufacturerName>
      <ManufactureCountry>פולין</ManufactureCountry>
      <ManufacturerItemDescription>אורביט פרופשיונל ספירמינט</ManufacturerItemDescription>
      <UnitQty>Unknown </UnitQty>
      <Quantity>0.00</Quantity>
      <UnitOfMeasure>Unknown </UnitOfMeasure>
      <bIsWeighted>0</bIsWeighted>
      <QtyInPackage>1</QtyInPackage>
      <ItemPrice>3.50</ItemPrice>
      <UnitOfMeasurePrice>0.0000</UnitOfMeasurePrice>
      <AllowDiscount>1</AllowDiscount>
      <ItemStatus>1</ItemStatus>
      <ItemId>31433</ItemId>
    </Item>
    <Item>
      <PriceUpdateDate>2015-10-01 06:13:18</PriceUpdateDate>
      <ItemCode>7290010429554</ItemCode>
      <ItemType>1</ItemType>
      <ItemName>שמן זית כתית מעולה2</ItemName>
      <ManufacturerName>שטראוס גרופ</ManufacturerName>
      <ManufactureCountry>ישראל</ManufactureCountry>
      <ManufacturerItemDescription>שמן זית כתית מעולה2 קלאסי</ManufacturerItemDescription>
      <UnitQty>מיליליטרים</UnitQty>
      <Quantity>750.00</Quantity>
      <UnitOfMeasure>100 מ"ל</UnitOfMeasure>
      <bIsWeighted>0</bIsWeighted>
      <QtyInPackage>1</QtyInPackage>
      <ItemPrice>39.50</ItemPrice>
      <UnitOfMeasurePrice>5.2667</UnitOfMeasurePrice>
      <AllowDiscount>1</AllowDiscount>
      <ItemStatus>1</ItemStatus>
      <ItemId>31435</ItemId>
    </Item>
    <Item>
      <PriceUpdateDate>2015-01-01 00:00:00</PriceUpdateDate>
      <ItemCode>7290002868996</ItemCode>
      <ItemType>1</ItemType>
      <ItemName>קוטג מועשר       5%</ItemName>
      <ManufacturerName>טרה</ManufacturerName>
      <ManufactureCountry>ישראל</ManufactureCountry>
      <ManufacturerItemDescription>קוטג "מועשר 250 5% גרם</ManufacturerItemDescription>
      <UnitQty>גרמים</UnitQty>
      <Quantity>250.00</Quantity>
      <UnitOfMeasure>100 גרם</UnitOfMeasure>
      <bIsWeighted>0</bIsWeighted>
      <QtyInPackage>1</QtyInPackage>
      <ItemPrice>5.80</ItemPrice>
      <UnitOfMeasurePrice>2.3200</UnitOfMeasurePrice>
      <AllowDiscount>1</AllowDiscount>
      <ItemStatus>1</ItemStatus>
      <ItemId>31550</ItemId>
    </Item>
    <Item>
      <PriceUpdateDate>2016-05-19 11:17:49</PriceUpdateDate>
      <ItemCode>7290003029792</ItemCode>
      <ItemType>1</ItemType>
      <ItemName>מארז שוקו יוטבתה</ItemName>
      <ManufacturerName>שטראוס גרופ</ManufacturerName>
      <ManufactureCountry>ישראל</ManufactureCountry>
      <ManufacturerItemDescription>מארז שוקו יוטבתה שמיניה</ManufacturerItemDescription>
      <UnitQty>ליטרים</UnitQty>
      <Quantity>1.80</Quantity>
      <UnitOfMeasure>ליטר</UnitOfMeasure>
      <bIsWeighted>0</bIsWeighted>
      <QtyInPackage>1</QtyInPackage>
      <ItemPrice>17.80</ItemPrice>
      <UnitOfMeasurePrice>9.8889</UnitOfMeasurePrice>
      <AllowDiscount>1</AllowDiscount>
      <ItemStatus>1</ItemStatus>
      <ItemId>31569</ItemId>
    </Item>
    <Item>
      <PriceUpdateDate>2015-10-01 06:15:10</PriceUpdateDate>
      <ItemCode>7290010569533</ItemCode>
      <ItemType>1</ItemType>
      <ItemName>גלידה לייט אפרסק</ItemName>
      <ManufacturerName>גלידת שטראוס בע"מ</ManufacturerName>
      <ManufactureCountry>ישראל</ManufactureCountry>
      <ManufacturerItemDescription>גלידה לייט אפרסק</ManufacturerItemDescription>
      <UnitQty>גרמים</UnitQty>
      <Quantity>79.00</Quantity>
      <UnitOfMeasure>100 גרם</UnitOfMeasure>
      <bIsWeighted>0</bIsWeighted>
      <QtyInPackage>1</QtyInPackage>
      <ItemPrice>9.80</ItemPrice>
      <UnitOfMeasurePrice>12.4051</UnitOfMeasurePrice>
      <AllowDiscount>1</AllowDiscount>
      <ItemStatus>1</ItemStatus>
      <ItemId>31604</ItemId>
    </Item>
    <Item>
      <PriceUpdateDate>2015-01-01 00:00:00</PriceUpdateDate>
      <ItemCode>7296058000380</ItemCode>
      <ItemType>1</ItemType>
      <ItemName>פריכיות תירס דקות</ItemName>
      <ManufacturerName>פרח תעשיות מזון בע"מ</ManufacturerName>
      <ManufactureCountry>ישראל</ManufactureCountry>
      <ManufacturerItemDescription>פריכיות תירס דקות 100  גר</ManufacturerItemDescription>
      <UnitQty>גרמים</UnitQty>
      <Quantity>100.00</Quantity>
      <UnitOfMeasure>100 גרם</UnitOfMeasure>
      <bIsWeighted>0</bIsWeighted>
      <QtyInPackage>1</QtyInPackage>
      <ItemPrice>6.60</ItemPrice>
      <UnitOfMeasurePrice>6.6000</UnitOfMeasurePrice>
      <AllowDiscount>1</AllowDiscount>
      <ItemStatus>1</ItemStatus>
      <ItemId>31612</ItemId>
    </Item>
    <Item>
      <PriceUpdateDate>2015-10-01 06:15:01</PriceUpdateDate>
      <ItemCode>7290100659090</ItemCode>
      <ItemType>1</ItemType>
      <ItemName>מאגדת חטיף דגנים</ItemName>
      <ManufacturerName>טבעית מוצרים מן הטבע</ManufacturerName>
      <ManufactureCountry>ישראל</ManufactureCountry>
      <ManufacturerItemDescription>מאגדת חטיף דגנים תמרים וקינמון</ManufacturerItemDescription>
      <UnitQty>גרמים</UnitQty>
      <Quantity>110.00</Quantity>
      <UnitOfMeasure>100 גרם</UnitOfMeasure>
      <bIsWeighted>0</bIsWeighted>
      <QtyInPackage>1</QtyInPackage>
      <ItemPrice>17.20</ItemPrice>
      <UnitOfMeasurePrice>15.6364</UnitOfMeasurePrice>
      <AllowDiscount>1</AllowDiscount>
      <ItemStatus>1</ItemStatus>
      <ItemId>31628</ItemId>
    </Item>
    <Item>
      <PriceUpdateDate>2015-01-01 00:00:00</PriceUpdateDate>
      <ItemCode>7290006765000</ItemCode>
      <ItemType>1</ItemType>
      <ItemName>טורטיה מקמח מלא</ItemName>
      <ManufacturerName>מוטלוקל</ManufacturerName>
      <ManufactureCountry>לא ידוע</ManufactureCountry>
      <ManufacturerItemDescription>טורטיה מקמח מלא</ManufacturerItemDescription>
      <UnitQty>Unknown </UnitQty>
      <Quantity>0.00</Quantity>
      <UnitOfMeasure>Unknown </UnitOfMeasure>
      <bIsWeighted>0</bIsWeighted>
      <QtyInPackage>1</QtyInPackage>
      <ItemPrice>13.70</ItemPrice>
      <UnitOfMeasurePrice>0.0000</UnitOfMeasurePrice>
      <AllowDiscount>1</AllowDiscount>
      <ItemStatus>1</ItemStatus>
      <ItemId>31683</ItemId>
    </Item>
    <Item>
      <PriceUpdateDate>2015-10-01 06:16:28</PriceUpdateDate>
      <ItemCode>7290000188249</ItemCode>
      <ItemType>1</ItemType>
      <ItemName>מגבת נייר ויוה 64 דף</ItemName>
      <ManufacturerName>KC ארה"ב</ManufacturerName>
      <ManufactureCountry>ארצות הברית</ManufactureCountry>
      <ManufacturerItemDescription>מגבת נייר ויוה 64 דף בגליל</ManufacturerItemDescription>
      <UnitQty>מטרים</UnitQty>
      <Quantity>6520.00</Quantity>
      <UnitOfMeasure>מטר</UnitOfMeasure>
      <bIsWeighted>0</bIsWeighted>
      <QtyInPackage>1</QtyInPackage>
      <ItemPrice>20.70</ItemPrice>
      <UnitOfMeasurePrice>0.0032</UnitOfMeasurePrice>
      <AllowDiscount>1</AllowDiscount>
      <ItemStatus>1</ItemStatus>
      <ItemId>31699</ItemId>
    </Item>
    <Item>
      <PriceUpdateDate>2015-01-01 00:00:00</PriceUpdateDate>
      <ItemCode>7290008464987</ItemCode>
      <ItemType>1</ItemType>
      <ItemName>שישיית סודה</ItemName>
      <ManufacturerName>טמפו</ManufacturerName>
      <ManufactureCountry>ישראל</ManufactureCountry>
      <ManufacturerItemDescription>שישיית סודה 1.5 ליטר</ManufacturerItemDescription>
      <UnitQty>ליטרים</UnitQty>
      <Quantity>9.00</Quantity>
      <UnitOfMeasure>ליטר</UnitOfMeasure>
      <bIsWeighted>0</bIsWeighted>
      <QtyInPackage>1</QtyInPackage>
      <ItemPrice>15.90</ItemPrice>
      <UnitOfMeasurePrice>1.7667</UnitOfMeasurePrice>
      <AllowDiscount>1</AllowDiscount>
      <ItemStatus>1</ItemStatus>
      <ItemId>31950</ItemId>
    </Item>
    <Item>
      <PriceUpdateDate>2015-10-01 06:18:39</PriceUpdateDate>
      <ItemCode>7290004132514</ItemCode>
      <ItemType>1</ItemType>
      <ItemName>שוקו בננה 1 ליטר</ItemName>
      <ManufacturerName>תנובה מרכז שיתופי לש</ManufacturerName>
      <ManufactureCountry>ישראל</ManufactureCountry>
      <ManufacturerItemDescription>שוקו בננה 1 ליטר בקבוק</ManufacturerItemDescription>
      <UnitQty>ליטרים</UnitQty>
      <Quantity>1.00</Quantity>
      <UnitOfMeasure>ליטר</UnitOfMeasure>
      <bIsWeighted>0</bIsWeighted>
      <QtyInPackage>1</QtyInPackage>
      <ItemPrice>12.50</ItemPrice>
      <UnitOfMeasurePrice>12.5000</UnitOfMeasurePrice>
      <AllowDiscount>1</AllowDiscount>
      <ItemStatus>1</ItemStatus>
      <ItemId>32196</ItemId>
    </Item>
    <Item>
      <PriceUpdateDate>2015-10-01 06:13:18</PriceUpdateDate>
      <ItemCode>7290011194246</ItemCode>
      <ItemType>1</ItemType>
      <ItemName>קוטג 5% 250 גרם</ItemName>
      <ManufacturerName>שטראוס גרופ</ManufacturerName>
      <ManufactureCountry>לא ידוע</ManufactureCountry>
      <ManufacturerItemDescription>קוטג 5% 250 גרם</ManufacturerItemDescription>
      <UnitQty>גרמים</UnitQty>
      <Quantity>250.00</Quantity>
      <UnitOfMeasure>100 גרם</UnitOfMeasure>
      <bIsWeighted>0</bIsWeighted>
      <QtyInPackage>1</QtyInPackage>
      <ItemPrice>6.10</ItemPrice>
      <UnitOfMeasurePrice>2.4400</UnitOfMeasurePrice>
      <AllowDiscount>1</AllowDiscount>
      <ItemStatus>1</ItemStatus>
      <ItemId>32203</ItemId>
    </Item>
    <Item>
      <PriceUpdateDate>2015-10-01 06:14:55</PriceUpdateDate>
      <ItemCode>7290100683880</ItemCode>
      <ItemType>1</ItemType>
      <ItemName>תבשיל פירה</ItemName>
      <ManufacturerName>אסם</ManufacturerName>
      <ManufactureCountry>ישראל</ManufactureCountry>
      <ManufacturerItemDescription>תבשיל פירה 260 גרם</ManufacturerItemDescription>
      <UnitQty>גרמים</UnitQty>
      <Quantity>260.00</Quantity>
      <UnitOfMeasure>100 גרם</UnitOfMeasure>
      <bIsWeighted>0</bIsWeighted>
      <QtyInPackage>1</QtyInPackage>
      <ItemPrice>15.20</ItemPrice>
      <UnitOfMeasurePrice>5.8462</UnitOfMeasurePrice>
      <AllowDiscount>1</AllowDiscount>
      <ItemStatus>1</ItemStatus>
      <ItemId>32360</ItemId>
    </Item>
    <Item>
      <PriceUpdateDate>2015-10-01 06:17:34</PriceUpdateDate>
      <ItemCode>7290014789821</ItemCode>
      <ItemType>1</ItemType>
      <ItemName>רוטב ברביקיו עם דבש</ItemName>
      <ManufacturerName>היינץ צפון אמריקה מק</ManufacturerName>
      <ManufactureCountry>ארצות הברית</ManufactureCountry>
      <ManufacturerItemDescription>רוטב ברביקיו עם דבש היינץ</ManufacturerItemDescription>
      <UnitQty>גרמים</UnitQty>
      <Quantity>538.00</Quantity>
      <UnitOfMeasure>100 גרם</UnitOfMeasure>
      <bIsWeighted>0</bIsWeighted>
      <QtyInPackage>1</QtyInPackage>
      <ItemPrice>15.70</ItemPrice>
      <UnitOfMeasurePrice>2.9182</UnitOfMeasurePrice>
      <AllowDiscount>1</AllowDiscount>
      <ItemStatus>1</ItemStatus>
      <ItemId>92600</ItemId>
    </Item>
    <Item>
      <PriceUpdateDate>2015-10-01 06:17:25</PriceUpdateDate>
      <ItemCode>7290106577763</ItemCode>
      <ItemType>1</ItemType>
      <ItemName>עוגת בראוניז שוקולד</ItemName>
      <ManufacturerName>בונזור</ManufacturerName>
      <ManufactureCountry>ישראל</ManufactureCountry>
      <ManufacturerItemDescription>עוגת בראוניז שוקולד ביתי380 גר</ManufacturerItemDescription>
      <UnitQty>גרמים</UnitQty>
      <Quantity>380.00</Quantity>
      <UnitOfMeasure>100 גרם</UnitOfMeasure>
      <bIsWeighted>0</bIsWeighted>
      <QtyInPackage>1</QtyInPackage>
      <ItemPrice>19.70</ItemPrice>
      <UnitOfMeasurePrice>5.1842</UnitOfMeasurePrice>
      <AllowDiscount>1</AllowDiscount>
      <ItemStatus>1</ItemStatus>
      <ItemId>98112</ItemId>
    </Item>
    <Item>
      <PriceUpdateDate>2015-08-09 08:03:31</PriceUpdateDate>
      <ItemCode>7290100684764</ItemCode>
      <ItemType>1</ItemType>
      <ItemName>במבה על סרט</ItemName>
      <ManufacturerName>אסם</ManufacturerName>
      <ManufactureCountry>ישראל</ManufactureCountry>
      <ManufacturerItemDescription>במבה על סרט 25 גר</ManufacturerItemDescription>
      <UnitQty>גרמים</UnitQty>
      <Quantity>25.00</Quantity>
      <UnitOfMeasure>100 גרם</UnitOfMeasure>
      <bIsWeighted>0</bIsWeighted>
      <QtyInPackage>1</QtyInPackage>
      <ItemPrice>2.50</ItemPrice>
      <UnitOfMeasurePrice>10.0000</UnitOfMeasurePrice>
      <AllowDiscount>1</AllowDiscount>
      <ItemStatus>1</ItemStatus>
      <ItemId>32787</ItemId>
    </Item>
    <Item>
      <PriceUpdateDate>2015-08-03 11:02:16</PriceUpdateDate>
      <ItemCode>7290002487425</ItemCode>
      <ItemType>1</ItemType>
      <ItemName>עוגיות אוראו שוקולד</ItemName>
      <ManufacturerName>מונדלייז</ManufacturerName>
      <ManufactureCountry>צ'כיה</ManufactureCountry>
      <ManufacturerItemDescription>עוגיות אוראו שוקולד 176 גרם</ManufacturerItemDescription>
      <UnitQty>גרמים</UnitQty>
      <Quantity>176.00</Quantity>
      <UnitOfMeasure>100 גרם</UnitOfMeasure>
      <bIsWeighted>0</bIsWeighted>
      <QtyInPackage>1</QtyInPackage>
      <ItemPrice>9.90</ItemPrice>
      <UnitOfMeasurePrice>5.6250</UnitOfMeasurePrice>
      <AllowDiscount>1</AllowDiscount>
      <ItemStatus>1</ItemStatus>
      <ItemId>75875</ItemId>
    </Item>
    <Item>
      <PriceUpdateDate>2015-10-01 06:17:40</PriceUpdateDate>
      <ItemCode>7290104008993</ItemCode>
      <ItemType>1</ItemType>
      <ItemName>גרנולה 3 דגנים פירות</ItemName>
      <ManufacturerName>מנדל סחר ושיווק בע"מ</ManufacturerName>
      <ManufactureCountry>ישראל</ManufactureCountry>
      <ManufacturerItemDescription>גרנולה 3 דגנים ופירות  400 גרם</ManufacturerItemDescription>
      <UnitQty>גרמים</UnitQty>
      <Quantity>400.00</Quantity>
      <UnitOfMeasure>100 גרם</UnitOfMeasure>
      <bIsWeighted>0</bIsWeighted>
      <QtyInPackage>1</QtyInPackage>
      <ItemPrice>17.70</ItemPrice>
      <UnitOfMeasurePrice>4.4250</UnitOfMeasurePrice>
      <AllowDiscount>1</AllowDiscount>
      <ItemStatus>1</ItemStatus>
      <ItemId>85836</ItemId>
    </Item>
    <Item>
      <PriceUpdateDate>2015-01-01 00:00:00</PriceUpdateDate>
      <ItemCode>7290013861412</ItemCode>
      <ItemType>1</ItemType>
      <ItemName>קוקוס 250 גרם</ItemName>
      <ManufacturerName>דין שיווק וקליה בע"מ</ManufacturerName>
      <ManufactureCountry>ישראל</ManufactureCountry>
      <ManufacturerItemDescription>קוקוס 250 גרם</ManufacturerItemDescription>
      <UnitQty>גרמים</UnitQty>
      <Quantity>250.00</Quantity>
      <UnitOfMeasure>100 גרם</UnitOfMeasure>
      <bIsWeighted>0</bIsWeighted>
      <QtyInPackage>1</QtyInPackage>
      <ItemPrice>9.00</ItemPrice>
      <UnitOfMeasurePrice>3.6000</UnitOfMeasurePrice>
      <AllowDiscount>1</AllowDiscount>
      <ItemStatus>1</ItemStatus>
      <ItemId>99849</ItemId>
    </Item>
    <Item>
      <PriceUpdateDate>2015-10-01 06:16:20</PriceUpdateDate>
      <ItemCode>7290001779040</ItemCode>
      <ItemType>1</ItemType>
      <ItemName>שלגון שרבט פרילי תות</ItemName>
      <ManufacturerName>נגה גלידות</ManufacturerName>
      <ManufactureCountry>ישראל</ManufactureCountry>
      <ManufacturerItemDescription>שלגון שרבט פרילי תות</ManufacturerItemDescription>
      <UnitQty>Unknown </UnitQty>
      <Quantity>0.00</Quantity>
      <UnitOfMeasure>Unknown </UnitOfMeasure>
      <bIsWeighted>0</bIsWeighted>
      <QtyInPackage>1</QtyInPackage>
      <ItemPrice>5.80</ItemPrice>
      <UnitOfMeasurePrice>0.0000</UnitOfMeasurePrice>
      <AllowDiscount>1</AllowDiscount>
      <ItemStatus>1</ItemStatus>
      <ItemId>33163</ItemId>
    </Item>
    <Item>
      <PriceUpdateDate>2015-10-01 06:18:39</PriceUpdateDate>
      <ItemCode>7290004133900</ItemCode>
      <ItemType>1</ItemType>
      <ItemName>קצפת צמחית</ItemName>
      <ManufacturerName>תנובה מרכז שיתופי לש</ManufacturerName>
      <ManufactureCountry>ישראל</ManufactureCountry>
      <ManufacturerItemDescription>קצפת צמחית השף הלבן 250 מל</ManufacturerItemDescription>
      <UnitQty>מיליליטרים</UnitQty>
      <Quantity>250.00</Quantity>
      <UnitOfMeasure>100 מ"ל</UnitOfMeasure>
      <bIsWeighted>0</bIsWeighted>
      <QtyInPackage>1</QtyInPackage>
      <ItemPrice>9.40</ItemPrice>
      <UnitOfMeasurePrice>3.7600</UnitOfMeasurePrice>
      <AllowDiscount>1</AllowDiscount>
      <ItemStatus>1</ItemStatus>
      <ItemId>33294</ItemId>
    </Item>
    <Item>
      <PriceUpdateDate>2015-10-01 06:13:11</PriceUpdateDate>
      <ItemCode>7290000107165</ItemCode>
      <ItemType>1</ItemType>
      <ItemName>חטיף פולי סויה אדממה</ItemName>
      <ManufacturerName>סנפרוסט</ManufacturerName>
      <ManufactureCountry>ישראל</ManufactureCountry>
      <ManufacturerItemDescription>חטיף פולי סויה אדממה 400 ג</ManufacturerItemDescription>
      <UnitQty>גרמים</UnitQty>
      <Quantity>400.00</Quantity>
      <UnitOfMeasure>100 גרם</UnitOfMeasure>
      <bIsWeighted>0</bIsWeighted>
      <QtyInPackage>1</QtyInPackage>
      <ItemPrice>15.70</ItemPrice>
      <UnitOfMeasurePrice>3.9250</UnitOfMeasurePrice>
      <AllowDiscount>1</AllowDiscount>
      <ItemStatus>1</ItemStatus>
      <ItemId>33322</ItemId>
    </Item>
    <Item>
      <PriceUpdateDate>2015-10-01 06:13:18</PriceUpdateDate>
      <ItemCode>7290010931330</ItemCode>
      <ItemType>1</ItemType>
      <ItemName>סלט מטבוחה</ItemName>
      <ManufacturerName>שטראוס גרופ</ManufacturerName>
      <ManufactureCountry>ישראל</ManufactureCountry>
      <ManufacturerItemDescription>סלט מטבוחה 500 גרם</ManufacturerItemDescription>
      <UnitQty>גרמים</UnitQty>
      <Quantity>500.00</Quantity>
      <UnitOfMeasure>100 גרם</UnitOfMeasure>
      <bIsWeighted>0</bIsWeighted>
      <QtyInPackage>1</QtyInPackage>
      <ItemPrice>14.60</ItemPrice>
      <UnitOfMeasurePrice>2.9200</UnitOfMeasurePrice>
      <AllowDiscount>1</AllowDiscount>
      <ItemStatus>1</ItemStatus>
      <ItemId>33745</ItemId>
    </Item>
    <Item>
      <PriceUpdateDate>2015-10-01 06:14:37</PriceUpdateDate>
      <ItemCode>7290003015474</ItemCode>
      <ItemType>1</ItemType>
      <ItemName>מגבוני בייב כיף 1/4</ItemName>
      <ManufacturerName>טרופיקל דגיל</ManufacturerName>
      <ManufactureCountry>לא ידוע</ManufactureCountry>
      <ManufacturerItemDescription>מגבוני בייבי כיף מבושם              1/4</ManufacturerItemDescription>
      <UnitQty>Unknown </UnitQty>
      <Quantity>0.00</Quantity>
      <UnitOfMeasure>Unknown </UnitOfMeasure>
      <bIsWeighted>0</bIsWeighted>
      <QtyInPackage>1</QtyInPackage>
      <ItemPrice>22.70</ItemPrice>
      <UnitOfMeasurePrice>0.0000</UnitOfMeasurePrice>
      <AllowDiscount>1</AllowDiscount>
      <ItemStatus>1</ItemStatus>
      <ItemId>33776</ItemId>
    </Item>
    <Item>
      <PriceUpdateDate>2015-08-12 06:10:45</PriceUpdateDate>
      <ItemCode>7290008754415</ItemCode>
      <ItemType>1</ItemType>
      <ItemName>מסטיק מאסט ספירמינט</ItemName>
      <ManufacturerName>שטראוס גרופ</ManufacturerName>
      <ManufactureCountry>ישראל</ManufactureCountry>
      <ManufacturerItemDescription>מסטיק מאסט עדיין ספירמינט</ManufacturerItemDescription>
      <UnitQty>Unknown </UnitQty>
      <Quantity>0.00</Quantity>
      <UnitOfMeasure>Unknown </UnitOfMeasure>
      <bIsWeighted>0</bIsWeighted>
      <QtyInPackage>1</QtyInPackage>
      <ItemPrice>4.50</ItemPrice>
      <UnitOfMeasurePrice>0.0000</UnitOfMeasurePrice>
      <AllowDiscount>1</AllowDiscount>
      <ItemStatus>1</ItemStatus>
      <ItemId>33890</ItemId>
    </Item>
    <Item>
      <PriceUpdateDate>2015-08-12 06:10:45</PriceUpdateDate>
      <ItemCode>7290008754422</ItemCode>
      <ItemType>1</ItemType>
      <ItemName>מסטיק מאסט פפרמינט</ItemName>
      <ManufacturerName>שטראוס גרופ</ManufacturerName>
      <ManufactureCountry>ישראל</ManufactureCountry>
      <ManufacturerItemDescription>מסטיק מאסט קלאסי פפרמינט</ManufacturerItemDescription>
      <UnitQty>Unknown </UnitQty>
      <Quantity>0.00</Quantity>
      <UnitOfMeasure>Unknown </UnitOfMeasure>
      <bIsWeighted>0</bIsWeighted>
      <QtyInPackage>1</QtyInPackage>
      <ItemPrice>4.50</ItemPrice>
      <UnitOfMeasurePrice>0.0000</UnitOfMeasurePrice>
      <AllowDiscount>1</AllowDiscount>
      <ItemStatus>1</ItemStatus>
      <ItemId>33891</ItemId>
    </Item>
    <Item>
      <PriceUpdateDate>2015-10-01 06:15:30</PriceUpdateDate>
      <ItemCode>7290002331124</ItemCode>
      <ItemType>1</ItemType>
      <ItemName>מי נביעות +תפוח</ItemName>
      <ManufacturerName>נביעות</ManufacturerName>
      <ManufactureCountry>ישראל</ManufactureCountry>
      <ManufacturerItemDescription>נביעות +תפוח 0.5 ליטר</ManufacturerItemDescription>
      <UnitQty>מיליליטרים</UnitQty>
      <Quantity>500.00</Quantity>
      <UnitOfMeasure>100 מ"ל</UnitOfMeasure>
      <bIsWeighted>0</bIsWeighted>
      <QtyInPackage>1</QtyInPackage>
      <ItemPrice>7.70</ItemPrice>
      <UnitOfMeasurePrice>1.5400</UnitOfMeasurePrice>
      <AllowDiscount>1</AllowDiscount>
      <ItemStatus>1</ItemStatus>
      <ItemId>33899</ItemId>
    </Item>
    <Item>
      <PriceUpdateDate>2015-10-01 06:16:48</PriceUpdateDate>
      <ItemCode>7290011074296</ItemCode>
      <ItemType>1</ItemType>
      <ItemName>מחדש כביסה קליה</ItemName>
      <ManufacturerName>יושלם</ManufacturerName>
      <ManufactureCountry>יושלם</ManufactureCountry>
      <ManufacturerItemDescription>קליה אבקה 1.4 קג</ManufacturerItemDescription>
      <UnitQty>קילוגרמים</UnitQty>
      <Quantity>1.40</Quantity>
      <UnitOfMeasure>ק"ג</UnitOfMeasure>
      <bIsWeighted>0</bIsWeighted>
      <QtyInPackage>1</QtyInPackage>
      <ItemPrice>39.40</ItemPrice>
      <UnitOfMeasurePrice>28.1429</UnitOfMeasurePrice>
      <AllowDiscount>1</AllowDiscount>
      <ItemStatus>1</ItemStatus>
      <ItemId>33985</ItemId>
    </Item>
    <Item>
      <PriceUpdateDate>2015-01-01 00:00:00</PriceUpdateDate>
      <ItemCode>7290003126019</ItemCode>
      <ItemType>1</ItemType>
      <ItemName>גבינה עיזים פרומז</ItemName>
      <ManufacturerName>מחלבת משק צוריאל</ManufacturerName>
      <ManufactureCountry>ישראל</ManufactureCountry>
      <ManufacturerItemDescription>גבינה עיזים פרומז 250 5% גרם</ManufacturerItemDescription>
      <UnitQty>גרמים</UnitQty>
      <Quantity>250.00</Quantity>
      <UnitOfMeasure>100 גרם</UnitOfMeasure>
      <bIsWeighted>0</bIsWeighted>
      <QtyInPackage>1</QtyInPackage>
      <ItemPrice>16.40</ItemPrice>
      <UnitOfMeasurePrice>6.5600</UnitOfMeasurePrice>
      <AllowDiscount>1</AllowDiscount>
      <ItemStatus>1</ItemStatus>
      <ItemId>34018</ItemId>
    </Item>
    <Item>
      <PriceUpdateDate>2015-10-01 06:13:38</PriceUpdateDate>
      <ItemCode>7290002741091</ItemCode>
      <ItemType>1</ItemType>
      <ItemName>חטיף דגנים פצפוצים</ItemName>
      <ManufacturerName>אתר צפת חטיפים - Foo</ManufacturerName>
      <ManufactureCountry>ישראל</ManufactureCountry>
      <ManufacturerItemDescription>חטיף דגנים פצפוצי שוקו 184 גר</ManufacturerItemDescription>
      <UnitQty>גרמים</UnitQty>
      <Quantity>184.00</Quantity>
      <UnitOfMeasure>100 גרם</UnitOfMeasure>
      <bIsWeighted>0</bIsWeighted>
      <QtyInPackage>1</QtyInPackage>
      <ItemPrice>19.50</ItemPrice>
      <UnitOfMeasurePrice>10.5978</UnitOfMeasurePrice>
      <AllowDiscount>1</AllowDiscount>
      <ItemStatus>1</ItemStatus>
      <ItemId>34037</ItemId>
    </Item>
    <Item>
      <PriceUpdateDate>2015-11-02 13:27:53</PriceUpdateDate>
      <ItemCode>7622400013423</ItemCode>
      <ItemType>1</ItemType>
      <ItemName>שוקולד קוטדור86%קקאו</ItemName>
      <ManufacturerName>מונדלייז</ManufacturerName>
      <ManufactureCountry>בלגיה</ManufactureCountry>
      <ManufacturerItemDescription>שוקולד קוטדור 86%קקאו 100 גרם</ManufacturerItemDescription>
      <UnitQty>גרמים</UnitQty>
      <Quantity>100.00</Quantity>
      <UnitOfMeasure>100 גרם</UnitOfMeasure>
      <bIsWeighted>0</bIsWeighted>
      <QtyInPackage>1</QtyInPackage>
      <ItemPrice>17.90</ItemPrice>
      <UnitOfMeasurePrice>17.9000</UnitOfMeasurePrice>
      <AllowDiscount>1</AllowDiscount>
      <ItemStatus>1</ItemStatus>
      <ItemId>34043</ItemId>
    </Item>
    <Item>
      <PriceUpdateDate>2015-10-01 06:21:30</PriceUpdateDate>
      <ItemCode>7290011097219</ItemCode>
      <ItemType>1</ItemType>
      <ItemName>ניקוי כללי גל קלין</ItemName>
      <ManufacturerName>יושלם</ManufacturerName>
      <ManufactureCountry>יושלם</ManufactureCountry>
      <ManufacturerItemDescription>לניקוי כללי גל קלין 2 ל</ManufacturerItemDescription>
      <UnitQty>ליטרים</UnitQty>
      <Quantity>2.00</Quantity>
      <UnitOfMeasure>ליטר</UnitOfMeasure>
      <bIsWeighted>0</bIsWeighted>
      <QtyInPackage>1</QtyInPackage>
      <ItemPrice>22.10</ItemPrice>
      <UnitOfMeasurePrice>11.0500</UnitOfMeasurePrice>
      <AllowDiscount>1</AllowDiscount>
      <ItemStatus>1</ItemStatus>
      <ItemId>34505</ItemId>
    </Item>
    <Item>
      <PriceUpdateDate>2015-01-01 00:00:00</PriceUpdateDate>
      <ItemCode>7290000267548</ItemCode>
      <ItemType>1</ItemType>
      <ItemName>אגוז גרוס 100 גרם</ItemName>
      <ManufacturerName>שקדיה</ManufacturerName>
      <ManufactureCountry>ישראל</ManufactureCountry>
      <ManufacturerItemDescription>אגוז גרוס 100 גרם</ManufacturerItemDescription>
      <UnitQty>גרמים</UnitQty>
      <Quantity>100.00</Quantity>
      <UnitOfMeasure>100 גרם</UnitOfMeasure>
      <bIsWeighted>0</bIsWeighted>
      <QtyInPackage>1</QtyInPackage>
      <ItemPrice>10.70</ItemPrice>
      <UnitOfMeasurePrice>10.7000</UnitOfMeasurePrice>
      <AllowDiscount>1</AllowDiscount>
      <ItemStatus>1</ItemStatus>
      <ItemId>34521</ItemId>
    </Item>
    <Item>
      <PriceUpdateDate>2015-10-01 06:16:33</PriceUpdateDate>
      <ItemCode>7290000267586</ItemCode>
      <ItemType>1</ItemType>
      <ItemName>גרעין חמנייה קלוף</ItemName>
      <ManufacturerName>דין שיווק וקליה בע"מ</ManufacturerName>
      <ManufactureCountry>ארצות הברית</ManufactureCountry>
      <ManufacturerItemDescription>גרעין חמנייה קלוף טבעי 150 גרם</ManufacturerItemDescription>
      <UnitQty>גרמים</UnitQty>
      <Quantity>150.00</Quantity>
      <UnitOfMeasure>100 גרם</UnitOfMeasure>
      <bIsWeighted>0</bIsWeighted>
      <QtyInPackage>1</QtyInPackage>
      <ItemPrice>9.80</ItemPrice>
      <UnitOfMeasurePrice>6.5333</UnitOfMeasurePrice>
      <AllowDiscount>0</AllowDiscount>
      <ItemStatus>1</ItemStatus>
      <ItemId>34523</ItemId>
    </Item>
    <Item>
      <PriceUpdateDate>2015-10-02 09:08:56</PriceUpdateDate>
      <ItemCode>7290102300860</ItemCode>
      <ItemType>1</ItemType>
      <ItemName>גבינת צ"דר אנגלית</ItemName>
      <ManufacturerName>יושלם</ManufacturerName>
      <ManufactureCountry>יושלם</ManufactureCountry>
      <ManufacturerItemDescription>גבינת צ"דר אנגלית 200 גר</ManufacturerItemDescription>
      <UnitQty>גרמים</UnitQty>
      <Quantity>200.00</Quantity>
      <UnitOfMeasure>100 גרם</UnitOfMeasure>
      <bIsWeighted>0</bIsWeighted>
      <QtyInPackage>1</QtyInPackage>
      <ItemPrice>19.90</ItemPrice>
      <UnitOfMeasurePrice>9.9500</UnitOfMeasurePrice>
      <AllowDiscount>1</AllowDiscount>
      <ItemStatus>1</ItemStatus>
      <ItemId>87074</ItemId>
    </Item>
    <Item>
      <PriceUpdateDate>2015-10-01 06:15:18</PriceUpdateDate>
      <ItemCode>7290010921034</ItemCode>
      <ItemType>1</ItemType>
      <ItemName>מיץ רימונים</ItemName>
      <ManufacturerName>גולון</ManufacturerName>
      <ManufactureCountry>טורקיה</ManufactureCountry>
      <ManufacturerItemDescription>מיץ רימונים 1 - 100% ליטר</ManufacturerItemDescription>
      <UnitQty>ליטרים</UnitQty>
      <Quantity>1.00</Quantity>
      <UnitOfMeasure>ליטר</UnitOfMeasure>
      <bIsWeighted>0</bIsWeighted>
      <QtyInPackage>1</QtyInPackage>
      <ItemPrice>16.70</ItemPrice>
      <UnitOfMeasurePrice>16.7000</UnitOfMeasurePrice>
      <AllowDiscount>1</AllowDiscount>
      <ItemStatus>1</ItemStatus>
      <ItemId>34762</ItemId>
    </Item>
    <Item>
      <PriceUpdateDate>2015-10-01 06:14:37</PriceUpdateDate>
      <ItemCode>7290003015627</ItemCode>
      <ItemType>1</ItemType>
      <ItemName>ריצפז פרש אפרסק</ItemName>
      <ManufacturerName>סנו</ManufacturerName>
      <ManufactureCountry>ישראל</ManufactureCountry>
      <ManufacturerItemDescription>ריצפז סנופרש אפרסק 2 ל                 "</ManufacturerItemDescription>
      <UnitQty>ליטרים</UnitQty>
      <Quantity>2.00</Quantity>
      <UnitOfMeasure>ליטר</UnitOfMeasure>
      <bIsWeighted>0</bIsWeighted>
      <QtyInPackage>1</QtyInPackage>
      <ItemPrice>19.70</ItemPrice>
      <UnitOfMeasurePrice>9.8500</UnitOfMeasurePrice>
      <AllowDiscount>1</AllowDiscount>
      <ItemStatus>1</ItemStatus>
      <ItemId>34788</ItemId>
    </Item>
    <Item>
      <PriceUpdateDate>2015-10-01 06:14:37</PriceUpdateDate>
      <ItemCode>7290003015641</ItemCode>
      <ItemType>1</ItemType>
      <ItemName>ריצפז פרש יסמין    .</ItemName>
      <ManufacturerName>סנו</ManufacturerName>
      <ManufactureCountry>ישראל</ManufactureCountry>
      <ManufacturerItemDescription>ריצפז סנופרש יסמין 2 ל                 "</ManufacturerItemDescription>
      <UnitQty>ליטרים</UnitQty>
      <Quantity>2.00</Quantity>
      <UnitOfMeasure>ליטר</UnitOfMeasure>
      <bIsWeighted>0</bIsWeighted>
      <QtyInPackage>1</QtyInPackage>
      <ItemPrice>19.70</ItemPrice>
      <UnitOfMeasurePrice>9.8500</UnitOfMeasurePrice>
      <AllowDiscount>1</AllowDiscount>
      <ItemStatus>1</ItemStatus>
      <ItemId>34790</ItemId>
    </Item>
    <Item>
      <PriceUpdateDate>2015-10-01 06:13:18</PriceUpdateDate>
      <ItemCode>7290100857045</ItemCode>
      <ItemType>1</ItemType>
      <ItemName>ספלנדיד מריר עם קפה</ItemName>
      <ManufacturerName>שטראוס גרופ</ManufacturerName>
      <ManufactureCountry>ישראל</ManufactureCountry>
      <ManufacturerItemDescription>שוקולד ספלנדיד מריר עם קפה</ManufacturerItemDescription>
      <UnitQty>גרמים</UnitQty>
      <Quantity>100.00</Quantity>
      <UnitOfMeasure>100 גרם</UnitOfMeasure>
      <bIsWeighted>0</bIsWeighted>
      <QtyInPackage>1</QtyInPackage>
      <ItemPrice>11.60</ItemPrice>
      <UnitOfMeasurePrice>11.6000</UnitOfMeasurePrice>
      <AllowDiscount>1</AllowDiscount>
      <ItemStatus>1</ItemStatus>
      <ItemId>35014</ItemId>
    </Item>
    <Item>
      <PriceUpdateDate>2015-08-02 08:18:34</PriceUpdateDate>
      <ItemCode>7290004126872</ItemCode>
      <ItemType>1</ItemType>
      <ItemName>שוקו בקבוק 250 מ</ItemName>
      <ManufacturerName>תנובה מרכז שיתופי לש</ManufacturerName>
      <ManufactureCountry>ישראל</ManufactureCountry>
      <ManufacturerItemDescription>שוקו בקבוק 250 מל מהדרין</ManufacturerItemDescription>
      <UnitQty>מיליליטרים</UnitQty>
      <Quantity>250.00</Quantity>
      <UnitOfMeasure>100 מ"ל</UnitOfMeasure>
      <bIsWeighted>0</bIsWeighted>
      <QtyInPackage>1</QtyInPackage>
      <ItemPrice>5.70</ItemPrice>
      <UnitOfMeasurePrice>2.2800</UnitOfMeasurePrice>
      <AllowDiscount>1</AllowDiscount>
      <ItemStatus>1</ItemStatus>
      <ItemId>35041</ItemId>
    </Item>
    <Item>
      <PriceUpdateDate>2015-10-01 06:18:39</PriceUpdateDate>
      <ItemCode>7290004134198</ItemCode>
      <ItemType>1</ItemType>
      <ItemName>משקה בננה 250 מ"ל</ItemName>
      <ManufacturerName>תנובה מרכז שיתופי לש</ManufacturerName>
      <ManufactureCountry>ישראל</ManufactureCountry>
      <ManufacturerItemDescription>משקה בננה 250 מ"ל מהדרין</ManufacturerItemDescription>
      <UnitQty>מיליליטרים</UnitQty>
      <Quantity>250.00</Quantity>
      <UnitOfMeasure>100 מ"ל</UnitOfMeasure>
      <bIsWeighted>0</bIsWeighted>
      <QtyInPackage>1</QtyInPackage>
      <ItemPrice>5.60</ItemPrice>
      <UnitOfMeasurePrice>2.2400</UnitOfMeasurePrice>
      <AllowDiscount>1</AllowDiscount>
      <ItemStatus>1</ItemStatus>
      <ItemId>35042</ItemId>
    </Item>
    <Item>
      <PriceUpdateDate>2015-10-01 06:13:53</PriceUpdateDate>
      <ItemCode>7290011126223</ItemCode>
      <ItemType>1</ItemType>
      <ItemName>חליטת צמחים רימונים</ItemName>
      <ManufacturerName>ויסוצקי</ManufacturerName>
      <ManufactureCountry>ישראל</ManufactureCountry>
      <ManufacturerItemDescription>חליטת רימונים 25 יח 2.5 "גר            "</ManufacturerItemDescription>
      <UnitQty>גרמים</UnitQty>
      <Quantity>62.00</Quantity>
      <UnitOfMeasure>100 גרם</UnitOfMeasure>
      <bIsWeighted>0</bIsWeighted>
      <QtyInPackage>1</QtyInPackage>
      <ItemPrice>18.50</ItemPrice>
      <UnitOfMeasurePrice>29.8387</UnitOfMeasurePrice>
      <AllowDiscount>1</AllowDiscount>
      <ItemStatus>1</ItemStatus>
      <ItemId>35064</ItemId>
    </Item>
    <Item>
      <PriceUpdateDate>2015-10-01 06:15:02</PriceUpdateDate>
      <ItemCode>8076809513739</ItemCode>
      <ItemType>1</ItemType>
      <ItemName>רוטב פסטה בזיליקום</ItemName>
      <ManufacturerName>BARILLA G.E.R.</ManufacturerName>
      <ManufactureCountry>איטליה</ManufactureCountry>
      <ManufacturerItemDescription>רוטב פסטה ברילה בזיליקום400 גר</ManufacturerItemDescription>
      <UnitQty>גרמים</UnitQty>
      <Quantity>400.00</Quantity>
      <UnitOfMeasure>100 גרם</UnitOfMeasure>
      <bIsWeighted>0</bIsWeighted>
      <QtyInPackage>1</QtyInPackage>
      <ItemPrice>15.80</ItemPrice>
      <UnitOfMeasurePrice>3.9500</UnitOfMeasurePrice>
      <AllowDiscount>1</AllowDiscount>
      <ItemStatus>1</ItemStatus>
      <ItemId>35110</ItemId>
    </Item>
    <Item>
      <PriceUpdateDate>2015-10-01 06:16:11</PriceUpdateDate>
      <ItemCode>7290003126712</ItemCode>
      <ItemType>1</ItemType>
      <ItemName>יוגורט עיזים   3.9%</ItemName>
      <ManufacturerName>מחלבת משק צוריאל</ManufacturerName>
      <ManufactureCountry>ישראל</ManufactureCountry>
      <ManufacturerItemDescription>יוגורט עיזים 150 3.9% גר</ManufacturerItemDescription>
      <UnitQty>גרמים</UnitQty>
      <Quantity>150.00</Quantity>
      <UnitOfMeasure>100 גרם</UnitOfMeasure>
      <bIsWeighted>0</bIsWeighted>
      <QtyInPackage>1</QtyInPackage>
      <ItemPrice>6.20</ItemPrice>
      <UnitOfMeasurePrice>4.1333</UnitOfMeasurePrice>
      <AllowDiscount>1</AllowDiscount>
      <ItemStatus>1</ItemStatus>
      <ItemId>35308</ItemId>
    </Item>
    <Item>
      <PriceUpdateDate>2015-10-01 06:16:28</PriceUpdateDate>
      <ItemCode>7290000197012</ItemCode>
      <ItemType>1</ItemType>
      <ItemName>שקית ריצרץX18 בקופסא</ItemName>
      <ManufacturerName>קילת</ManufacturerName>
      <ManufactureCountry>לא ידוע</ManufactureCountry>
      <ManufacturerItemDescription>שקית ריצרץX18 בקופסא 15 יח          19"</ManufacturerItemDescription>
      <UnitQty>Unknown </UnitQty>
      <Quantity>0.00</Quantity>
      <UnitOfMeasure>Unknown </UnitOfMeasure>
      <bIsWeighted>0</bIsWeighted>
      <QtyInPackage>1</QtyInPackage>
      <ItemPrice>15.30</ItemPrice>
      <UnitOfMeasurePrice>0.0000</UnitOfMeasurePrice>
      <AllowDiscount>1</AllowDiscount>
      <ItemStatus>1</ItemStatus>
      <ItemId>35327</ItemId>
    </Item>
    <Item>
      <PriceUpdateDate>2015-10-01 06:14:38</PriceUpdateDate>
      <ItemCode>7290000149615</ItemCode>
      <ItemType>1</ItemType>
      <ItemName>סבון מוצק  תינוק</ItemName>
      <ManufacturerName>גליל כימיכלים בע"מ</ManufacturerName>
      <ManufactureCountry>ישראל</ManufactureCountry>
      <ManufacturerItemDescription>נקה 7 סבון מוצק  תינוק              1/4</ManufacturerItemDescription>
      <UnitQty>גרמים</UnitQty>
      <Quantity>400.00</Quantity>
      <UnitOfMeasure>100 גרם</UnitOfMeasure>
      <bIsWeighted>0</bIsWeighted>
      <QtyInPackage>4</QtyInPackage>
      <ItemPrice>14.80</ItemPrice>
      <UnitOfMeasurePrice>3.7000</UnitOfMeasurePrice>
      <AllowDiscount>1</AllowDiscount>
      <ItemStatus>1</ItemStatus>
      <ItemId>35427</ItemId>
    </Item>
    <Item>
      <PriceUpdateDate>2015-10-01 06:14:38</PriceUpdateDate>
      <ItemCode>7290011115203</ItemCode>
      <ItemType>1</ItemType>
      <ItemName>נקה 7 סבן מוצק  1/4</ItemName>
      <ManufacturerName>גליל כימיכלים בע"מ</ManufacturerName>
      <ManufactureCountry>ישראל</ManufactureCountry>
      <ManufacturerItemDescription>נקה 7 סבון מוצק  ורוד              1/4</ManufacturerItemDescription>
      <UnitQty>גרמים</UnitQty>
      <Quantity>400.00</Quantity>
      <UnitOfMeasure>100 גרם</UnitOfMeasure>
      <bIsWeighted>0</bIsWeighted>
      <QtyInPackage>4</QtyInPackage>
      <ItemPrice>14.80</ItemPrice>
      <UnitOfMeasurePrice>3.7000</UnitOfMeasurePrice>
      <AllowDiscount>1</AllowDiscount>
      <ItemStatus>1</ItemStatus>
      <ItemId>35442</ItemId>
    </Item>
    <Item>
      <PriceUpdateDate>2015-01-01 00:00:00</PriceUpdateDate>
      <ItemCode>7290011153526</ItemCode>
      <ItemType>1</ItemType>
      <ItemName>קנדי טוי הלו קטי</ItemName>
      <ManufacturerName>ממתק סויט</ManufacturerName>
      <ManufactureCountry>סין</ManufactureCountry>
      <ManufacturerItemDescription>קנדי טוי מאורר הלו קטי</ManufacturerItemDescription>
      <UnitQty>Unknown </UnitQty>
      <Quantity>0.00</Quantity>
      <UnitOfMeasure>Unknown </UnitOfMeasure>
      <bIsWeighted>0</bIsWeighted>
      <QtyInPackage>1</QtyInPackage>
      <ItemPrice>28.00</ItemPrice>
      <UnitOfMeasurePrice>0.0000</UnitOfMeasurePrice>
      <AllowDiscount>1</AllowDiscount>
      <ItemStatus>1</ItemStatus>
      <ItemId>35480</ItemId>
    </Item>
    <Item>
      <PriceUpdateDate>2016-05-19 11:18:06</PriceUpdateDate>
      <ItemCode>7290010154265</ItemCode>
      <ItemType>1</ItemType>
      <ItemName>פלפל צ"ומה</ItemName>
      <ManufacturerName>תבליני ביטון</ManufacturerName>
      <ManufactureCountry>ישראל</ManufactureCountry>
      <ManufacturerItemDescription>פלפל צ"ומה 250 גרם ביטון</ManufacturerItemDescription>
      <UnitQty>גרמים</UnitQty>
      <Quantity>250.00</Quantity>
      <UnitOfMeasure>100 גרם</UnitOfMeasure>
      <bIsWeighted>0</bIsWeighted>
      <QtyInPackage>1</QtyInPackage>
      <ItemPrice>16.00</ItemPrice>
      <UnitOfMeasurePrice>6.4000</UnitOfMeasurePrice>
      <AllowDiscount>1</AllowDiscount>
      <ItemStatus>1</ItemStatus>
      <ItemId>35501</ItemId>
    </Item>
    <Item>
      <PriceUpdateDate>2015-01-01 00:00:00</PriceUpdateDate>
      <ItemCode>4009900379564</ItemCode>
      <ItemType>1</ItemType>
      <ItemName>הובה בובה טייפ פירות</ItemName>
      <ManufacturerName>ריגלי</ManufacturerName>
      <ManufactureCountry>בריטניה</ManufactureCountry>
      <ManufacturerItemDescription>הובה בובה טייפ פירות</ManufacturerItemDescription>
      <UnitQty>Unknown </UnitQty>
      <Quantity>0.00</Quantity>
      <UnitOfMeasure>Unknown </UnitOfMeasure>
      <bIsWeighted>0</bIsWeighted>
      <QtyInPackage>1</QtyInPackage>
      <ItemPrice>8.50</ItemPrice>
      <UnitOfMeasurePrice>0.0000</UnitOfMeasurePrice>
      <AllowDiscount>1</AllowDiscount>
      <ItemStatus>1</ItemStatus>
      <ItemId>35539</ItemId>
    </Item>
    <Item>
      <PriceUpdateDate>2016-07-05 14:56:49</PriceUpdateDate>
      <ItemCode>7290104509247</ItemCode>
      <ItemType>1</ItemType>
      <ItemName>עוגת קראנץ שוקולד</ItemName>
      <ManufacturerName>בונזור</ManufacturerName>
      <ManufactureCountry>ישראל</ManufactureCountry>
      <ManufacturerItemDescription>עוגת קראנץ שוקולד</ManufacturerItemDescription>
      <UnitQty>Unknown </UnitQty>
      <Quantity>0.00</Quantity>
      <UnitOfMeasure>Unknown </UnitOfMeasure>
      <bIsWeighted>0</bIsWeighted>
      <QtyInPackage>1</QtyInPackage>
      <ItemPrice>21.90</ItemPrice>
      <UnitOfMeasurePrice>0.0000</UnitOfMeasurePrice>
      <AllowDiscount>1</AllowDiscount>
      <ItemStatus>1</ItemStatus>
      <ItemId>76755</ItemId>
    </Item>
    <Item>
      <PriceUpdateDate>2015-10-01 06:13:18</PriceUpdateDate>
      <ItemCode>7290001817582</ItemCode>
      <ItemType>1</ItemType>
      <ItemName>מארז ציטוס כאפה</ItemName>
      <ManufacturerName>שטראוס גרופ</ManufacturerName>
      <ManufactureCountry>ישראל</ManufactureCountry>
      <ManufacturerItemDescription>מארז ציטוס כאפה 10 יח                  "</ManufacturerItemDescription>
      <UnitQty>גרמים</UnitQty>
      <Quantity>150.00</Quantity>
      <UnitOfMeasure>100 גרם</UnitOfMeasure>
      <bIsWeighted>0</bIsWeighted>
      <QtyInPackage>1</QtyInPackage>
      <ItemPrice>10.00</ItemPrice>
      <UnitOfMeasurePrice>6.6667</UnitOfMeasurePrice>
      <AllowDiscount>1</AllowDiscount>
      <ItemStatus>1</ItemStatus>
      <ItemId>36215</ItemId>
    </Item>
    <Item>
      <PriceUpdateDate>2015-10-01 06:14:38</PriceUpdateDate>
      <ItemCode>7290005430480</ItemCode>
      <ItemType>1</ItemType>
      <ItemName>מטלית הפלא</ItemName>
      <ManufacturerName>N.S.</ManufacturerName>
      <ManufactureCountry>סין</ManufactureCountry>
      <ManufacturerItemDescription>מטלית הפלא סנו סושי למשטח</ManufacturerItemDescription>
      <UnitQty>Unknown </UnitQty>
      <Quantity>0.00</Quantity>
      <UnitOfMeasure>Unknown </UnitOfMeasure>
      <bIsWeighted>0</bIsWeighted>
      <QtyInPackage>1</QtyInPackage>
      <ItemPrice>10.40</ItemPrice>
      <UnitOfMeasurePrice>0.0000</UnitOfMeasurePrice>
      <AllowDiscount>1</AllowDiscount>
      <ItemStatus>1</ItemStatus>
      <ItemId>36264</ItemId>
    </Item>
    <Item>
      <PriceUpdateDate>2015-07-24 06:45:12</PriceUpdateDate>
      <ItemCode>7290006273239</ItemCode>
      <ItemType>1</ItemType>
      <ItemName>מאפה שמרים שוקולד</ItemName>
      <ManufacturerName>קונדיטוריות לחמי</ManufacturerName>
      <ManufactureCountry>לא ידוע</ManufactureCountry>
      <ManufacturerItemDescription>מאפה שמרים בטעם שוקולד 450 גרם</ManufacturerItemDescription>
      <UnitQty>גרמים</UnitQty>
      <Quantity>450.00</Quantity>
      <UnitOfMeasure>100 גרם</UnitOfMeasure>
      <bIsWeighted>0</bIsWeighted>
      <QtyInPackage>1</QtyInPackage>
      <ItemPrice>18.90</ItemPrice>
      <UnitOfMeasurePrice>4.2000</UnitOfMeasurePrice>
      <AllowDiscount>1</AllowDiscount>
      <ItemStatus>1</ItemStatus>
      <ItemId>36289</ItemId>
    </Item>
    <Item>
      <PriceUpdateDate>2015-10-01 06:16:48</PriceUpdateDate>
      <ItemCode>7290006273246</ItemCode>
      <ItemType>1</ItemType>
      <ItemName>מאפה שמרים טעם קנמון</ItemName>
      <ManufacturerName>קונדיטוריות לחמי</ManufacturerName>
      <ManufactureCountry>ישראל</ManufactureCountry>
      <ManufacturerItemDescription>מאפה שמרים בטעם קינמון 450 גרם</ManufacturerItemDescription>
      <UnitQty>גרמים</UnitQty>
      <Quantity>450.00</Quantity>
      <UnitOfMeasure>100 גרם</UnitOfMeasure>
      <bIsWeighted>0</bIsWeighted>
      <QtyInPackage>1</QtyInPackage>
      <ItemPrice>18.70</ItemPrice>
      <UnitOfMeasurePrice>4.1556</UnitOfMeasurePrice>
      <AllowDiscount>1</AllowDiscount>
      <ItemStatus>1</ItemStatus>
      <ItemId>36290</ItemId>
    </Item>
    <Item>
      <PriceUpdateDate>2015-10-01 06:13:53</PriceUpdateDate>
      <ItemCode>7290006273284</ItemCode>
      <ItemType>1</ItemType>
      <ItemName>מאפה שמרים אספרסו</ItemName>
      <ManufacturerName>קונדיטוריות לחמי</ManufacturerName>
      <ManufactureCountry>ישראל</ManufactureCountry>
      <ManufacturerItemDescription>מאפה שמרים-אספרסו ושוקולד לבן</ManufacturerItemDescription>
      <UnitQty>גרמים</UnitQty>
      <Quantity>450.00</Quantity>
      <UnitOfMeasure>100 גרם</UnitOfMeasure>
      <bIsWeighted>0</bIsWeighted>
      <QtyInPackage>1</QtyInPackage>
      <ItemPrice>18.70</ItemPrice>
      <UnitOfMeasurePrice>4.1556</UnitOfMeasurePrice>
      <AllowDiscount>1</AllowDiscount>
      <ItemStatus>1</ItemStatus>
      <ItemId>36291</ItemId>
    </Item>
    <Item>
      <PriceUpdateDate>2015-10-01 06:13:38</PriceUpdateDate>
      <ItemCode>7290011308117</ItemCode>
      <ItemType>1</ItemType>
      <ItemName>קרקר 6 דגנים B&amp;B גרם</ItemName>
      <ManufacturerName>אפיפית - 3P Local Fo</ManufacturerName>
      <ManufactureCountry>ישראל</ManufactureCountry>
      <ManufacturerItemDescription>קרקר 6 דגנים</ManufacturerItemDescription>
      <UnitQty>גרמים</UnitQty>
      <Quantity>200.00</Quantity>
      <UnitOfMeasure>100 גרם</UnitOfMeasure>
      <bIsWeighted>0</bIsWeighted>
      <QtyInPackage>1</QtyInPackage>
      <ItemPrice>8.40</ItemPrice>
      <UnitOfMeasurePrice>4.2000</UnitOfMeasurePrice>
      <AllowDiscount>1</AllowDiscount>
      <ItemStatus>1</ItemStatus>
      <ItemId>36422</ItemId>
    </Item>
    <Item>
      <PriceUpdateDate>2015-10-01 06:13:38</PriceUpdateDate>
      <ItemCode>7290011308179</ItemCode>
      <ItemType>1</ItemType>
      <ItemName>קרקר חיטה מלאה עם פש</ItemName>
      <ManufacturerName>אפיפית - 3P Local Fo</ManufacturerName>
      <ManufactureCountry>ישראל</ManufactureCountry>
      <ManufacturerItemDescription>קרקר חיטה מלאה עם פשתן 300 גרם</ManufacturerItemDescription>
      <UnitQty>גרמים</UnitQty>
      <Quantity>300.00</Quantity>
      <UnitOfMeasure>100 גרם</UnitOfMeasure>
      <bIsWeighted>0</bIsWeighted>
      <QtyInPackage>1</QtyInPackage>
      <ItemPrice>12.80</ItemPrice>
      <UnitOfMeasurePrice>4.2667</UnitOfMeasurePrice>
      <AllowDiscount>1</AllowDiscount>
      <ItemStatus>1</ItemStatus>
      <ItemId>36427</ItemId>
    </Item>
    <Item>
      <PriceUpdateDate>2015-11-11 07:49:05</PriceUpdateDate>
      <ItemCode>7290003643684</ItemCode>
      <ItemType>1</ItemType>
      <ItemName>אפונה 500 גר</ItemName>
      <ManufacturerName>סוגת</ManufacturerName>
      <ManufactureCountry>לא ידוע</ManufactureCountry>
      <ManufacturerItemDescription>אפונה 500 גר                           "</ManufacturerItemDescription>
      <UnitQty>גרמים</UnitQty>
      <Quantity>500.00</Quantity>
      <UnitOfMeasure>100 גרם</UnitOfMeasure>
      <bIsWeighted>0</bIsWeighted>
      <QtyInPackage>1</QtyInPackage>
      <ItemPrice>6.90</ItemPrice>
      <UnitOfMeasurePrice>1.3800</UnitOfMeasurePrice>
      <AllowDiscount>1</AllowDiscount>
      <ItemStatus>1</ItemStatus>
      <ItemId>36435</ItemId>
    </Item>
    <Item>
      <PriceUpdateDate>2015-07-22 06:40:46</PriceUpdateDate>
      <ItemCode>7290001419779</ItemCode>
      <ItemType>1</ItemType>
      <ItemName>וופל קלאסי</ItemName>
      <ManufacturerName>גילרו בע"מ</ManufacturerName>
      <ManufactureCountry>לא ידוע</ManufactureCountry>
      <ManufacturerItemDescription>וופל קלאסי 200 גר                      "</ManufacturerItemDescription>
      <UnitQty>גרמים</UnitQty>
      <Quantity>200.00</Quantity>
      <UnitOfMeasure>100 גרם</UnitOfMeasure>
      <bIsWeighted>0</bIsWeighted>
      <QtyInPackage>1</QtyInPackage>
      <ItemPrice>3.90</ItemPrice>
      <UnitOfMeasurePrice>1.9500</UnitOfMeasurePrice>
      <AllowDiscount>1</AllowDiscount>
      <ItemStatus>1</ItemStatus>
      <ItemId>36902</ItemId>
    </Item>
    <Item>
      <PriceUpdateDate>2015-10-01 06:16:33</PriceUpdateDate>
      <ItemCode>7290014472815</ItemCode>
      <ItemType>1</ItemType>
      <ItemName>פיסטוק 170 גרם</ItemName>
      <ManufacturerName>דין שיווק וקליה בע"מ</ManufacturerName>
      <ManufactureCountry>ישראל</ManufactureCountry>
      <ManufacturerItemDescription>פיסטוק 170 גרם</ManufacturerItemDescription>
      <UnitQty>גרמים</UnitQty>
      <Quantity>170.00</Quantity>
      <UnitOfMeasure>100 גרם</UnitOfMeasure>
      <bIsWeighted>0</bIsWeighted>
      <QtyInPackage>1</QtyInPackage>
      <ItemPrice>21.70</ItemPrice>
      <UnitOfMeasurePrice>12.7647</UnitOfMeasurePrice>
      <AllowDiscount>1</AllowDiscount>
      <ItemStatus>1</ItemStatus>
      <ItemId>95613</ItemId>
    </Item>
    <Item>
      <PriceUpdateDate>2015-10-01 06:13:18</PriceUpdateDate>
      <ItemCode>7290100858219</ItemCode>
      <ItemType>1</ItemType>
      <ItemName>טבלת פסק זמן טראפלס</ItemName>
      <ManufacturerName>שטראוס גרופ</ManufacturerName>
      <ManufactureCountry>ישראל</ManufactureCountry>
      <ManufacturerItemDescription>טבלת פסק זמן טראפלס 110 גרם</ManufacturerItemDescription>
      <UnitQty>גרמים</UnitQty>
      <Quantity>110.00</Quantity>
      <UnitOfMeasure>100 גרם</UnitOfMeasure>
      <bIsWeighted>0</bIsWeighted>
      <QtyInPackage>1</QtyInPackage>
      <ItemPrice>8.80</ItemPrice>
      <UnitOfMeasurePrice>8.0000</UnitOfMeasurePrice>
      <AllowDiscount>1</AllowDiscount>
      <ItemStatus>1</ItemStatus>
      <ItemId>37699</ItemId>
    </Item>
    <Item>
      <PriceUpdateDate>2015-10-01 06:13:18</PriceUpdateDate>
      <ItemCode>7290100858226</ItemCode>
      <ItemType>1</ItemType>
      <ItemName>פסק זמן קלאסי</ItemName>
      <ManufacturerName>שטראוס גרופ</ManufacturerName>
      <ManufactureCountry>ישראל</ManufactureCountry>
      <ManufacturerItemDescription>טבלת פסק זמן קלאסי 110 גרם</ManufacturerItemDescription>
      <UnitQty>גרמים</UnitQty>
      <Quantity>110.00</Quantity>
      <UnitOfMeasure>100 גרם</UnitOfMeasure>
      <bIsWeighted>0</bIsWeighted>
      <QtyInPackage>1</QtyInPackage>
      <ItemPrice>8.80</ItemPrice>
      <UnitOfMeasurePrice>8.0000</UnitOfMeasurePrice>
      <AllowDiscount>1</AllowDiscount>
      <ItemStatus>1</ItemStatus>
      <ItemId>37700</ItemId>
    </Item>
    <Item>
      <PriceUpdateDate>2015-07-17 07:33:07</PriceUpdateDate>
      <ItemCode>7290000208336</ItemCode>
      <ItemType>1</ItemType>
      <ItemName>רסק עגבניות     22%</ItemName>
      <ManufacturerName>יכין</ManufacturerName>
      <ManufactureCountry>ישראל</ManufactureCountry>
      <ManufacturerItemDescription>רסק עגבניות 260 22% ג</ManufacturerItemDescription>
      <UnitQty>גרמים</UnitQty>
      <Quantity>260.00</Quantity>
      <UnitOfMeasure>100 גרם</UnitOfMeasure>
      <bIsWeighted>0</bIsWeighted>
      <QtyInPackage>1</QtyInPackage>
      <ItemPrice>3.90</ItemPrice>
      <UnitOfMeasurePrice>1.5000</UnitOfMeasurePrice>
      <AllowDiscount>1</AllowDiscount>
      <ItemStatus>1</ItemStatus>
      <ItemId>37787</ItemId>
    </Item>
    <Item>
      <PriceUpdateDate>2015-07-14 15:10:18</PriceUpdateDate>
      <ItemCode>7290000208947</ItemCode>
      <ItemType>1</ItemType>
      <ItemName>עגבניות מרוסקות</ItemName>
      <ManufacturerName>יכין</ManufacturerName>
      <ManufactureCountry>ישראל</ManufactureCountry>
      <ManufacturerItemDescription>עגבניות מרוסקות 260 גרם</ManufacturerItemDescription>
      <UnitQty>גרמים</UnitQty>
      <Quantity>260.00</Quantity>
      <UnitOfMeasure>100 גרם</UnitOfMeasure>
      <bIsWeighted>0</bIsWeighted>
      <QtyInPackage>1</QtyInPackage>
      <ItemPrice>5.90</ItemPrice>
      <UnitOfMeasurePrice>2.2692</UnitOfMeasurePrice>
      <AllowDiscount>1</AllowDiscount>
      <ItemStatus>1</ItemStatus>
      <ItemId>37789</ItemId>
    </Item>
    <Item>
      <PriceUpdateDate>2016-01-12 12:15:32</PriceUpdateDate>
      <ItemCode>4084500853553</ItemCode>
      <ItemType>1</ItemType>
      <ItemName>פיירי קלאסי נוזל כלי</ItemName>
      <ManufacturerName>פרוקטר אנד גמבל</ManufacturerName>
      <ManufactureCountry>בריטניה</ManufactureCountry>
      <ManufacturerItemDescription>פיירי קלאסי נוזל כלים 750 מ"ל</ManufacturerItemDescription>
      <UnitQty>מיליליטרים</UnitQty>
      <Quantity>750.00</Quantity>
      <UnitOfMeasure>100 מ"ל</UnitOfMeasure>
      <bIsWeighted>0</bIsWeighted>
      <QtyInPackage>1</QtyInPackage>
      <ItemPrice>11.90</ItemPrice>
      <UnitOfMeasurePrice>1.5867</UnitOfMeasurePrice>
      <AllowDiscount>1</AllowDiscount>
      <ItemStatus>1</ItemStatus>
      <ItemId>108165</ItemId>
    </Item>
    <Item>
      <PriceUpdateDate>2015-10-01 06:13:53</PriceUpdateDate>
      <ItemCode>7290011126209</ItemCode>
      <ItemType>1</ItemType>
      <ItemName>תפוח וקינמון-סיידר</ItemName>
      <ManufacturerName>ויסוצקי</ManufacturerName>
      <ManufactureCountry>ישראל</ManufactureCountry>
      <ManufacturerItemDescription>חליטה תפוח וקינמון-סיידר</ManufacturerItemDescription>
      <UnitQty>גרמים</UnitQty>
      <Quantity>67.00</Quantity>
      <UnitOfMeasure>100 גרם</UnitOfMeasure>
      <bIsWeighted>0</bIsWeighted>
      <QtyInPackage>1</QtyInPackage>
      <ItemPrice>18.50</ItemPrice>
      <UnitOfMeasurePrice>27.6119</UnitOfMeasurePrice>
      <AllowDiscount>1</AllowDiscount>
      <ItemStatus>1</ItemStatus>
      <ItemId>37868</ItemId>
    </Item>
    <Item>
      <PriceUpdateDate>2015-10-01 06:15:02</PriceUpdateDate>
      <ItemCode>3574660322576</ItemCode>
      <ItemType>1</ItemType>
      <ItemName>מגן תחתון רגיל 58 יח</ItemName>
      <ManufacturerName>CILAG GMBH INTERNATI</ManufacturerName>
      <ManufactureCountry>יוון</ManufactureCountry>
      <ManufacturerItemDescription>קרפרי מגן תחתון רגיל 58 יח</ManufacturerItemDescription>
      <UnitQty>Unknown </UnitQty>
      <Quantity>0.00</Quantity>
      <UnitOfMeasure>Unknown </UnitOfMeasure>
      <bIsWeighted>0</bIsWeighted>
      <QtyInPackage>1</QtyInPackage>
      <ItemPrice>22.70</ItemPrice>
      <UnitOfMeasurePrice>0.0000</UnitOfMeasurePrice>
      <AllowDiscount>1</AllowDiscount>
      <ItemStatus>1</ItemStatus>
      <ItemId>37902</ItemId>
    </Item>
    <Item>
      <PriceUpdateDate>2015-10-01 06:15:02</PriceUpdateDate>
      <ItemCode>3574660322699</ItemCode>
      <ItemType>1</ItemType>
      <ItemName>מגן תחתון מקסי 48 יח</ItemName>
      <ManufacturerName>CILAG GMBH INTERNATI</ManufacturerName>
      <ManufactureCountry>יוון</ManufactureCountry>
      <ManufacturerItemDescription>קרפרי מגן תחתון מקסי לארג           48 "</ManufacturerItemDescription>
      <UnitQty>Unknown </UnitQty>
      <Quantity>0.00</Quantity>
      <UnitOfMeasure>Unknown </UnitOfMeasure>
      <bIsWeighted>0</bIsWeighted>
      <QtyInPackage>1</QtyInPackage>
      <ItemPrice>22.70</ItemPrice>
      <UnitOfMeasurePrice>0.0000</UnitOfMeasurePrice>
      <AllowDiscount>1</AllowDiscount>
      <ItemStatus>1</ItemStatus>
      <ItemId>37907</ItemId>
    </Item>
    <Item>
      <PriceUpdateDate>2015-01-01 00:00:00</PriceUpdateDate>
      <ItemCode>8901030002410</ItemCode>
      <ItemType>1</ItemType>
      <ItemName>קרם גוף תמצית מלפפון</ItemName>
      <ManufacturerName>יוניליוור גרמניה (בו</ManufacturerName>
      <ManufactureCountry>גרמניה</ManufactureCountry>
      <ManufacturerItemDescription>דאב קרם גוף תמציות מלפפונים          400</ManufacturerItemDescription>
      <UnitQty>מיליליטרים</UnitQty>
      <Quantity>400.00</Quantity>
      <UnitOfMeasure>100 מ"ל</UnitOfMeasure>
      <bIsWeighted>0</bIsWeighted>
      <QtyInPackage>1</QtyInPackage>
      <ItemPrice>31.90</ItemPrice>
      <UnitOfMeasurePrice>7.9750</UnitOfMeasurePrice>
      <AllowDiscount>1</AllowDiscount>
      <ItemStatus>1</ItemStatus>
      <ItemId>37930</ItemId>
    </Item>
    <Item>
      <PriceUpdateDate>2015-01-01 00:00:00</PriceUpdateDate>
      <ItemCode>7290101450221</ItemCode>
      <ItemType>1</ItemType>
      <ItemName>סוכריות קופצות</ItemName>
      <ManufacturerName>יושלם</ManufacturerName>
      <ManufactureCountry>יושלם</ManufactureCountry>
      <ManufacturerItemDescription>סוכריות קופצות+מדבקה ממותג</ManufacturerItemDescription>
      <UnitQty>Unknown </UnitQty>
      <Quantity>0.00</Quantity>
      <UnitOfMeasure>Unknown </UnitOfMeasure>
      <bIsWeighted>0</bIsWeighted>
      <QtyInPackage>1</QtyInPackage>
      <ItemPrice>3.00</ItemPrice>
      <UnitOfMeasurePrice>0.0000</UnitOfMeasurePrice>
      <AllowDiscount>1</AllowDiscount>
      <ItemStatus>1</ItemStatus>
      <ItemId>37999</ItemId>
    </Item>
    <Item>
      <PriceUpdateDate>2015-06-08 13:33:09</PriceUpdateDate>
      <ItemCode>7290011153885</ItemCode>
      <ItemType>1</ItemType>
      <ItemName>נייר אכיל ממותג</ItemName>
      <ManufacturerName>גילרוי</ManufacturerName>
      <ManufactureCountry>ישראל</ManufactureCountry>
      <ManufacturerItemDescription>נייר אכיל ממותג                       .</ManufacturerItemDescription>
      <UnitQty>Unknown </UnitQty>
      <Quantity>0.00</Quantity>
      <UnitOfMeasure>Unknown </UnitOfMeasure>
      <bIsWeighted>0</bIsWeighted>
      <QtyInPackage>1</QtyInPackage>
      <ItemPrice>22.60</ItemPrice>
      <UnitOfMeasurePrice>0.0000</UnitOfMeasurePrice>
      <AllowDiscount>1</AllowDiscount>
      <ItemStatus>1</ItemStatus>
      <ItemId>38044</ItemId>
    </Item>
    <Item>
      <PriceUpdateDate>2015-10-01 06:16:17</PriceUpdateDate>
      <ItemCode>7290011131357</ItemCode>
      <ItemType>1</ItemType>
      <ItemName>מיזלי פירות</ItemName>
      <ManufacturerName>גרין</ManufacturerName>
      <ManufactureCountry>מקדוניה</ManufactureCountry>
      <ManufacturerItemDescription>מיזלי פירות 500 גרם</ManufacturerItemDescription>
      <UnitQty>גרמים</UnitQty>
      <Quantity>500.00</Quantity>
      <UnitOfMeasure>100 גרם</UnitOfMeasure>
      <bIsWeighted>0</bIsWeighted>
      <QtyInPackage>1</QtyInPackage>
      <ItemPrice>14.80</ItemPrice>
      <UnitOfMeasurePrice>2.9600</UnitOfMeasurePrice>
      <AllowDiscount>1</AllowDiscount>
      <ItemStatus>1</ItemStatus>
      <ItemId>38231</ItemId>
    </Item>
    <Item>
      <PriceUpdateDate>2015-10-01 06:17:28</PriceUpdateDate>
      <ItemCode>7702018852475</ItemCode>
      <ItemType>1</ItemType>
      <ItemName>סכין גילוח פיוזן</ItemName>
      <ManufacturerName>פרוקטר אנד גמבל</ManufacturerName>
      <ManufactureCountry>פולין</ManufactureCountry>
      <ManufacturerItemDescription>סכין גילוח פיוז"ן פאוור 4 יח           .</ManufacturerItemDescription>
      <UnitQty>Unknown </UnitQty>
      <Quantity>0.00</Quantity>
      <UnitOfMeasure>Unknown </UnitOfMeasure>
      <bIsWeighted>0</bIsWeighted>
      <QtyInPackage>1</QtyInPackage>
      <ItemPrice>98.90</ItemPrice>
      <UnitOfMeasurePrice>0.0000</UnitOfMeasurePrice>
      <AllowDiscount>1</AllowDiscount>
      <ItemStatus>1</ItemStatus>
      <ItemId>38284</ItemId>
    </Item>
    <Item>
      <PriceUpdateDate>2015-12-25 08:01:48</PriceUpdateDate>
      <ItemCode>7290001407813</ItemCode>
      <ItemType>1</ItemType>
      <ItemName>חלבה שאמית פיסטוק</ItemName>
      <ManufacturerName>רושדי תעשיות מזון בע</ManufacturerName>
      <ManufactureCountry>לא ידוע</ManufactureCountry>
      <ManufacturerItemDescription>חלבה שאמית פיסטוק 350 גרם</ManufacturerItemDescription>
      <UnitQty>גרמים</UnitQty>
      <Quantity>350.00</Quantity>
      <UnitOfMeasure>100 גרם</UnitOfMeasure>
      <bIsWeighted>0</bIsWeighted>
      <QtyInPackage>1</QtyInPackage>
      <ItemPrice>17.90</ItemPrice>
      <UnitOfMeasurePrice>5.1143</UnitOfMeasurePrice>
      <AllowDiscount>1</AllowDiscount>
      <ItemStatus>1</ItemStatus>
      <ItemId>38297</ItemId>
    </Item>
    <Item>
      <PriceUpdateDate>2015-10-01 06:17:28</PriceUpdateDate>
      <ItemCode>3014260214692</ItemCode>
      <ItemType>1</ItemType>
      <ItemName>גל גילוח רגיש</ItemName>
      <ManufacturerName>פרוקטר אנד גמבל</ManufacturerName>
      <ManufactureCountry>בריטניה</ManufactureCountry>
      <ManufacturerItemDescription>סירייס ג"ל גילוח רגיש 200  מ"ל</ManufacturerItemDescription>
      <UnitQty>מיליליטרים</UnitQty>
      <Quantity>200.00</Quantity>
      <UnitOfMeasure>100 מ"ל</UnitOfMeasure>
      <bIsWeighted>0</bIsWeighted>
      <QtyInPackage>1</QtyInPackage>
      <ItemPrice>22.20</ItemPrice>
      <UnitOfMeasurePrice>11.1000</UnitOfMeasurePrice>
      <AllowDiscount>1</AllowDiscount>
      <ItemStatus>1</ItemStatus>
      <ItemId>38346</ItemId>
    </Item>
    <Item>
      <PriceUpdateDate>2016-04-11 08:20:41</PriceUpdateDate>
      <ItemCode>7290100922316</ItemCode>
      <ItemType>1</ItemType>
      <ItemName>הוואי גל רחצה ורד</ItemName>
      <ManufacturerName>טרופיקל דגיל</ManufacturerName>
      <ManufactureCountry>ישראל</ManufactureCountry>
      <ManufacturerItemDescription>הוואי ג"ל רחצה ורד ורוד 750 מל</ManufacturerItemDescription>
      <UnitQty>מיליליטרים</UnitQty>
      <Quantity>750.00</Quantity>
      <UnitOfMeasure>100 מ"ל</UnitOfMeasure>
      <bIsWeighted>0</bIsWeighted>
      <QtyInPackage>1</QtyInPackage>
      <ItemPrice>15.70</ItemPrice>
      <UnitOfMeasurePrice>2.0933</UnitOfMeasurePrice>
      <AllowDiscount>1</AllowDiscount>
      <ItemStatus>1</ItemStatus>
      <ItemId>99985</ItemId>
    </Item>
    <Item>
      <PriceUpdateDate>2015-10-01 06:13:02</PriceUpdateDate>
      <ItemCode>7290011223717</ItemCode>
      <ItemType>1</ItemType>
      <ItemName>עוגיות שיבולת שועל</ItemName>
      <ManufacturerName>רוקחמן בע"מ</ManufacturerName>
      <ManufactureCountry>ישראל</ManufactureCountry>
      <ManufacturerItemDescription>טוסו עוגיות מיניקמח מלא ושיבול</ManufacturerItemDescription>
      <UnitQty>גרמים</UnitQty>
      <Quantity>200.00</Quantity>
      <UnitOfMeasure>100 גרם</UnitOfMeasure>
      <bIsWeighted>0</bIsWeighted>
      <QtyInPackage>1</QtyInPackage>
      <ItemPrice>17.30</ItemPrice>
      <UnitOfMeasurePrice>8.6500</UnitOfMeasurePrice>
      <AllowDiscount>1</AllowDiscount>
      <ItemStatus>1</ItemStatus>
      <ItemId>38449</ItemId>
    </Item>
    <Item>
      <PriceUpdateDate>2015-01-01 00:00:00</PriceUpdateDate>
      <ItemCode>42123866</ItemCode>
      <ItemType>1</ItemType>
      <ItemName>הובה בובה צ"אנק קלאס</ItemName>
      <ManufacturerName>ריגלי</ManufacturerName>
      <ManufactureCountry>בריטניה</ManufactureCountry>
      <ManufacturerItemDescription>הובה בובה צאנק קלאסי</ManufacturerItemDescription>
      <UnitQty>Unknown </UnitQty>
      <Quantity>0.00</Quantity>
      <UnitOfMeasure>Unknown </UnitOfMeasure>
      <bIsWeighted>0</bIsWeighted>
      <QtyInPackage>1</QtyInPackage>
      <ItemPrice>3.80</ItemPrice>
      <UnitOfMeasurePrice>0.0000</UnitOfMeasurePrice>
      <AllowDiscount>1</AllowDiscount>
      <ItemStatus>1</ItemStatus>
      <ItemId>38556</ItemId>
    </Item>
    <Item>
      <PriceUpdateDate>2015-10-01 06:15:11</PriceUpdateDate>
      <ItemCode>7290011081188</ItemCode>
      <ItemType>1</ItemType>
      <ItemName>קסטה שוקו וניל</ItemName>
      <ManufacturerName>גלידת שטראוס בע"מ</ManufacturerName>
      <ManufactureCountry>ישראל</ManufactureCountry>
      <ManufacturerItemDescription>קסטה שוקו וניל בציפוי שוקולד</ManufacturerItemDescription>
      <UnitQty>גרמים</UnitQty>
      <Quantity>91.00</Quantity>
      <UnitOfMeasure>100 גרם</UnitOfMeasure>
      <bIsWeighted>0</bIsWeighted>
      <QtyInPackage>1</QtyInPackage>
      <ItemPrice>6.80</ItemPrice>
      <UnitOfMeasurePrice>7.4725</UnitOfMeasurePrice>
      <AllowDiscount>1</AllowDiscount>
      <ItemStatus>1</ItemStatus>
      <ItemId>38689</ItemId>
    </Item>
    <Item>
      <PriceUpdateDate>2015-10-01 06:15:26</PriceUpdateDate>
      <ItemCode>8718692610828</ItemCode>
      <ItemType>1</ItemType>
      <ItemName>שלישיית בקבוקים 1 ל</ItemName>
      <ManufacturerName>סודהסטרים</ManufacturerName>
      <ManufactureCountry>ישראל</ManufactureCountry>
      <ManufacturerItemDescription>שלישיית בקבוקים 1 ליטר</ManufacturerItemDescription>
      <UnitQty>Unknown </UnitQty>
      <Quantity>0.00</Quantity>
      <UnitOfMeasure>Unknown </UnitOfMeasure>
      <bIsWeighted>0</bIsWeighted>
      <QtyInPackage>1</QtyInPackage>
      <ItemPrice>51.50</ItemPrice>
      <UnitOfMeasurePrice>0.0000</UnitOfMeasurePrice>
      <AllowDiscount>1</AllowDiscount>
      <ItemStatus>1</ItemStatus>
      <ItemId>94269</ItemId>
    </Item>
    <Item>
      <PriceUpdateDate>2015-10-01 06:15:30</PriceUpdateDate>
      <ItemCode>7290008909174</ItemCode>
      <ItemType>1</ItemType>
      <ItemName>פריגת ענבים מוסקט</ItemName>
      <ManufacturerName>פריגת</ManufacturerName>
      <ManufactureCountry>לא ידוע</ManufactureCountry>
      <ManufacturerItemDescription>משקל פריגת ענבים מוסקט 1.5 ל           "</ManufacturerItemDescription>
      <UnitQty>ליטרים</UnitQty>
      <Quantity>1.50</Quantity>
      <UnitOfMeasure>ליטר</UnitOfMeasure>
      <bIsWeighted>0</bIsWeighted>
      <QtyInPackage>1</QtyInPackage>
      <ItemPrice>6.80</ItemPrice>
      <UnitOfMeasurePrice>4.5333</UnitOfMeasurePrice>
      <AllowDiscount>1</AllowDiscount>
      <ItemStatus>1</ItemStatus>
      <ItemId>38703</ItemId>
    </Item>
    <Item>
      <PriceUpdateDate>2015-07-17 07:33:06</PriceUpdateDate>
      <ItemCode>7290003643806</ItemCode>
      <ItemType>1</ItemType>
      <ItemName>שעועית לבנה 500  גרם</ItemName>
      <ManufacturerName>סוגת</ManufacturerName>
      <ManufactureCountry>לא ידוע</ManufactureCountry>
      <ManufacturerItemDescription>שעועית לבנה 500  גרם</ManufacturerItemDescription>
      <UnitQty>גרמים</UnitQty>
      <Quantity>500.00</Quantity>
      <UnitOfMeasure>100 גרם</UnitOfMeasure>
      <bIsWeighted>0</bIsWeighted>
      <QtyInPackage>1</QtyInPackage>
      <ItemPrice>11.90</ItemPrice>
      <UnitOfMeasurePrice>2.3800</UnitOfMeasurePrice>
      <AllowDiscount>1</AllowDiscount>
      <ItemStatus>1</ItemStatus>
      <ItemId>38757</ItemId>
    </Item>
    <Item>
      <PriceUpdateDate>2015-10-01 06:15:18</PriceUpdateDate>
      <ItemCode>7290000416908</ItemCode>
      <ItemType>1</ItemType>
      <ItemName>ממרח השחר       750</ItemName>
      <ManufacturerName>השחר</ManufacturerName>
      <ManufactureCountry>ישראל</ManufactureCountry>
      <ManufacturerItemDescription>ממרח שוקולד השחר 750 גר</ManufacturerItemDescription>
      <UnitQty>גרמים</UnitQty>
      <Quantity>750.00</Quantity>
      <UnitOfMeasure>100 גרם</UnitOfMeasure>
      <bIsWeighted>0</bIsWeighted>
      <QtyInPackage>1</QtyInPackage>
      <ItemPrice>18.30</ItemPrice>
      <UnitOfMeasurePrice>2.4400</UnitOfMeasurePrice>
      <AllowDiscount>1</AllowDiscount>
      <ItemStatus>1</ItemStatus>
      <ItemId>38953</ItemId>
    </Item>
    <Item>
      <PriceUpdateDate>2015-10-01 06:14:38</PriceUpdateDate>
      <ItemCode>7290011598365</ItemCode>
      <ItemType>1</ItemType>
      <ItemName>מטליות מיקרופייבר</ItemName>
      <ManufacturerName>סנו</ManufacturerName>
      <ManufactureCountry>ישראל</ManufactureCountry>
      <ManufacturerItemDescription>מטליות מיקרופייבר                   1/4</ManufacturerItemDescription>
      <UnitQty>Unknown </UnitQty>
      <Quantity>0.00</Quantity>
      <UnitOfMeasure>Unknown </UnitOfMeasure>
      <bIsWeighted>0</bIsWeighted>
      <QtyInPackage>1</QtyInPackage>
      <ItemPrice>20.20</ItemPrice>
      <UnitOfMeasurePrice>0.0000</UnitOfMeasurePrice>
      <AllowDiscount>1</AllowDiscount>
      <ItemStatus>1</ItemStatus>
      <ItemId>38969</ItemId>
    </Item>
    <Item>
      <PriceUpdateDate>2015-10-01 06:13:19</PriceUpdateDate>
      <ItemCode>7290100858462</ItemCode>
      <ItemType>1</ItemType>
      <ItemName>מסטיק מיני-גם</ItemName>
      <ManufacturerName>שטראוס גרופ</ManufacturerName>
      <ManufactureCountry>לא ידוע</ManufactureCountry>
      <ManufacturerItemDescription>מסטיק מיני-גם200 גר צינצנת</ManufacturerItemDescription>
      <UnitQty>גרמים</UnitQty>
      <Quantity>200.00</Quantity>
      <UnitOfMeasure>100 גרם</UnitOfMeasure>
      <bIsWeighted>0</bIsWeighted>
      <QtyInPackage>1</QtyInPackage>
      <ItemPrice>11.20</ItemPrice>
      <UnitOfMeasurePrice>5.6000</UnitOfMeasurePrice>
      <AllowDiscount>1</AllowDiscount>
      <ItemStatus>1</ItemStatus>
      <ItemId>38970</ItemId>
    </Item>
    <Item>
      <PriceUpdateDate>2015-10-01 06:13:19</PriceUpdateDate>
      <ItemCode>7290100858592</ItemCode>
      <ItemType>1</ItemType>
      <ItemName>אבקת קקאו</ItemName>
      <ManufacturerName>שטראוס גרופ</ManufacturerName>
      <ManufactureCountry>ישראל</ManufactureCountry>
      <ManufacturerItemDescription>אבקת קקאו עלית 150 גרם</ManufacturerItemDescription>
      <UnitQty>גרמים</UnitQty>
      <Quantity>150.00</Quantity>
      <UnitOfMeasure>100 גרם</UnitOfMeasure>
      <bIsWeighted>0</bIsWeighted>
      <QtyInPackage>1</QtyInPackage>
      <ItemPrice>11.80</ItemPrice>
      <UnitOfMeasurePrice>7.8667</UnitOfMeasurePrice>
      <AllowDiscount>1</AllowDiscount>
      <ItemStatus>1</ItemStatus>
      <ItemId>38972</ItemId>
    </Item>
    <Item>
      <PriceUpdateDate>2015-10-01 06:13:19</PriceUpdateDate>
      <ItemCode>7290100858608</ItemCode>
      <ItemType>1</ItemType>
      <ItemName>אבקת קקאו</ItemName>
      <ManufacturerName>שטראוס גרופ</ManufacturerName>
      <ManufactureCountry>ישראל</ManufactureCountry>
      <ManufacturerItemDescription>אבקת קקאו 500 גרם</ManufacturerItemDescription>
      <UnitQty>גרמים</UnitQty>
      <Quantity>500.00</Quantity>
      <UnitOfMeasure>100 גרם</UnitOfMeasure>
      <bIsWeighted>0</bIsWeighted>
      <QtyInPackage>1</QtyInPackage>
      <ItemPrice>31.60</ItemPrice>
      <UnitOfMeasurePrice>6.3200</UnitOfMeasurePrice>
      <AllowDiscount>1</AllowDiscount>
      <ItemStatus>1</ItemStatus>
      <ItemId>38973</ItemId>
    </Item>
    <Item>
      <PriceUpdateDate>2015-11-02 08:28:59</PriceUpdateDate>
      <ItemCode>7290010328093</ItemCode>
      <ItemType>1</ItemType>
      <ItemName>ממרח חלבה  אחווה</ItemName>
      <ManufacturerName>אחים מזרחי</ManufacturerName>
      <ManufactureCountry>ישראל</ManufactureCountry>
      <ManufacturerItemDescription>ממרח חלבה 400 גר אחווה</ManufacturerItemDescription>
      <UnitQty>גרמים</UnitQty>
      <Quantity>400.00</Quantity>
      <UnitOfMeasure>100 גרם</UnitOfMeasure>
      <bIsWeighted>0</bIsWeighted>
      <QtyInPackage>1</QtyInPackage>
      <ItemPrice>12.90</ItemPrice>
      <UnitOfMeasurePrice>3.2250</UnitOfMeasurePrice>
      <AllowDiscount>1</AllowDiscount>
      <ItemStatus>1</ItemStatus>
      <ItemId>39004</ItemId>
    </Item>
    <Item>
      <PriceUpdateDate>2015-10-01 06:14:38</PriceUpdateDate>
      <ItemCode>7290011114886</ItemCode>
      <ItemType>1</ItemType>
      <ItemName>סקין גארד-תרסיס הגנה</ItemName>
      <ManufacturerName>אמיליה קוסמטיקס</ManufacturerName>
      <ManufactureCountry>ישראל</ManufactureCountry>
      <ManufacturerItemDescription>סקין גארד-תרסיס הגנה              SPF30</ManufacturerItemDescription>
      <UnitQty>מיליליטרים</UnitQty>
      <Quantity>200.00</Quantity>
      <UnitOfMeasure>100 מ"ל</UnitOfMeasure>
      <bIsWeighted>0</bIsWeighted>
      <QtyInPackage>1</QtyInPackage>
      <ItemPrice>62.40</ItemPrice>
      <UnitOfMeasurePrice>31.2000</UnitOfMeasurePrice>
      <AllowDiscount>1</AllowDiscount>
      <ItemStatus>1</ItemStatus>
      <ItemId>39009</ItemId>
    </Item>
    <Item>
      <PriceUpdateDate>2015-10-01 06:13:04</PriceUpdateDate>
      <ItemCode>5010182997574</ItemCode>
      <ItemType>1</ItemType>
      <ItemName>נוזל לאסלה הדרים</ItemName>
      <ManufacturerName>SC Jonson</ManufacturerName>
      <ManufactureCountry>לא ידוע</ManufactureCountry>
      <ManufacturerItemDescription>טואלט דאק נוזל כתום הדרים           750</ManufacturerItemDescription>
      <UnitQty>מיליליטרים</UnitQty>
      <Quantity>750.00</Quantity>
      <UnitOfMeasure>100 מ"ל</UnitOfMeasure>
      <bIsWeighted>0</bIsWeighted>
      <QtyInPackage>1</QtyInPackage>
      <ItemPrice>11.80</ItemPrice>
      <UnitOfMeasurePrice>1.5733</UnitOfMeasurePrice>
      <AllowDiscount>1</AllowDiscount>
      <ItemStatus>1</ItemStatus>
      <ItemId>71528</ItemId>
    </Item>
    <Item>
      <PriceUpdateDate>2016-04-20 06:32:26</PriceUpdateDate>
      <ItemCode>7290003220533</ItemCode>
      <ItemType>1</ItemType>
      <ItemName>רוטב צילי מתוק</ItemName>
      <ManufacturerName>THAI COCONUT CO</ManufacturerName>
      <ManufactureCountry>תאילנד</ManufactureCountry>
      <ManufacturerItemDescription>רוטב צילי מתוק 700 מ"ל</ManufacturerItemDescription>
      <UnitQty>מיליליטרים</UnitQty>
      <Quantity>700.00</Quantity>
      <UnitOfMeasure>100 מ"ל</UnitOfMeasure>
      <bIsWeighted>0</bIsWeighted>
      <QtyInPackage>1</QtyInPackage>
      <ItemPrice>15.80</ItemPrice>
      <UnitOfMeasurePrice>2.2571</UnitOfMeasurePrice>
      <AllowDiscount>1</AllowDiscount>
      <ItemStatus>1</ItemStatus>
      <ItemId>68670</ItemId>
    </Item>
    <Item>
      <PriceUpdateDate>2015-11-02 13:27:56</PriceUpdateDate>
      <ItemCode>7290008493369</ItemCode>
      <ItemType>1</ItemType>
      <ItemName>בייגלה טבעות שומשום</ItemName>
      <ManufacturerName>מאיר בייגל</ManufacturerName>
      <ManufactureCountry>ישראל</ManufactureCountry>
      <ManufacturerItemDescription>בייגלה טבעות שומשום 330* גר</ManufacturerItemDescription>
      <UnitQty>גרמים</UnitQty>
      <Quantity>330.00</Quantity>
      <UnitOfMeasure>100 גרם</UnitOfMeasure>
      <bIsWeighted>0</bIsWeighted>
      <QtyInPackage>1</QtyInPackage>
      <ItemPrice>11.40</ItemPrice>
      <UnitOfMeasurePrice>3.4545</UnitOfMeasurePrice>
      <AllowDiscount>1</AllowDiscount>
      <ItemStatus>1</ItemStatus>
      <ItemId>39974</ItemId>
    </Item>
    <Item>
      <PriceUpdateDate>2015-10-01 06:15:20</PriceUpdateDate>
      <ItemCode>7290100702611</ItemCode>
      <ItemType>1</ItemType>
      <ItemName>פתיתים אפויים אורז</ItemName>
      <ManufacturerName>אסיף</ManufacturerName>
      <ManufactureCountry>לא ידוע</ManufactureCountry>
      <ManufacturerItemDescription>פתיתים אפויים אורז 500 גרם</ManufacturerItemDescription>
      <UnitQty>גרמים</UnitQty>
      <Quantity>500.00</Quantity>
      <UnitOfMeasure>100 גרם</UnitOfMeasure>
      <bIsWeighted>0</bIsWeighted>
      <QtyInPackage>1</QtyInPackage>
      <ItemPrice>6.20</ItemPrice>
      <UnitOfMeasurePrice>1.2400</UnitOfMeasurePrice>
      <AllowDiscount>1</AllowDiscount>
      <ItemStatus>1</ItemStatus>
      <ItemId>98697</ItemId>
    </Item>
    <Item>
      <PriceUpdateDate>2015-10-01 06:16:17</PriceUpdateDate>
      <ItemCode>7290004003207</ItemCode>
      <ItemType>1</ItemType>
      <ItemName>חטיף בוטנים     M&amp;M</ItemName>
      <ManufacturerName>מרס</ManufacturerName>
      <ManufactureCountry>לא ידוע</ManufactureCountry>
      <ManufacturerItemDescription>חטיף בוטנים 47 M&amp;M גרם</ManufacturerItemDescription>
      <UnitQty>Unknown </UnitQty>
      <Quantity>0.00</Quantity>
      <UnitOfMeasure>Unknown </UnitOfMeasure>
      <bIsWeighted>0</bIsWeighted>
      <QtyInPackage>1</QtyInPackage>
      <ItemPrice>5.80</ItemPrice>
      <UnitOfMeasurePrice>0.0000</UnitOfMeasurePrice>
      <AllowDiscount>1</AllowDiscount>
      <ItemStatus>1</ItemStatus>
      <ItemId>40096</ItemId>
    </Item>
    <Item>
      <PriceUpdateDate>2015-10-01 06:20:16</PriceUpdateDate>
      <ItemCode>7290002517337</ItemCode>
      <ItemType>1</ItemType>
      <ItemName>תבלין אורגנו</ItemName>
      <ManufacturerName>תבליני טעם וריח</ManufacturerName>
      <ManufactureCountry>ישראל</ManufactureCountry>
      <ManufacturerItemDescription>תבלין אורגנו 20 גר בשקית</ManufacturerItemDescription>
      <UnitQty>גרמים</UnitQty>
      <Quantity>20.00</Quantity>
      <UnitOfMeasure>100 גרם</UnitOfMeasure>
      <bIsWeighted>0</bIsWeighted>
      <QtyInPackage>1</QtyInPackage>
      <ItemPrice>6.80</ItemPrice>
      <UnitOfMeasurePrice>34.0000</UnitOfMeasurePrice>
      <AllowDiscount>1</AllowDiscount>
      <ItemStatus>1</ItemStatus>
      <ItemId>40205</ItemId>
    </Item>
    <Item>
      <PriceUpdateDate>2015-08-12 06:10:45</PriceUpdateDate>
      <ItemCode>7290100859209</ItemCode>
      <ItemType>1</ItemType>
      <ItemName>מסטיק עלמה אוכמניות</ItemName>
      <ManufacturerName>שטראוס גרופ</ManufacturerName>
      <ManufactureCountry>ישראל</ManufactureCountry>
      <ManufacturerItemDescription>מסטיק מאסט עלמה אוכמניות</ManufacturerItemDescription>
      <UnitQty>גרמים</UnitQty>
      <Quantity>28.00</Quantity>
      <UnitOfMeasure>100 גרם</UnitOfMeasure>
      <bIsWeighted>0</bIsWeighted>
      <QtyInPackage>1</QtyInPackage>
      <ItemPrice>4.50</ItemPrice>
      <UnitOfMeasurePrice>16.0714</UnitOfMeasurePrice>
      <AllowDiscount>1</AllowDiscount>
      <ItemStatus>1</ItemStatus>
      <ItemId>40272</ItemId>
    </Item>
    <Item>
      <PriceUpdateDate>2015-08-12 06:10:45</PriceUpdateDate>
      <ItemCode>7290100859216</ItemCode>
      <ItemType>1</ItemType>
      <ItemName>מסטיק עלמה ספירמינט</ItemName>
      <ManufacturerName>שטראוס גרופ</ManufacturerName>
      <ManufactureCountry>ישראל</ManufactureCountry>
      <ManufacturerItemDescription>מסטיק מאסט עלמה ספירמינט</ManufacturerItemDescription>
      <UnitQty>Unknown </UnitQty>
      <Quantity>0.00</Quantity>
      <UnitOfMeasure>Unknown </UnitOfMeasure>
      <bIsWeighted>0</bIsWeighted>
      <QtyInPackage>1</QtyInPackage>
      <ItemPrice>4.50</ItemPrice>
      <UnitOfMeasurePrice>0.0000</UnitOfMeasurePrice>
      <AllowDiscount>1</AllowDiscount>
      <ItemStatus>1</ItemStatus>
      <ItemId>40273</ItemId>
    </Item>
    <Item>
      <PriceUpdateDate>2015-10-01 06:17:49</PriceUpdateDate>
      <ItemCode>7290011652135</ItemCode>
      <ItemType>1</ItemType>
      <ItemName>סירופ קולה</ItemName>
      <ManufacturerName>סודה סטרים</ManufacturerName>
      <ManufactureCountry>ישראל</ManufactureCountry>
      <ManufacturerItemDescription>סירופ קולה סודה קלאב 500 מל</ManufacturerItemDescription>
      <UnitQty>מיליליטרים</UnitQty>
      <Quantity>500.00</Quantity>
      <UnitOfMeasure>100 מ"ל</UnitOfMeasure>
      <bIsWeighted>0</bIsWeighted>
      <QtyInPackage>1</QtyInPackage>
      <ItemPrice>14.80</ItemPrice>
      <UnitOfMeasurePrice>2.9600</UnitOfMeasurePrice>
      <AllowDiscount>1</AllowDiscount>
      <ItemStatus>1</ItemStatus>
      <ItemId>40298</ItemId>
    </Item>
    <Item>
      <PriceUpdateDate>2015-10-01 06:17:49</PriceUpdateDate>
      <ItemCode>7290011652166</ItemCode>
      <ItemType>1</ItemType>
      <ItemName>סירופ אשכולית אדומה</ItemName>
      <ManufacturerName>סודהסטרים</ManufacturerName>
      <ManufactureCountry>ישראל</ManufactureCountry>
      <ManufacturerItemDescription>סירופ אשכולית אדומה 500 מל</ManufacturerItemDescription>
      <UnitQty>מיליליטרים</UnitQty>
      <Quantity>500.00</Quantity>
      <UnitOfMeasure>100 מ"ל</UnitOfMeasure>
      <bIsWeighted>0</bIsWeighted>
      <QtyInPackage>1</QtyInPackage>
      <ItemPrice>14.80</ItemPrice>
      <UnitOfMeasurePrice>2.9600</UnitOfMeasurePrice>
      <AllowDiscount>1</AllowDiscount>
      <ItemStatus>1</ItemStatus>
      <ItemId>40301</ItemId>
    </Item>
    <Item>
      <PriceUpdateDate>2015-10-01 06:14:38</PriceUpdateDate>
      <ItemCode>7290011598402</ItemCode>
      <ItemType>1</ItemType>
      <ItemName>מרכך מקסימה מסק</ItemName>
      <ManufacturerName>סנו</ManufacturerName>
      <ManufactureCountry>ישראל</ManufactureCountry>
      <ManufacturerItemDescription>מרכך כביסה מקסימה מסק 4 ל              "</ManufacturerItemDescription>
      <UnitQty>ליטרים</UnitQty>
      <Quantity>4.00</Quantity>
      <UnitOfMeasure>ליטר</UnitOfMeasure>
      <bIsWeighted>0</bIsWeighted>
      <QtyInPackage>1</QtyInPackage>
      <ItemPrice>21.70</ItemPrice>
      <UnitOfMeasurePrice>5.4250</UnitOfMeasurePrice>
      <AllowDiscount>1</AllowDiscount>
      <ItemStatus>1</ItemStatus>
      <ItemId>40389</ItemId>
    </Item>
    <Item>
      <PriceUpdateDate>2015-10-01 06:17:41</PriceUpdateDate>
      <ItemCode>7622300115685</ItemCode>
      <ItemType>1</ItemType>
      <ItemName>קפה גיקובס קרוננג</ItemName>
      <ManufacturerName>מונדלייז</ManufacturerName>
      <ManufactureCountry>צ'כיה</ManufactureCountry>
      <ManufacturerItemDescription>קפה גיקובס קרוננג 75 גרם</ManufacturerItemDescription>
      <UnitQty>גרמים</UnitQty>
      <Quantity>75.00</Quantity>
      <UnitOfMeasure>100 גרם</UnitOfMeasure>
      <bIsWeighted>0</bIsWeighted>
      <QtyInPackage>1</QtyInPackage>
      <ItemPrice>15.70</ItemPrice>
      <UnitOfMeasurePrice>20.9333</UnitOfMeasurePrice>
      <AllowDiscount>1</AllowDiscount>
      <ItemStatus>1</ItemStatus>
      <ItemId>105032</ItemId>
    </Item>
    <Item>
      <PriceUpdateDate>2015-10-01 06:15:30</PriceUpdateDate>
      <ItemCode>7290002331148</ItemCode>
      <ItemType>1</ItemType>
      <ItemName>נביעות +טעם תפוח</ItemName>
      <ManufacturerName>נביעות</ManufacturerName>
      <ManufactureCountry>ישראל</ManufactureCountry>
      <ManufacturerItemDescription>נביעות +תפוח 1.5 ליטר</ManufacturerItemDescription>
      <UnitQty>ליטרים</UnitQty>
      <Quantity>1.50</Quantity>
      <UnitOfMeasure>ליטר</UnitOfMeasure>
      <bIsWeighted>0</bIsWeighted>
      <QtyInPackage>1</QtyInPackage>
      <ItemPrice>7.80</ItemPrice>
      <UnitOfMeasurePrice>5.2000</UnitOfMeasurePrice>
      <AllowDiscount>1</AllowDiscount>
      <ItemStatus>1</ItemStatus>
      <ItemId>40482</ItemId>
    </Item>
    <Item>
      <PriceUpdateDate>2015-10-01 06:15:30</PriceUpdateDate>
      <ItemCode>7290002331179</ItemCode>
      <ItemType>1</ItemType>
      <ItemName>נביעות +בטעם אפרסק</ItemName>
      <ManufacturerName>נביעות</ManufacturerName>
      <ManufactureCountry>ישראל</ManufactureCountry>
      <ManufacturerItemDescription>נביעות +אפרסק 1.5 ליטר</ManufacturerItemDescription>
      <UnitQty>ליטרים</UnitQty>
      <Quantity>1.50</Quantity>
      <UnitOfMeasure>ליטר</UnitOfMeasure>
      <bIsWeighted>0</bIsWeighted>
      <QtyInPackage>1</QtyInPackage>
      <ItemPrice>7.80</ItemPrice>
      <UnitOfMeasurePrice>5.2000</UnitOfMeasurePrice>
      <AllowDiscount>1</AllowDiscount>
      <ItemStatus>1</ItemStatus>
      <ItemId>40483</ItemId>
    </Item>
    <Item>
      <PriceUpdateDate>2015-10-01 06:14:25</PriceUpdateDate>
      <ItemCode>3451790550324</ItemCode>
      <ItemType>1</ItemType>
      <ItemName>ממרח קל אלוויר 250 ג</ItemName>
      <ManufacturerName>נטו</ManufacturerName>
      <ManufactureCountry>ישראל</ManufactureCountry>
      <ManufacturerItemDescription>ממרח חמאה אקסטרא לייט 250 גרם</ManufacturerItemDescription>
      <UnitQty>גרמים</UnitQty>
      <Quantity>250.00</Quantity>
      <UnitOfMeasure>100 גרם</UnitOfMeasure>
      <bIsWeighted>0</bIsWeighted>
      <QtyInPackage>1</QtyInPackage>
      <ItemPrice>16.70</ItemPrice>
      <UnitOfMeasurePrice>6.6800</UnitOfMeasurePrice>
      <AllowDiscount>1</AllowDiscount>
      <ItemStatus>1</ItemStatus>
      <ItemId>40562</ItemId>
    </Item>
    <Item>
      <PriceUpdateDate>2016-06-07 08:18:53</PriceUpdateDate>
      <ItemCode>5011417540916</ItemCode>
      <ItemType>1</ItemType>
      <ItemName>טבליות פיניש</ItemName>
      <ManufacturerName>פיניש</ManufacturerName>
      <ManufactureCountry>לא ידוע</ManufactureCountry>
      <ManufacturerItemDescription>טבליות פיניש למדיח 20 קוונטום</ManufacturerItemDescription>
      <UnitQty>גרמים</UnitQty>
      <Quantity>364.00</Quantity>
      <UnitOfMeasure>100 גרם</UnitOfMeasure>
      <bIsWeighted>0</bIsWeighted>
      <QtyInPackage>1</QtyInPackage>
      <ItemPrice>31.70</ItemPrice>
      <UnitOfMeasurePrice>8.7088</UnitOfMeasurePrice>
      <AllowDiscount>1</AllowDiscount>
      <ItemStatus>1</ItemStatus>
      <ItemId>40565</ItemId>
    </Item>
    <Item>
      <PriceUpdateDate>2015-10-01 06:18:39</PriceUpdateDate>
      <ItemCode>7290004134983</ItemCode>
      <ItemType>1</ItemType>
      <ItemName>גבינה עמק 5% פרוס פ.</ItemName>
      <ManufacturerName>תנובה מרכז שיתופי לש</ManufacturerName>
      <ManufactureCountry>ישראל</ManufactureCountry>
      <ManufacturerItemDescription>גבינה עמק 5% פרוס פ.חוזרת           200</ManufacturerItemDescription>
      <UnitQty>גרמים</UnitQty>
      <Quantity>200.00</Quantity>
      <UnitOfMeasure>100 גרם</UnitOfMeasure>
      <bIsWeighted>0</bIsWeighted>
      <QtyInPackage>1</QtyInPackage>
      <ItemPrice>17.30</ItemPrice>
      <UnitOfMeasurePrice>8.6500</UnitOfMeasurePrice>
      <AllowDiscount>1</AllowDiscount>
      <ItemStatus>1</ItemStatus>
      <ItemId>40632</ItemId>
    </Item>
    <Item>
      <PriceUpdateDate>2015-11-02 13:27:53</PriceUpdateDate>
      <ItemCode>7290008493390</ItemCode>
      <ItemType>1</ItemType>
      <ItemName>גריסיני</ItemName>
      <ManufacturerName>מאיר בייגל</ManufacturerName>
      <ManufactureCountry>ישראל</ManufactureCountry>
      <ManufacturerItemDescription>גריסיני 200 גרם</ManufacturerItemDescription>
      <UnitQty>גרמים</UnitQty>
      <Quantity>200.00</Quantity>
      <UnitOfMeasure>100 גרם</UnitOfMeasure>
      <bIsWeighted>0</bIsWeighted>
      <QtyInPackage>1</QtyInPackage>
      <ItemPrice>11.90</ItemPrice>
      <UnitOfMeasurePrice>5.9500</UnitOfMeasurePrice>
      <AllowDiscount>1</AllowDiscount>
      <ItemStatus>1</ItemStatus>
      <ItemId>40658</ItemId>
    </Item>
    <Item>
      <PriceUpdateDate>2015-11-02 13:27:53</PriceUpdateDate>
      <ItemCode>7290008493406</ItemCode>
      <ItemType>1</ItemType>
      <ItemName>גריסיני שומשום 175 ג</ItemName>
      <ManufacturerName>מאיר בייגל</ManufacturerName>
      <ManufactureCountry>ישראל</ManufactureCountry>
      <ManufacturerItemDescription>גריסיני שומשום 175 גר</ManufacturerItemDescription>
      <UnitQty>גרמים</UnitQty>
      <Quantity>175.00</Quantity>
      <UnitOfMeasure>100 גרם</UnitOfMeasure>
      <bIsWeighted>0</bIsWeighted>
      <QtyInPackage>1</QtyInPackage>
      <ItemPrice>11.90</ItemPrice>
      <UnitOfMeasurePrice>6.8000</UnitOfMeasurePrice>
      <AllowDiscount>1</AllowDiscount>
      <ItemStatus>1</ItemStatus>
      <ItemId>40659</ItemId>
    </Item>
    <Item>
      <PriceUpdateDate>2015-01-01 00:00:00</PriceUpdateDate>
      <ItemCode>7290000208978</ItemCode>
      <ItemType>1</ItemType>
      <ItemName>רסק עגבניות     28%</ItemName>
      <ManufacturerName>זנלכל בע"מ</ManufacturerName>
      <ManufactureCountry>לא ידוע</ManufactureCountry>
      <ManufacturerItemDescription>רסק עגבניות פריכוז 100 28% גרם</ManufacturerItemDescription>
      <UnitQty>גרמים</UnitQty>
      <Quantity>100.00</Quantity>
      <UnitOfMeasure>100 גרם</UnitOfMeasure>
      <bIsWeighted>0</bIsWeighted>
      <QtyInPackage>1</QtyInPackage>
      <ItemPrice>3.50</ItemPrice>
      <UnitOfMeasurePrice>3.5000</UnitOfMeasurePrice>
      <AllowDiscount>1</AllowDiscount>
      <ItemStatus>1</ItemStatus>
      <ItemId>40685</ItemId>
    </Item>
    <Item>
      <PriceUpdateDate>2015-10-01 06:14:25</PriceUpdateDate>
      <ItemCode>5014271796147</ItemCode>
      <ItemType>1</ItemType>
      <ItemName>מעדן רימון עם פטל</ItemName>
      <ManufacturerName>סאנט דלפור</ManufacturerName>
      <ManufactureCountry>צרפת</ManufactureCountry>
      <ManufacturerItemDescription>מעדן רימון עם פטל 284 גרם</ManufacturerItemDescription>
      <UnitQty>גרמים</UnitQty>
      <Quantity>284.00</Quantity>
      <UnitOfMeasure>100 גרם</UnitOfMeasure>
      <bIsWeighted>0</bIsWeighted>
      <QtyInPackage>1</QtyInPackage>
      <ItemPrice>19.70</ItemPrice>
      <UnitOfMeasurePrice>6.9366</UnitOfMeasurePrice>
      <AllowDiscount>1</AllowDiscount>
      <ItemStatus>1</ItemStatus>
      <ItemId>40721</ItemId>
    </Item>
    <Item>
      <PriceUpdateDate>2016-05-19 11:22:05</PriceUpdateDate>
      <ItemCode>7290002517603</ItemCode>
      <ItemType>1</ItemType>
      <ItemName>בזיליקום</ItemName>
      <ManufacturerName>תבליני טעם וריח</ManufacturerName>
      <ManufactureCountry>ישראל</ManufactureCountry>
      <ManufacturerItemDescription>בזיליקום 10   גר</ManufacturerItemDescription>
      <UnitQty>גרמים</UnitQty>
      <Quantity>10.00</Quantity>
      <UnitOfMeasure>100 גרם</UnitOfMeasure>
      <bIsWeighted>0</bIsWeighted>
      <QtyInPackage>1</QtyInPackage>
      <ItemPrice>7.40</ItemPrice>
      <UnitOfMeasurePrice>74.0000</UnitOfMeasurePrice>
      <AllowDiscount>1</AllowDiscount>
      <ItemStatus>1</ItemStatus>
      <ItemId>40773</ItemId>
    </Item>
    <Item>
      <PriceUpdateDate>2016-06-07 08:19:30</PriceUpdateDate>
      <ItemCode>7290002517634</ItemCode>
      <ItemType>1</ItemType>
      <ItemName>כוסברה 30 גר</ItemName>
      <ManufacturerName>תבליני טעם וריח</ManufacturerName>
      <ManufactureCountry>לא ידוע</ManufactureCountry>
      <ManufacturerItemDescription>כוסברה 30 גר</ManufacturerItemDescription>
      <UnitQty>גרמים</UnitQty>
      <Quantity>30.00</Quantity>
      <UnitOfMeasure>100 גרם</UnitOfMeasure>
      <bIsWeighted>0</bIsWeighted>
      <QtyInPackage>1</QtyInPackage>
      <ItemPrice>7.40</ItemPrice>
      <UnitOfMeasurePrice>24.6667</UnitOfMeasurePrice>
      <AllowDiscount>1</AllowDiscount>
      <ItemStatus>1</ItemStatus>
      <ItemId>40776</ItemId>
    </Item>
    <Item>
      <PriceUpdateDate>2016-06-07 08:19:30</PriceUpdateDate>
      <ItemCode>7290002517726</ItemCode>
      <ItemType>1</ItemType>
      <ItemName>מקלות קנמון 15 גר</ItemName>
      <ManufacturerName>תבליני טעם וריח</ManufacturerName>
      <ManufactureCountry>לא ידוע</ManufactureCountry>
      <ManufacturerItemDescription>מקלות קנמון 15 גר</ManufacturerItemDescription>
      <UnitQty>גרמים</UnitQty>
      <Quantity>15.00</Quantity>
      <UnitOfMeasure>100 גרם</UnitOfMeasure>
      <bIsWeighted>0</bIsWeighted>
      <QtyInPackage>1</QtyInPackage>
      <ItemPrice>7.40</ItemPrice>
      <UnitOfMeasurePrice>49.3333</UnitOfMeasurePrice>
      <AllowDiscount>1</AllowDiscount>
      <ItemStatus>1</ItemStatus>
      <ItemId>40785</ItemId>
    </Item>
    <Item>
      <PriceUpdateDate>2016-06-07 08:19:30</PriceUpdateDate>
      <ItemCode>7290002517733</ItemCode>
      <ItemType>1</ItemType>
      <ItemName>קצח</ItemName>
      <ManufacturerName>תבליני טעם וריח</ManufacturerName>
      <ManufactureCountry>לא ידוע</ManufactureCountry>
      <ManufacturerItemDescription>קצח 40   גר</ManufacturerItemDescription>
      <UnitQty>גרמים</UnitQty>
      <Quantity>40.00</Quantity>
      <UnitOfMeasure>100 גרם</UnitOfMeasure>
      <bIsWeighted>0</bIsWeighted>
      <QtyInPackage>1</QtyInPackage>
      <ItemPrice>7.40</ItemPrice>
      <UnitOfMeasurePrice>18.5000</UnitOfMeasurePrice>
      <AllowDiscount>1</AllowDiscount>
      <ItemStatus>1</ItemStatus>
      <ItemId>40786</ItemId>
    </Item>
    <Item>
      <PriceUpdateDate>2016-06-07 08:19:30</PriceUpdateDate>
      <ItemCode>7290002517764</ItemCode>
      <ItemType>1</ItemType>
      <ItemName>פטרוזיליה</ItemName>
      <ManufacturerName>תבליני טעם וריח</ManufacturerName>
      <ManufactureCountry>לא ידוע</ManufactureCountry>
      <ManufacturerItemDescription>פטרוזיליה 10 גר</ManufacturerItemDescription>
      <UnitQty>גרמים</UnitQty>
      <Quantity>10.00</Quantity>
      <UnitOfMeasure>100 גרם</UnitOfMeasure>
      <bIsWeighted>0</bIsWeighted>
      <QtyInPackage>1</QtyInPackage>
      <ItemPrice>7.40</ItemPrice>
      <UnitOfMeasurePrice>74.0000</UnitOfMeasurePrice>
      <AllowDiscount>1</AllowDiscount>
      <ItemStatus>1</ItemStatus>
      <ItemId>40789</ItemId>
    </Item>
    <Item>
      <PriceUpdateDate>2016-06-07 08:19:30</PriceUpdateDate>
      <ItemCode>7290002517801</ItemCode>
      <ItemType>1</ItemType>
      <ItemName>צילי כתוש חריף</ItemName>
      <ManufacturerName>תבליני טעם וריח</ManufacturerName>
      <ManufactureCountry>לא ידוע</ManufactureCountry>
      <ManufacturerItemDescription>צ"ילי כתוש חריף 30 גר</ManufacturerItemDescription>
      <UnitQty>גרמים</UnitQty>
      <Quantity>30.00</Quantity>
      <UnitOfMeasure>100 גרם</UnitOfMeasure>
      <bIsWeighted>0</bIsWeighted>
      <QtyInPackage>1</QtyInPackage>
      <ItemPrice>7.40</ItemPrice>
      <UnitOfMeasurePrice>24.6667</UnitOfMeasurePrice>
      <AllowDiscount>1</AllowDiscount>
      <ItemStatus>1</ItemStatus>
      <ItemId>40793</ItemId>
    </Item>
    <Item>
      <PriceUpdateDate>2016-06-07 08:19:30</PriceUpdateDate>
      <ItemCode>7290002517825</ItemCode>
      <ItemType>1</ItemType>
      <ItemName>פלפל לבן טחון</ItemName>
      <ManufacturerName>תבליני טעם וריח</ManufacturerName>
      <ManufactureCountry>לא ידוע</ManufactureCountry>
      <ManufacturerItemDescription>פלפל לבן טחון 40 גר</ManufacturerItemDescription>
      <UnitQty>גרמים</UnitQty>
      <Quantity>40.00</Quantity>
      <UnitOfMeasure>100 גרם</UnitOfMeasure>
      <bIsWeighted>0</bIsWeighted>
      <QtyInPackage>1</QtyInPackage>
      <ItemPrice>10.20</ItemPrice>
      <UnitOfMeasurePrice>25.5000</UnitOfMeasurePrice>
      <AllowDiscount>1</AllowDiscount>
      <ItemStatus>1</ItemStatus>
      <ItemId>40795</ItemId>
    </Item>
    <Item>
      <PriceUpdateDate>2015-10-01 06:20:17</PriceUpdateDate>
      <ItemCode>7290002517887</ItemCode>
      <ItemType>1</ItemType>
      <ItemName>בהרט</ItemName>
      <ManufacturerName>יושלם</ManufacturerName>
      <ManufactureCountry>יושלם</ManufactureCountry>
      <ManufacturerItemDescription>בהרט 100 גר</ManufacturerItemDescription>
      <UnitQty>גרמים</UnitQty>
      <Quantity>100.00</Quantity>
      <UnitOfMeasure>100 גרם</UnitOfMeasure>
      <bIsWeighted>0</bIsWeighted>
      <QtyInPackage>1</QtyInPackage>
      <ItemPrice>11.90</ItemPrice>
      <UnitOfMeasurePrice>11.9000</UnitOfMeasurePrice>
      <AllowDiscount>1</AllowDiscount>
      <ItemStatus>1</ItemStatus>
      <ItemId>40801</ItemId>
    </Item>
    <Item>
      <PriceUpdateDate>2015-01-01 00:00:00</PriceUpdateDate>
      <ItemCode>7290006582355</ItemCode>
      <ItemType>1</ItemType>
      <ItemName>סילאן</ItemName>
      <ManufacturerName>דין שיווק וקליה בע"מ</ManufacturerName>
      <ManufactureCountry>ישראל</ManufactureCountry>
      <ManufacturerItemDescription>סילאן900 גר</ManufacturerItemDescription>
      <UnitQty>גרמים</UnitQty>
      <Quantity>900.00</Quantity>
      <UnitOfMeasure>100 גרם</UnitOfMeasure>
      <bIsWeighted>0</bIsWeighted>
      <QtyInPackage>1</QtyInPackage>
      <ItemPrice>23.30</ItemPrice>
      <UnitOfMeasurePrice>2.5889</UnitOfMeasurePrice>
      <AllowDiscount>1</AllowDiscount>
      <ItemStatus>1</ItemStatus>
      <ItemId>67853</ItemId>
    </Item>
    <Item>
      <PriceUpdateDate>2015-08-02 08:17:29</PriceUpdateDate>
      <ItemCode>835811008347</ItemCode>
      <ItemType>1</ItemType>
      <ItemName>גפרור מיוחד ענק</ItemName>
      <ManufacturerName>הנמל</ManufacturerName>
      <ManufactureCountry>לא ידוע</ManufactureCountry>
      <ManufacturerItemDescription>גפרור מיוחד ענק</ManufacturerItemDescription>
      <UnitQty>Unknown </UnitQty>
      <Quantity>0.00</Quantity>
      <UnitOfMeasure>Unknown </UnitOfMeasure>
      <bIsWeighted>0</bIsWeighted>
      <QtyInPackage>1</QtyInPackage>
      <ItemPrice>8.50</ItemPrice>
      <UnitOfMeasurePrice>0.0000</UnitOfMeasurePrice>
      <AllowDiscount>1</AllowDiscount>
      <ItemStatus>1</ItemStatus>
      <ItemId>40996</ItemId>
    </Item>
    <Item>
      <PriceUpdateDate>2015-01-01 00:00:00</PriceUpdateDate>
      <ItemCode>5908234805642</ItemCode>
      <ItemType>1</ItemType>
      <ItemName>וופל רול במילוי קרם</ItemName>
      <ManufacturerName>פליס ז.פ.ס</ManufacturerName>
      <ManufactureCountry>לא ידוע</ManufactureCountry>
      <ManufacturerItemDescription>וופל רול במילוי קרם וניל</ManufacturerItemDescription>
      <UnitQty>גרמים</UnitQty>
      <Quantity>150.00</Quantity>
      <UnitOfMeasure>100 גרם</UnitOfMeasure>
      <bIsWeighted>0</bIsWeighted>
      <QtyInPackage>1</QtyInPackage>
      <ItemPrice>6.00</ItemPrice>
      <UnitOfMeasurePrice>4.0000</UnitOfMeasurePrice>
      <AllowDiscount>1</AllowDiscount>
      <ItemStatus>1</ItemStatus>
      <ItemId>101909</ItemId>
    </Item>
    <Item>
      <PriceUpdateDate>2015-06-14 11:54:23</PriceUpdateDate>
      <ItemCode>7290000055329</ItemCode>
      <ItemType>1</ItemType>
      <ItemName>משקה יוגורט יופלה תו</ItemName>
      <ManufacturerName>תנובה מרכז שיתופי לש</ManufacturerName>
      <ManufactureCountry>ישראל</ManufactureCountry>
      <ManufacturerItemDescription>משקה יוגורט יופלה תות מלון          250</ManufacturerItemDescription>
      <UnitQty>מיליליטרים</UnitQty>
      <Quantity>250.00</Quantity>
      <UnitOfMeasure>100 מ"ל</UnitOfMeasure>
      <bIsWeighted>0</bIsWeighted>
      <QtyInPackage>1</QtyInPackage>
      <ItemPrice>5.70</ItemPrice>
      <UnitOfMeasurePrice>2.2800</UnitOfMeasurePrice>
      <AllowDiscount>1</AllowDiscount>
      <ItemStatus>1</ItemStatus>
      <ItemId>75780</ItemId>
    </Item>
    <Item>
      <PriceUpdateDate>2015-01-01 00:00:00</PriceUpdateDate>
      <ItemCode>5908234805659</ItemCode>
      <ItemType>1</ItemType>
      <ItemName>וופל רול במילוי קרם</ItemName>
      <ManufacturerName>פליס ז.פ.ס</ManufacturerName>
      <ManufactureCountry>לא ידוע</ManufactureCountry>
      <ManufacturerItemDescription>וופל רול במילוי קרם קוקוס</ManufacturerItemDescription>
      <UnitQty>גרמים</UnitQty>
      <Quantity>150.00</Quantity>
      <UnitOfMeasure>100 גרם</UnitOfMeasure>
      <bIsWeighted>0</bIsWeighted>
      <QtyInPackage>1</QtyInPackage>
      <ItemPrice>6.00</ItemPrice>
      <UnitOfMeasurePrice>4.0000</UnitOfMeasurePrice>
      <AllowDiscount>1</AllowDiscount>
      <ItemStatus>1</ItemStatus>
      <ItemId>101910</ItemId>
    </Item>
    <Item>
      <PriceUpdateDate>2015-10-01 06:13:19</PriceUpdateDate>
      <ItemCode>7290011438142</ItemCode>
      <ItemType>1</ItemType>
      <ItemName>משקה חלב קפה</ItemName>
      <ManufacturerName>שטראוס גרופ</ManufacturerName>
      <ManufactureCountry>ישראל</ManufactureCountry>
      <ManufacturerItemDescription>משקה חלב קפה 350 מ"ל</ManufacturerItemDescription>
      <UnitQty>מיליליטרים</UnitQty>
      <Quantity>350.00</Quantity>
      <UnitOfMeasure>100 מ"ל</UnitOfMeasure>
      <bIsWeighted>0</bIsWeighted>
      <QtyInPackage>1</QtyInPackage>
      <ItemPrice>6.60</ItemPrice>
      <UnitOfMeasurePrice>1.8857</UnitOfMeasurePrice>
      <AllowDiscount>1</AllowDiscount>
      <ItemStatus>1</ItemStatus>
      <ItemId>41209</ItemId>
    </Item>
    <Item>
      <PriceUpdateDate>2015-01-01 00:00:00</PriceUpdateDate>
      <ItemCode>7290000342390</ItemCode>
      <ItemType>1</ItemType>
      <ItemName>שוקולד הרשיז קרם עוג</ItemName>
      <ManufacturerName>הרשי</ManufacturerName>
      <ManufactureCountry>ארצות הברית</ManufactureCountry>
      <ManufacturerItemDescription>שוקולד הרשיז קרם עוגיות</ManufacturerItemDescription>
      <UnitQty>גרמים</UnitQty>
      <Quantity>430.00</Quantity>
      <UnitOfMeasure>100 גרם</UnitOfMeasure>
      <bIsWeighted>0</bIsWeighted>
      <QtyInPackage>1</QtyInPackage>
      <ItemPrice>4.90</ItemPrice>
      <UnitOfMeasurePrice>1.1395</UnitOfMeasurePrice>
      <AllowDiscount>1</AllowDiscount>
      <ItemStatus>1</ItemStatus>
      <ItemId>41490</ItemId>
    </Item>
    <Item>
      <PriceUpdateDate>2015-01-01 00:00:00</PriceUpdateDate>
      <ItemCode>7290000344400</ItemCode>
      <ItemType>1</ItemType>
      <ItemName>שוקולד הרשיז חמאת בו</ItemName>
      <ManufacturerName>יושלם</ManufacturerName>
      <ManufactureCountry>יושלם</ManufactureCountry>
      <ManufacturerItemDescription>שוקולד הרשיז חמאת בוטנים</ManufacturerItemDescription>
      <UnitQty>Unknown </UnitQty>
      <Quantity>0.00</Quantity>
      <UnitOfMeasure>Unknown </UnitOfMeasure>
      <bIsWeighted>0</bIsWeighted>
      <QtyInPackage>1</QtyInPackage>
      <ItemPrice>3.90</ItemPrice>
      <UnitOfMeasurePrice>0.0000</UnitOfMeasurePrice>
      <AllowDiscount>1</AllowDiscount>
      <ItemStatus>1</ItemStatus>
      <ItemId>41492</ItemId>
    </Item>
    <Item>
      <PriceUpdateDate>2015-01-01 00:00:00</PriceUpdateDate>
      <ItemCode>7290000572536</ItemCode>
      <ItemType>1</ItemType>
      <ItemName>חלבה וניל במגש</ItemName>
      <ManufacturerName>אחווה</ManufacturerName>
      <ManufactureCountry>ישראל</ManufactureCountry>
      <ManufacturerItemDescription>חלבה וניל במגש 400 גר                  "</ManufacturerItemDescription>
      <UnitQty>גרמים</UnitQty>
      <Quantity>400.00</Quantity>
      <UnitOfMeasure>100 גרם</UnitOfMeasure>
      <bIsWeighted>0</bIsWeighted>
      <QtyInPackage>1</QtyInPackage>
      <ItemPrice>14.50</ItemPrice>
      <UnitOfMeasurePrice>3.6250</UnitOfMeasurePrice>
      <AllowDiscount>1</AllowDiscount>
      <ItemStatus>1</ItemStatus>
      <ItemId>41506</ItemId>
    </Item>
    <Item>
      <PriceUpdateDate>2015-01-01 00:00:00</PriceUpdateDate>
      <ItemCode>5908234805666</ItemCode>
      <ItemType>1</ItemType>
      <ItemName>וופל רול במילוי קרם</ItemName>
      <ManufacturerName>פליס ז.פ.ס</ManufacturerName>
      <ManufactureCountry>פולין</ManufactureCountry>
      <ManufacturerItemDescription>וופל רול במילוי קרם אגוזים</ManufacturerItemDescription>
      <UnitQty>גרמים</UnitQty>
      <Quantity>150.00</Quantity>
      <UnitOfMeasure>100 גרם</UnitOfMeasure>
      <bIsWeighted>0</bIsWeighted>
      <QtyInPackage>1</QtyInPackage>
      <ItemPrice>6.00</ItemPrice>
      <UnitOfMeasurePrice>4.0000</UnitOfMeasurePrice>
      <AllowDiscount>1</AllowDiscount>
      <ItemStatus>1</ItemStatus>
      <ItemId>101911</ItemId>
    </Item>
    <Item>
      <PriceUpdateDate>2015-10-01 06:16:28</PriceUpdateDate>
      <ItemCode>7290000199313</ItemCode>
      <ItemType>1</ItemType>
      <ItemName>קוטקס תחבושות לנערות</ItemName>
      <ManufacturerName>KC Turkey</ManufacturerName>
      <ManufactureCountry>טורקיה</ManufactureCountry>
      <ManufacturerItemDescription>קוטקס תחבושות לנערות 28    יח          "</ManufacturerItemDescription>
      <UnitQty>Unknown </UnitQty>
      <Quantity>0.00</Quantity>
      <UnitOfMeasure>Unknown </UnitOfMeasure>
      <bIsWeighted>0</bIsWeighted>
      <QtyInPackage>1</QtyInPackage>
      <ItemPrice>22.70</ItemPrice>
      <UnitOfMeasurePrice>0.0000</UnitOfMeasurePrice>
      <AllowDiscount>1</AllowDiscount>
      <ItemStatus>1</ItemStatus>
      <ItemId>41567</ItemId>
    </Item>
    <Item>
      <PriceUpdateDate>2016-06-15 07:39:59</PriceUpdateDate>
      <ItemCode>7290011081492</ItemCode>
      <ItemType>1</ItemType>
      <ItemName>קרמיסימו שוקולדים</ItemName>
      <ManufacturerName>שטראוס גלידות</ManufacturerName>
      <ManufactureCountry>ישראל</ManufactureCountry>
      <ManufacturerItemDescription>קרמיסימו שלושה שוקולדים</ManufacturerItemDescription>
      <UnitQty>ליטרים</UnitQty>
      <Quantity>1.33</Quantity>
      <UnitOfMeasure>ליטר</UnitOfMeasure>
      <bIsWeighted>0</bIsWeighted>
      <QtyInPackage>1</QtyInPackage>
      <ItemPrice>23.90</ItemPrice>
      <UnitOfMeasurePrice>17.9699</UnitOfMeasurePrice>
      <AllowDiscount>1</AllowDiscount>
      <ItemStatus>1</ItemStatus>
      <ItemId>41661</ItemId>
    </Item>
    <Item>
      <PriceUpdateDate>2016-06-07 08:19:30</PriceUpdateDate>
      <ItemCode>7290002517276</ItemCode>
      <ItemType>1</ItemType>
      <ItemName>פלפל אנגלי שלם</ItemName>
      <ManufacturerName>תבליני טעם וריח</ManufacturerName>
      <ManufactureCountry>לא ידוע</ManufactureCountry>
      <ManufacturerItemDescription>פלפל אנגלי שלם 25 גר מיכל קטן</ManufacturerItemDescription>
      <UnitQty>גרמים</UnitQty>
      <Quantity>25.00</Quantity>
      <UnitOfMeasure>100 גרם</UnitOfMeasure>
      <bIsWeighted>0</bIsWeighted>
      <QtyInPackage>1</QtyInPackage>
      <ItemPrice>9.40</ItemPrice>
      <UnitOfMeasurePrice>37.6000</UnitOfMeasurePrice>
      <AllowDiscount>1</AllowDiscount>
      <ItemStatus>1</ItemStatus>
      <ItemId>41758</ItemId>
    </Item>
    <Item>
      <PriceUpdateDate>2016-06-07 08:19:30</PriceUpdateDate>
      <ItemCode>7290002517290</ItemCode>
      <ItemType>1</ItemType>
      <ItemName>קינמון טחון מיכל קטן</ItemName>
      <ManufacturerName>תבליני טעם וריח</ManufacturerName>
      <ManufactureCountry>לא ידוע</ManufactureCountry>
      <ManufacturerItemDescription>קינמון טחון 40 גר  מיכל קטן</ManufacturerItemDescription>
      <UnitQty>גרמים</UnitQty>
      <Quantity>40.00</Quantity>
      <UnitOfMeasure>100 גרם</UnitOfMeasure>
      <bIsWeighted>0</bIsWeighted>
      <QtyInPackage>1</QtyInPackage>
      <ItemPrice>7.40</ItemPrice>
      <UnitOfMeasurePrice>18.5000</UnitOfMeasurePrice>
      <AllowDiscount>1</AllowDiscount>
      <ItemStatus>1</ItemStatus>
      <ItemId>41759</ItemId>
    </Item>
    <Item>
      <PriceUpdateDate>2015-01-01 00:00:00</PriceUpdateDate>
      <ItemCode>7290010116959</ItemCode>
      <ItemType>1</ItemType>
      <ItemName>חטיף ציטוס גבינה</ItemName>
      <ManufacturerName>שטראוס</ManufacturerName>
      <ManufactureCountry>ישראל</ManufactureCountry>
      <ManufacturerItemDescription>חטיף צ"יטוס גבינה 80 גרם</ManufacturerItemDescription>
      <UnitQty>גרמים</UnitQty>
      <Quantity>80.00</Quantity>
      <UnitOfMeasure>100 גרם</UnitOfMeasure>
      <bIsWeighted>0</bIsWeighted>
      <QtyInPackage>1</QtyInPackage>
      <ItemPrice>5.00</ItemPrice>
      <UnitOfMeasurePrice>6.2500</UnitOfMeasurePrice>
      <AllowDiscount>1</AllowDiscount>
      <ItemStatus>1</ItemStatus>
      <ItemId>41786</ItemId>
    </Item>
    <Item>
      <PriceUpdateDate>2015-10-01 06:14:38</PriceUpdateDate>
      <ItemCode>7290001791776</ItemCode>
      <ItemType>1</ItemType>
      <ItemName>סנו די רולאון+אלוורה</ItemName>
      <ManufacturerName>קוסמופארם</ManufacturerName>
      <ManufactureCountry>ישראל</ManufactureCountry>
      <ManufacturerItemDescription>סנו די רולאון + אלוורה 50 מל</ManufacturerItemDescription>
      <UnitQty>מיליליטרים</UnitQty>
      <Quantity>50.00</Quantity>
      <UnitOfMeasure>100 מ"ל</UnitOfMeasure>
      <bIsWeighted>0</bIsWeighted>
      <QtyInPackage>1</QtyInPackage>
      <ItemPrice>21.70</ItemPrice>
      <UnitOfMeasurePrice>43.4000</UnitOfMeasurePrice>
      <AllowDiscount>1</AllowDiscount>
      <ItemStatus>1</ItemStatus>
      <ItemId>41791</ItemId>
    </Item>
    <Item>
      <PriceUpdateDate>2015-10-01 06:15:02</PriceUpdateDate>
      <ItemCode>4891228430092</ItemCode>
      <ItemType>1</ItemType>
      <ItemName>סכיני גילוח אקסטרים</ItemName>
      <ManufacturerName>ENERGIZER SINGAPORE</ManufacturerName>
      <ManufactureCountry>סין</ManufactureCountry>
      <ManufacturerItemDescription>סכין גילוח אקסטרים 3 לאישה           1/4</ManufacturerItemDescription>
      <UnitQty>Unknown </UnitQty>
      <Quantity>0.00</Quantity>
      <UnitOfMeasure>Unknown </UnitOfMeasure>
      <bIsWeighted>0</bIsWeighted>
      <QtyInPackage>1</QtyInPackage>
      <ItemPrice>19.70</ItemPrice>
      <UnitOfMeasurePrice>0.0000</UnitOfMeasurePrice>
      <AllowDiscount>1</AllowDiscount>
      <ItemStatus>1</ItemStatus>
      <ItemId>41815</ItemId>
    </Item>
    <Item>
      <PriceUpdateDate>2015-07-17 07:33:06</PriceUpdateDate>
      <ItemCode>7290003643776</ItemCode>
      <ItemType>1</ItemType>
      <ItemName>פופקורן</ItemName>
      <ManufacturerName>סוגת</ManufacturerName>
      <ManufactureCountry>לא ידוע</ManufactureCountry>
      <ManufacturerItemDescription>פופקורן 500 גרם</ManufacturerItemDescription>
      <UnitQty>גרמים</UnitQty>
      <Quantity>500.00</Quantity>
      <UnitOfMeasure>100 גרם</UnitOfMeasure>
      <bIsWeighted>0</bIsWeighted>
      <QtyInPackage>1</QtyInPackage>
      <ItemPrice>5.90</ItemPrice>
      <UnitOfMeasurePrice>1.1800</UnitOfMeasurePrice>
      <AllowDiscount>1</AllowDiscount>
      <ItemStatus>1</ItemStatus>
      <ItemId>41840</ItemId>
    </Item>
    <Item>
      <PriceUpdateDate>2015-07-17 07:33:06</PriceUpdateDate>
      <ItemCode>7290003643714</ItemCode>
      <ItemType>1</ItemType>
      <ItemName>חומוס 500 גרם</ItemName>
      <ManufacturerName>סוגת</ManufacturerName>
      <ManufactureCountry>לא ידוע</ManufactureCountry>
      <ManufacturerItemDescription>חומוס 500 גרם</ManufacturerItemDescription>
      <UnitQty>גרמים</UnitQty>
      <Quantity>500.00</Quantity>
      <UnitOfMeasure>100 גרם</UnitOfMeasure>
      <bIsWeighted>0</bIsWeighted>
      <QtyInPackage>1</QtyInPackage>
      <ItemPrice>6.90</ItemPrice>
      <UnitOfMeasurePrice>1.3800</UnitOfMeasurePrice>
      <AllowDiscount>1</AllowDiscount>
      <ItemStatus>1</ItemStatus>
      <ItemId>41841</ItemId>
    </Item>
    <Item>
      <PriceUpdateDate>2015-07-17 07:33:06</PriceUpdateDate>
      <ItemCode>7290003643738</ItemCode>
      <ItemType>1</ItemType>
      <ItemName>חיטה 500 גרם</ItemName>
      <ManufacturerName>סוגת</ManufacturerName>
      <ManufactureCountry>לא ידוע</ManufactureCountry>
      <ManufacturerItemDescription>חיטה 500 גרם</ManufacturerItemDescription>
      <UnitQty>גרמים</UnitQty>
      <Quantity>500.00</Quantity>
      <UnitOfMeasure>100 גרם</UnitOfMeasure>
      <bIsWeighted>0</bIsWeighted>
      <QtyInPackage>1</QtyInPackage>
      <ItemPrice>5.90</ItemPrice>
      <UnitOfMeasurePrice>1.1800</UnitOfMeasurePrice>
      <AllowDiscount>1</AllowDiscount>
      <ItemStatus>1</ItemStatus>
      <ItemId>41842</ItemId>
    </Item>
    <Item>
      <PriceUpdateDate>2015-10-01 06:15:18</PriceUpdateDate>
      <ItemCode>7290003643813</ItemCode>
      <ItemType>1</ItemType>
      <ItemName>שעועית אדומה</ItemName>
      <ManufacturerName>סוגת</ManufacturerName>
      <ManufactureCountry>לא ידוע</ManufactureCountry>
      <ManufacturerItemDescription>שעועית אדומה 500 גרם</ManufacturerItemDescription>
      <UnitQty>גרמים</UnitQty>
      <Quantity>500.00</Quantity>
      <UnitOfMeasure>100 גרם</UnitOfMeasure>
      <bIsWeighted>0</bIsWeighted>
      <QtyInPackage>1</QtyInPackage>
      <ItemPrice>11.80</ItemPrice>
      <UnitOfMeasurePrice>2.3600</UnitOfMeasurePrice>
      <AllowDiscount>1</AllowDiscount>
      <ItemStatus>1</ItemStatus>
      <ItemId>41843</ItemId>
    </Item>
    <Item>
      <PriceUpdateDate>2015-01-01 00:00:00</PriceUpdateDate>
      <ItemCode>7290001990117</ItemCode>
      <ItemType>1</ItemType>
      <ItemName>שומשום 100 גרם</ItemName>
      <ManufacturerName>יושלם</ManufacturerName>
      <ManufactureCountry>לא ידוע</ManufactureCountry>
      <ManufacturerItemDescription>שומשום 100 גרם</ManufacturerItemDescription>
      <UnitQty>גרמים</UnitQty>
      <Quantity>100.00</Quantity>
      <UnitOfMeasure>100 גרם</UnitOfMeasure>
      <bIsWeighted>0</bIsWeighted>
      <QtyInPackage>1</QtyInPackage>
      <ItemPrice>3.90</ItemPrice>
      <UnitOfMeasurePrice>3.9000</UnitOfMeasurePrice>
      <AllowDiscount>1</AllowDiscount>
      <ItemStatus>1</ItemStatus>
      <ItemId>41844</ItemId>
    </Item>
    <Item>
      <PriceUpdateDate>2015-01-01 00:00:00</PriceUpdateDate>
      <ItemCode>42124351</ItemCode>
      <ItemType>1</ItemType>
      <ItemName>סוכריות אורביט מינטס</ItemName>
      <ManufacturerName>ריגלי</ManufacturerName>
      <ManufactureCountry>פולין</ManufactureCountry>
      <ManufacturerItemDescription>סוכריות אורביט מינטס מנטה</ManufacturerItemDescription>
      <UnitQty>Unknown </UnitQty>
      <Quantity>0.00</Quantity>
      <UnitOfMeasure>Unknown </UnitOfMeasure>
      <bIsWeighted>0</bIsWeighted>
      <QtyInPackage>1</QtyInPackage>
      <ItemPrice>3.50</ItemPrice>
      <UnitOfMeasurePrice>0.0000</UnitOfMeasurePrice>
      <AllowDiscount>1</AllowDiscount>
      <ItemStatus>1</ItemStatus>
      <ItemId>41846</ItemId>
    </Item>
    <Item>
      <PriceUpdateDate>2015-01-01 00:00:00</PriceUpdateDate>
      <ItemCode>87108538</ItemCode>
      <ItemType>1</ItemType>
      <ItemName>סוכריות תות</ItemName>
      <ManufacturerName>פרפטי ואן מלה</ManufacturerName>
      <ManufactureCountry>לא ידוע</ManufactureCountry>
      <ManufacturerItemDescription>סוכריות מנטוס תות 37.5 גר              "</ManufacturerItemDescription>
      <UnitQty>Unknown </UnitQty>
      <Quantity>0.00</Quantity>
      <UnitOfMeasure>Unknown </UnitOfMeasure>
      <bIsWeighted>0</bIsWeighted>
      <QtyInPackage>1</QtyInPackage>
      <ItemPrice>3.90</ItemPrice>
      <UnitOfMeasurePrice>0.0000</UnitOfMeasurePrice>
      <AllowDiscount>1</AllowDiscount>
      <ItemStatus>1</ItemStatus>
      <ItemId>41854</ItemId>
    </Item>
    <Item>
      <PriceUpdateDate>2015-10-01 06:15:11</PriceUpdateDate>
      <ItemCode>7290011081393</ItemCode>
      <ItemType>1</ItemType>
      <ItemName>מאגדת קרחונים מיני</ItemName>
      <ManufacturerName>שטראוס גלידות</ManufacturerName>
      <ManufactureCountry>ישראל</ManufactureCountry>
      <ManufacturerItemDescription>קרחונים ננסים בשקית 5 יח</ManufacturerItemDescription>
      <UnitQty>גרמים</UnitQty>
      <Quantity>87.00</Quantity>
      <UnitOfMeasure>100 גרם</UnitOfMeasure>
      <bIsWeighted>0</bIsWeighted>
      <QtyInPackage>1</QtyInPackage>
      <ItemPrice>9.80</ItemPrice>
      <UnitOfMeasurePrice>11.2644</UnitOfMeasurePrice>
      <AllowDiscount>1</AllowDiscount>
      <ItemStatus>1</ItemStatus>
      <ItemId>41874</ItemId>
    </Item>
    <Item>
      <PriceUpdateDate>2015-10-01 06:19:30</PriceUpdateDate>
      <ItemCode>7290011876494</ItemCode>
      <ItemType>1</ItemType>
      <ItemName>שניצל עוף V תירס</ItemName>
      <ManufacturerName>תנובה</ManufacturerName>
      <ManufactureCountry>ישראל</ManufactureCountry>
      <ManufacturerItemDescription>שניצל עוף V תירס 750 גרם</ManufacturerItemDescription>
      <UnitQty>גרמים</UnitQty>
      <Quantity>750.00</Quantity>
      <UnitOfMeasure>100 גרם</UnitOfMeasure>
      <bIsWeighted>0</bIsWeighted>
      <QtyInPackage>1</QtyInPackage>
      <ItemPrice>39.80</ItemPrice>
      <UnitOfMeasurePrice>5.3067</UnitOfMeasurePrice>
      <AllowDiscount>1</AllowDiscount>
      <ItemStatus>1</ItemStatus>
      <ItemId>41901</ItemId>
    </Item>
    <Item>
      <PriceUpdateDate>2015-01-01 00:00:00</PriceUpdateDate>
      <ItemCode>7290011115265</ItemCode>
      <ItemType>1</ItemType>
      <ItemName>נקה 7 סבון גבר מועשר</ItemName>
      <ManufacturerName>גליל כימיכלים בע"מ</ManufacturerName>
      <ManufactureCountry>ישראל</ManufactureCountry>
      <ManufacturerItemDescription>נקה 7 סבון לגבר מועשר -רביעיה</ManufacturerItemDescription>
      <UnitQty>גרמים</UnitQty>
      <Quantity>400.00</Quantity>
      <UnitOfMeasure>100 גרם</UnitOfMeasure>
      <bIsWeighted>0</bIsWeighted>
      <QtyInPackage>4</QtyInPackage>
      <ItemPrice>14.90</ItemPrice>
      <UnitOfMeasurePrice>3.7250</UnitOfMeasurePrice>
      <AllowDiscount>1</AllowDiscount>
      <ItemStatus>1</ItemStatus>
      <ItemId>41996</ItemId>
    </Item>
    <Item>
      <PriceUpdateDate>2015-01-01 00:00:00</PriceUpdateDate>
      <ItemCode>7290011115272</ItemCode>
      <ItemType>1</ItemType>
      <ItemName>נקה 7 סבון ירוק</ItemName>
      <ManufacturerName>גליל כימיכלים בע"מ</ManufacturerName>
      <ManufactureCountry>ישראל</ManufactureCountry>
      <ManufacturerItemDescription>נקה 7 סבון ירוק מועשר -רביעיה</ManufacturerItemDescription>
      <UnitQty>גרמים</UnitQty>
      <Quantity>400.00</Quantity>
      <UnitOfMeasure>100 גרם</UnitOfMeasure>
      <bIsWeighted>0</bIsWeighted>
      <QtyInPackage>4</QtyInPackage>
      <ItemPrice>14.90</ItemPrice>
      <UnitOfMeasurePrice>3.7250</UnitOfMeasurePrice>
      <AllowDiscount>1</AllowDiscount>
      <ItemStatus>1</ItemStatus>
      <ItemId>41997</ItemId>
    </Item>
    <Item>
      <PriceUpdateDate>2015-07-17 07:33:06</PriceUpdateDate>
      <ItemCode>7290003643752</ItemCode>
      <ItemType>1</ItemType>
      <ItemName>עדשים ירוקות</ItemName>
      <ManufacturerName>סוגת</ManufacturerName>
      <ManufactureCountry>לא ידוע</ManufactureCountry>
      <ManufacturerItemDescription>עדשים ירוקות 500 גרם</ManufacturerItemDescription>
      <UnitQty>גרמים</UnitQty>
      <Quantity>500.00</Quantity>
      <UnitOfMeasure>100 גרם</UnitOfMeasure>
      <bIsWeighted>0</bIsWeighted>
      <QtyInPackage>1</QtyInPackage>
      <ItemPrice>5.90</ItemPrice>
      <UnitOfMeasurePrice>1.1800</UnitOfMeasurePrice>
      <AllowDiscount>1</AllowDiscount>
      <ItemStatus>1</ItemStatus>
      <ItemId>42098</ItemId>
    </Item>
    <Item>
      <PriceUpdateDate>2016-06-07 08:19:30</PriceUpdateDate>
      <ItemCode>7290000134666</ItemCode>
      <ItemType>1</ItemType>
      <ItemName>רוזמרין</ItemName>
      <ManufacturerName>תבליני טעם וריח</ManufacturerName>
      <ManufactureCountry>לא ידוע</ManufactureCountry>
      <ManufacturerItemDescription>רוזמרין 15 גר מיכל פלסטיק קטן</ManufacturerItemDescription>
      <UnitQty>גרמים</UnitQty>
      <Quantity>15.00</Quantity>
      <UnitOfMeasure>100 גרם</UnitOfMeasure>
      <bIsWeighted>0</bIsWeighted>
      <QtyInPackage>1</QtyInPackage>
      <ItemPrice>7.40</ItemPrice>
      <UnitOfMeasurePrice>49.3333</UnitOfMeasurePrice>
      <AllowDiscount>1</AllowDiscount>
      <ItemStatus>1</ItemStatus>
      <ItemId>42101</ItemId>
    </Item>
    <Item>
      <PriceUpdateDate>2016-05-19 11:22:06</PriceUpdateDate>
      <ItemCode>7290000134673</ItemCode>
      <ItemType>1</ItemType>
      <ItemName>זנגביל 30 גר</ItemName>
      <ManufacturerName>תבליני טעם וריח</ManufacturerName>
      <ManufactureCountry>ישראל</ManufactureCountry>
      <ManufacturerItemDescription>זנגביל 30 גר מיכל קטן</ManufacturerItemDescription>
      <UnitQty>גרמים</UnitQty>
      <Quantity>30.00</Quantity>
      <UnitOfMeasure>100 גרם</UnitOfMeasure>
      <bIsWeighted>0</bIsWeighted>
      <QtyInPackage>1</QtyInPackage>
      <ItemPrice>7.40</ItemPrice>
      <UnitOfMeasurePrice>24.6667</UnitOfMeasurePrice>
      <AllowDiscount>1</AllowDiscount>
      <ItemStatus>1</ItemStatus>
      <ItemId>42102</ItemId>
    </Item>
    <Item>
      <PriceUpdateDate>2016-06-07 08:19:31</PriceUpdateDate>
      <ItemCode>7290000134758</ItemCode>
      <ItemType>1</ItemType>
      <ItemName>תיבול לתפוא  מיכל</ItemName>
      <ManufacturerName>תבליני טעם וריח</ManufacturerName>
      <ManufactureCountry>לא ידוע</ManufactureCountry>
      <ManufacturerItemDescription>תיבול לתפוחי אדמה 100 גר "מיכל</ManufacturerItemDescription>
      <UnitQty>גרמים</UnitQty>
      <Quantity>100.00</Quantity>
      <UnitOfMeasure>100 גרם</UnitOfMeasure>
      <bIsWeighted>0</bIsWeighted>
      <QtyInPackage>1</QtyInPackage>
      <ItemPrice>11.80</ItemPrice>
      <UnitOfMeasurePrice>11.8000</UnitOfMeasurePrice>
      <AllowDiscount>1</AllowDiscount>
      <ItemStatus>1</ItemStatus>
      <ItemId>42104</ItemId>
    </Item>
    <Item>
      <PriceUpdateDate>2016-06-07 08:19:31</PriceUpdateDate>
      <ItemCode>7290000134994</ItemCode>
      <ItemType>1</ItemType>
      <ItemName>טימין 20 גר מיכל קטן</ItemName>
      <ManufacturerName>תבליני טעם וריח</ManufacturerName>
      <ManufactureCountry>לא ידוע</ManufactureCountry>
      <ManufacturerItemDescription>טימין 20 גר  מיכל פלסטיק קטן</ManufacturerItemDescription>
      <UnitQty>גרמים</UnitQty>
      <Quantity>20.00</Quantity>
      <UnitOfMeasure>100 גרם</UnitOfMeasure>
      <bIsWeighted>0</bIsWeighted>
      <QtyInPackage>1</QtyInPackage>
      <ItemPrice>7.40</ItemPrice>
      <UnitOfMeasurePrice>37.0000</UnitOfMeasurePrice>
      <AllowDiscount>1</AllowDiscount>
      <ItemStatus>1</ItemStatus>
      <ItemId>42105</ItemId>
    </Item>
    <Item>
      <PriceUpdateDate>2015-07-22 06:41:06</PriceUpdateDate>
      <ItemCode>7290001791349</ItemCode>
      <ItemType>1</ItemType>
      <ItemName>אקונומיקה ריחנית</ItemName>
      <ManufacturerName>סנו</ManufacturerName>
      <ManufactureCountry>ישראל</ManufactureCountry>
      <ManufacturerItemDescription>אקונומיקה ריחנית פיסגה 4 ל             "</ManufacturerItemDescription>
      <UnitQty>ליטרים</UnitQty>
      <Quantity>4.00</Quantity>
      <UnitOfMeasure>ליטר</UnitOfMeasure>
      <bIsWeighted>0</bIsWeighted>
      <QtyInPackage>1</QtyInPackage>
      <ItemPrice>13.30</ItemPrice>
      <UnitOfMeasurePrice>3.3250</UnitOfMeasurePrice>
      <AllowDiscount>1</AllowDiscount>
      <ItemStatus>1</ItemStatus>
      <ItemId>42106</ItemId>
    </Item>
    <Item>
      <PriceUpdateDate>2015-10-01 06:15:02</PriceUpdateDate>
      <ItemCode>4891228430061</ItemCode>
      <ItemType>1</ItemType>
      <ItemName>סכיני גילוח 10 יח</ItemName>
      <ManufacturerName>ENERGIZER SINGAPORE</ManufacturerName>
      <ManufactureCountry>סין</ManufactureCountry>
      <ManufacturerItemDescription>סכיני גילוח עם אלוורה 10 לאישה</ManufacturerItemDescription>
      <UnitQty>Unknown </UnitQty>
      <Quantity>0.00</Quantity>
      <UnitOfMeasure>Unknown </UnitOfMeasure>
      <bIsWeighted>0</bIsWeighted>
      <QtyInPackage>1</QtyInPackage>
      <ItemPrice>31.60</ItemPrice>
      <UnitOfMeasurePrice>0.0000</UnitOfMeasurePrice>
      <AllowDiscount>1</AllowDiscount>
      <ItemStatus>1</ItemStatus>
      <ItemId>42139</ItemId>
    </Item>
    <Item>
      <PriceUpdateDate>2015-10-01 06:14:38</PriceUpdateDate>
      <ItemCode>7290011598372</ItemCode>
      <ItemType>1</ItemType>
      <ItemName>מטלית רצפה מיקרופייב</ItemName>
      <ManufacturerName>N.S.</ManufacturerName>
      <ManufactureCountry>סין</ManufactureCountry>
      <ManufacturerItemDescription>מטלית רצפה מיקרופייבר</ManufacturerItemDescription>
      <UnitQty>Unknown </UnitQty>
      <Quantity>0.00</Quantity>
      <UnitOfMeasure>Unknown </UnitOfMeasure>
      <bIsWeighted>0</bIsWeighted>
      <QtyInPackage>1</QtyInPackage>
      <ItemPrice>12.80</ItemPrice>
      <UnitOfMeasurePrice>0.0000</UnitOfMeasurePrice>
      <AllowDiscount>1</AllowDiscount>
      <ItemStatus>1</ItemStatus>
      <ItemId>42144</ItemId>
    </Item>
    <Item>
      <PriceUpdateDate>2015-10-01 06:21:29</PriceUpdateDate>
      <ItemCode>4009900406918</ItemCode>
      <ItemType>1</ItemType>
      <ItemName>הובה בובה טייפ טריפל</ItemName>
      <ManufacturerName>ריגלי</ManufacturerName>
      <ManufactureCountry>בריטניה</ManufactureCountry>
      <ManufacturerItemDescription>הובה בובה טייפ טריפל מיקס</ManufacturerItemDescription>
      <UnitQty>Unknown </UnitQty>
      <Quantity>0.00</Quantity>
      <UnitOfMeasure>Unknown </UnitOfMeasure>
      <bIsWeighted>0</bIsWeighted>
      <QtyInPackage>1</QtyInPackage>
      <ItemPrice>8.40</ItemPrice>
      <UnitOfMeasurePrice>0.0000</UnitOfMeasurePrice>
      <AllowDiscount>1</AllowDiscount>
      <ItemStatus>1</ItemStatus>
      <ItemId>42278</ItemId>
    </Item>
    <Item>
      <PriceUpdateDate>2016-02-15 09:04:47</PriceUpdateDate>
      <ItemCode>7290010111022</ItemCode>
      <ItemType>1</ItemType>
      <ItemName>פלסטרים לילדים פארמה</ItemName>
      <ManufacturerName>הונג יו</ManufacturerName>
      <ManufactureCountry>לא ידוע</ManufactureCountry>
      <ManufacturerItemDescription>פלסטרים לילדים פארמה קר</ManufacturerItemDescription>
      <UnitQty>יחידה   </UnitQty>
      <Quantity>1.00</Quantity>
      <UnitOfMeasure>יחידה   </UnitOfMeasure>
      <bIsWeighted>0</bIsWeighted>
      <QtyInPackage>1</QtyInPackage>
      <ItemPrice>5.90</ItemPrice>
      <UnitOfMeasurePrice>5.9000</UnitOfMeasurePrice>
      <AllowDiscount>1</AllowDiscount>
      <ItemStatus>1</ItemStatus>
      <ItemId>104917</ItemId>
    </Item>
    <Item>
      <PriceUpdateDate>2015-08-09 08:03:31</PriceUpdateDate>
      <ItemCode>7290100685334</ItemCode>
      <ItemType>1</ItemType>
      <ItemName>מרק עוף אמיתי</ItemName>
      <ManufacturerName>אסם</ManufacturerName>
      <ManufactureCountry>ישראל</ManufactureCountry>
      <ManufacturerItemDescription>מרק עוף אמיתי מרכיבים טבעיים</ManufacturerItemDescription>
      <UnitQty>גרמים</UnitQty>
      <Quantity>400.00</Quantity>
      <UnitOfMeasure>100 גרם</UnitOfMeasure>
      <bIsWeighted>0</bIsWeighted>
      <QtyInPackage>1</QtyInPackage>
      <ItemPrice>29.70</ItemPrice>
      <UnitOfMeasurePrice>7.4250</UnitOfMeasurePrice>
      <AllowDiscount>1</AllowDiscount>
      <ItemStatus>1</ItemStatus>
      <ItemId>42283</ItemId>
    </Item>
    <Item>
      <PriceUpdateDate>2015-10-01 06:15:02</PriceUpdateDate>
      <ItemCode>7290010329595</ItemCode>
      <ItemType>1</ItemType>
      <ItemName>וופל אגו דבל שוקולד</ItemName>
      <ManufacturerName>כרמית תעשיות ממתקים</ManufacturerName>
      <ManufactureCountry>ישראל</ManufactureCountry>
      <ManufacturerItemDescription>וופל אגו דבל שוקולד 130 גרם</ManufacturerItemDescription>
      <UnitQty>גרמים</UnitQty>
      <Quantity>130.00</Quantity>
      <UnitOfMeasure>100 גרם</UnitOfMeasure>
      <bIsWeighted>0</bIsWeighted>
      <QtyInPackage>1</QtyInPackage>
      <ItemPrice>11.00</ItemPrice>
      <UnitOfMeasurePrice>8.4615</UnitOfMeasurePrice>
      <AllowDiscount>1</AllowDiscount>
      <ItemStatus>1</ItemStatus>
      <ItemId>42315</ItemId>
    </Item>
    <Item>
      <PriceUpdateDate>2015-10-01 06:13:19</PriceUpdateDate>
      <ItemCode>7290102030330</ItemCode>
      <ItemType>1</ItemType>
      <ItemName>תפוציפס קראנץ מקסיקנ</ItemName>
      <ManufacturerName>שטראוס גרופ</ManufacturerName>
      <ManufactureCountry>ישראל</ManufactureCountry>
      <ManufacturerItemDescription>תפוציפס קראנץ "מקסיקני 200 גר</ManufacturerItemDescription>
      <UnitQty>גרמים</UnitQty>
      <Quantity>200.00</Quantity>
      <UnitOfMeasure>100 גרם</UnitOfMeasure>
      <bIsWeighted>0</bIsWeighted>
      <QtyInPackage>1</QtyInPackage>
      <ItemPrice>9.70</ItemPrice>
      <UnitOfMeasurePrice>4.8500</UnitOfMeasurePrice>
      <AllowDiscount>1</AllowDiscount>
      <ItemStatus>1</ItemStatus>
      <ItemId>42479</ItemId>
    </Item>
    <Item>
      <PriceUpdateDate>2015-07-24 06:45:13</PriceUpdateDate>
      <ItemCode>7290014002203</ItemCode>
      <ItemType>1</ItemType>
      <ItemName>חליטת צמחים לימונית</ItemName>
      <ManufacturerName>ויסוצקי</ManufacturerName>
      <ManufactureCountry>לא ידוע</ManufactureCountry>
      <ManufacturerItemDescription>חליטת לימונית ולואיזה</ManufacturerItemDescription>
      <UnitQty>גרמים</UnitQty>
      <Quantity>37.00</Quantity>
      <UnitOfMeasure>100 גרם</UnitOfMeasure>
      <bIsWeighted>0</bIsWeighted>
      <QtyInPackage>1</QtyInPackage>
      <ItemPrice>18.70</ItemPrice>
      <UnitOfMeasurePrice>50.5405</UnitOfMeasurePrice>
      <AllowDiscount>1</AllowDiscount>
      <ItemStatus>1</ItemStatus>
      <ItemId>85539</ItemId>
    </Item>
    <Item>
      <PriceUpdateDate>2015-10-01 06:15:02</PriceUpdateDate>
      <ItemCode>54051140</ItemCode>
      <ItemType>1</ItemType>
      <ItemName>מעדן סויה וניל</ItemName>
      <ManufacturerName>ALPRO N.V.</ManufacturerName>
      <ManufactureCountry>בלגיה</ManufactureCountry>
      <ManufacturerItemDescription>מעדן סויה וניל               4*125  1/4</ManufacturerItemDescription>
      <UnitQty>גרמים</UnitQty>
      <Quantity>500.00</Quantity>
      <UnitOfMeasure>100 גרם</UnitOfMeasure>
      <bIsWeighted>0</bIsWeighted>
      <QtyInPackage>1</QtyInPackage>
      <ItemPrice>19.70</ItemPrice>
      <UnitOfMeasurePrice>3.9400</UnitOfMeasurePrice>
      <AllowDiscount>1</AllowDiscount>
      <ItemStatus>1</ItemStatus>
      <ItemId>42740</ItemId>
    </Item>
    <Item>
      <PriceUpdateDate>2015-10-01 06:15:02</PriceUpdateDate>
      <ItemCode>54051157</ItemCode>
      <ItemType>1</ItemType>
      <ItemName>מעדן סויה שוקו</ItemName>
      <ManufacturerName>ALPRO N.V.</ManufacturerName>
      <ManufactureCountry>בלגיה</ManufactureCountry>
      <ManufacturerItemDescription>מעדן סויה שוקו                4*125 1/4</ManufacturerItemDescription>
      <UnitQty>גרמים</UnitQty>
      <Quantity>500.00</Quantity>
      <UnitOfMeasure>100 גרם</UnitOfMeasure>
      <bIsWeighted>0</bIsWeighted>
      <QtyInPackage>1</QtyInPackage>
      <ItemPrice>19.70</ItemPrice>
      <UnitOfMeasurePrice>3.9400</UnitOfMeasurePrice>
      <AllowDiscount>1</AllowDiscount>
      <ItemStatus>1</ItemStatus>
      <ItemId>42741</ItemId>
    </Item>
    <Item>
      <PriceUpdateDate>2015-10-01 06:17:28</PriceUpdateDate>
      <ItemCode>3014260280772</ItemCode>
      <ItemType>1</ItemType>
      <ItemName>חוט דנטלי עם שעווה</ItemName>
      <ManufacturerName>פרוקטר אנד גמבל</ManufacturerName>
      <ManufactureCountry>מקסיקו</ManufactureCountry>
      <ManufacturerItemDescription>אורל בי חוט דנטלי בציפוי שעווה</ManufacturerItemDescription>
      <UnitQty>Unknown </UnitQty>
      <Quantity>0.00</Quantity>
      <UnitOfMeasure>Unknown </UnitOfMeasure>
      <bIsWeighted>0</bIsWeighted>
      <QtyInPackage>1</QtyInPackage>
      <ItemPrice>18.70</ItemPrice>
      <UnitOfMeasurePrice>0.0000</UnitOfMeasurePrice>
      <AllowDiscount>1</AllowDiscount>
      <ItemStatus>1</ItemStatus>
      <ItemId>42788</ItemId>
    </Item>
    <Item>
      <PriceUpdateDate>2015-10-01 06:15:14</PriceUpdateDate>
      <ItemCode>7312040017072</ItemCode>
      <ItemType>1</ItemType>
      <ItemName>וודקה אבסולוט 500 מ"</ItemName>
      <ManufacturerName>פרנו</ManufacturerName>
      <ManufactureCountry>שוודיה</ManufactureCountry>
      <ManufacturerItemDescription>וודקה אבסולוט 500 מל</ManufacturerItemDescription>
      <UnitQty>מיליליטרים</UnitQty>
      <Quantity>500.00</Quantity>
      <UnitOfMeasure>100 מ"ל</UnitOfMeasure>
      <bIsWeighted>0</bIsWeighted>
      <QtyInPackage>1</QtyInPackage>
      <ItemPrice>69.20</ItemPrice>
      <UnitOfMeasurePrice>13.8400</UnitOfMeasurePrice>
      <AllowDiscount>1</AllowDiscount>
      <ItemStatus>1</ItemStatus>
      <ItemId>42851</ItemId>
    </Item>
    <Item>
      <PriceUpdateDate>2015-10-01 06:15:30</PriceUpdateDate>
      <ItemCode>7290002331117</ItemCode>
      <ItemType>1</ItemType>
      <ItemName>מי נביעות +ענבים</ItemName>
      <ManufacturerName>נביעות</ManufacturerName>
      <ManufactureCountry>ישראל</ManufactureCountry>
      <ManufacturerItemDescription>נביעות +ענבים 1.5 ליטר</ManufacturerItemDescription>
      <UnitQty>ליטרים</UnitQty>
      <Quantity>1.50</Quantity>
      <UnitOfMeasure>ליטר</UnitOfMeasure>
      <bIsWeighted>0</bIsWeighted>
      <QtyInPackage>1</QtyInPackage>
      <ItemPrice>7.80</ItemPrice>
      <UnitOfMeasurePrice>5.2000</UnitOfMeasurePrice>
      <AllowDiscount>1</AllowDiscount>
      <ItemStatus>1</ItemStatus>
      <ItemId>43070</ItemId>
    </Item>
    <Item>
      <PriceUpdateDate>2015-10-01 06:15:30</PriceUpdateDate>
      <ItemCode>7290002331711</ItemCode>
      <ItemType>1</ItemType>
      <ItemName>מי נביעות +ענבים</ItemName>
      <ManufacturerName>נביעות</ManufacturerName>
      <ManufactureCountry>ישראל</ManufactureCountry>
      <ManufacturerItemDescription>נביעות +ענבים 0.5 ליטר</ManufacturerItemDescription>
      <UnitQty>מיליליטרים</UnitQty>
      <Quantity>500.00</Quantity>
      <UnitOfMeasure>100 מ"ל</UnitOfMeasure>
      <bIsWeighted>0</bIsWeighted>
      <QtyInPackage>1</QtyInPackage>
      <ItemPrice>7.70</ItemPrice>
      <UnitOfMeasurePrice>1.5400</UnitOfMeasurePrice>
      <AllowDiscount>1</AllowDiscount>
      <ItemStatus>1</ItemStatus>
      <ItemId>43071</ItemId>
    </Item>
    <Item>
      <PriceUpdateDate>2015-10-01 06:15:02</PriceUpdateDate>
      <ItemCode>3574660089547</ItemCode>
      <ItemType>1</ItemType>
      <ItemName>אובה קלאסי נורמל 32</ItemName>
      <ManufacturerName>CILAG GMBH INTERNATI</ManufacturerName>
      <ManufactureCountry>יוון</ManufactureCountry>
      <ManufacturerItemDescription>35746600239973אובה קלאסי נורמל 32 יח</ManufacturerItemDescription>
      <UnitQty>Unknown </UnitQty>
      <Quantity>0.00</Quantity>
      <UnitOfMeasure>Unknown </UnitOfMeasure>
      <bIsWeighted>0</bIsWeighted>
      <QtyInPackage>1</QtyInPackage>
      <ItemPrice>32.60</ItemPrice>
      <UnitOfMeasurePrice>0.0000</UnitOfMeasurePrice>
      <AllowDiscount>1</AllowDiscount>
      <ItemStatus>1</ItemStatus>
      <ItemId>43078</ItemId>
    </Item>
    <Item>
      <PriceUpdateDate>2015-01-01 00:00:00</PriceUpdateDate>
      <ItemCode>7290103701093</ItemCode>
      <ItemType>1</ItemType>
      <ItemName>מטליות מיקרופייבר לר</ItemName>
      <ManufacturerName>שניב תעשיות נייר בע"</ManufacturerName>
      <ManufactureCountry>לא ידוע</ManufactureCountry>
      <ManufacturerItemDescription>מטליות מיקרופייבר לרצפה               2</ManufacturerItemDescription>
      <UnitQty>Unknown </UnitQty>
      <Quantity>0.00</Quantity>
      <UnitOfMeasure>Unknown </UnitOfMeasure>
      <bIsWeighted>0</bIsWeighted>
      <QtyInPackage>1</QtyInPackage>
      <ItemPrice>17.90</ItemPrice>
      <UnitOfMeasurePrice>0.0000</UnitOfMeasurePrice>
      <AllowDiscount>1</AllowDiscount>
      <ItemStatus>1</ItemStatus>
      <ItemId>100544</ItemId>
    </Item>
    <Item>
      <PriceUpdateDate>2015-10-01 06:16:45</PriceUpdateDate>
      <ItemCode>7290008713696</ItemCode>
      <ItemType>1</ItemType>
      <ItemName>הלחמניה המלאה</ItemName>
      <ManufacturerName>מאפיית אנג'ל</ManufacturerName>
      <ManufactureCountry>ישראל</ManufactureCountry>
      <ManufacturerItemDescription>הלחמניה  המלאה מקמח מלא 450 גר</ManufacturerItemDescription>
      <UnitQty>גרמים</UnitQty>
      <Quantity>450.00</Quantity>
      <UnitOfMeasure>100 גרם</UnitOfMeasure>
      <bIsWeighted>0</bIsWeighted>
      <QtyInPackage>1</QtyInPackage>
      <ItemPrice>13.80</ItemPrice>
      <UnitOfMeasurePrice>3.0667</UnitOfMeasurePrice>
      <AllowDiscount>1</AllowDiscount>
      <ItemStatus>1</ItemStatus>
      <ItemId>43287</ItemId>
    </Item>
    <Item>
      <PriceUpdateDate>2015-06-03 08:05:37</PriceUpdateDate>
      <ItemCode>8850389103111</ItemCode>
      <ItemType>1</ItemType>
      <ItemName>משקה סאפה ענבים 300</ItemName>
      <ManufacturerName>SAPPE PUBLIC COMPANY</ManufacturerName>
      <ManufactureCountry>תאילנד</ManufactureCountry>
      <ManufacturerItemDescription>סאפה ענבים(24) 300 מל</ManufacturerItemDescription>
      <UnitQty>מיליליטרים</UnitQty>
      <Quantity>300.00</Quantity>
      <UnitOfMeasure>100 מ"ל</UnitOfMeasure>
      <bIsWeighted>0</bIsWeighted>
      <QtyInPackage>1</QtyInPackage>
      <ItemPrice>7.50</ItemPrice>
      <UnitOfMeasurePrice>2.5000</UnitOfMeasurePrice>
      <AllowDiscount>1</AllowDiscount>
      <ItemStatus>1</ItemStatus>
      <ItemId>43289</ItemId>
    </Item>
    <Item>
      <PriceUpdateDate>2015-06-03 08:05:37</PriceUpdateDate>
      <ItemCode>8850389103128</ItemCode>
      <ItemType>1</ItemType>
      <ItemName>משקה סאפה תפוח 300 מ</ItemName>
      <ManufacturerName>SAPPE PUBLIC COMPANY</ManufacturerName>
      <ManufactureCountry>תאילנד</ManufactureCountry>
      <ManufacturerItemDescription>סאפה תפוח (24) 300 מל</ManufacturerItemDescription>
      <UnitQty>מיליליטרים</UnitQty>
      <Quantity>300.00</Quantity>
      <UnitOfMeasure>100 מ"ל</UnitOfMeasure>
      <bIsWeighted>0</bIsWeighted>
      <QtyInPackage>1</QtyInPackage>
      <ItemPrice>7.50</ItemPrice>
      <UnitOfMeasurePrice>2.5000</UnitOfMeasurePrice>
      <AllowDiscount>1</AllowDiscount>
      <ItemStatus>1</ItemStatus>
      <ItemId>43290</ItemId>
    </Item>
    <Item>
      <PriceUpdateDate>2015-10-01 06:18:39</PriceUpdateDate>
      <ItemCode>7290004122683</ItemCode>
      <ItemType>1</ItemType>
      <ItemName>אצבעות גבינה עמק 172</ItemName>
      <ManufacturerName>תנובה מרכז שיתופי לש</ManufacturerName>
      <ManufactureCountry>ישראל</ManufactureCountry>
      <ManufacturerItemDescription>אצבעות גבינה עמק 172 גרם</ManufacturerItemDescription>
      <UnitQty>גרמים</UnitQty>
      <Quantity>172.00</Quantity>
      <UnitOfMeasure>100 גרם</UnitOfMeasure>
      <bIsWeighted>0</bIsWeighted>
      <QtyInPackage>1</QtyInPackage>
      <ItemPrice>16.40</ItemPrice>
      <UnitOfMeasurePrice>9.5349</UnitOfMeasurePrice>
      <AllowDiscount>1</AllowDiscount>
      <ItemStatus>1</ItemStatus>
      <ItemId>43308</ItemId>
    </Item>
    <Item>
      <PriceUpdateDate>2015-10-01 06:16:11</PriceUpdateDate>
      <ItemCode>7290011015381</ItemCode>
      <ItemType>1</ItemType>
      <ItemName>מיץ סחוט תפוח צלול .</ItemName>
      <ManufacturerName>פריגת</ManufacturerName>
      <ManufactureCountry>ישראל</ManufactureCountry>
      <ManufacturerItemDescription>מיץ סחוט תפוח צלול 2 ליטר</ManufacturerItemDescription>
      <UnitQty>ליטרים</UnitQty>
      <Quantity>2.00</Quantity>
      <UnitOfMeasure>ליטר</UnitOfMeasure>
      <bIsWeighted>0</bIsWeighted>
      <QtyInPackage>1</QtyInPackage>
      <ItemPrice>25.70</ItemPrice>
      <UnitOfMeasurePrice>12.8500</UnitOfMeasurePrice>
      <AllowDiscount>1</AllowDiscount>
      <ItemStatus>1</ItemStatus>
      <ItemId>43321</ItemId>
    </Item>
    <Item>
      <PriceUpdateDate>2015-10-01 06:15:02</PriceUpdateDate>
      <ItemCode>7290101486688</ItemCode>
      <ItemType>1</ItemType>
      <ItemName>מאגדת חטיף דגנים עם</ItemName>
      <ManufacturerName>טבעית מוצרים מן הטבע</ManufacturerName>
      <ManufactureCountry>ישראל</ManufactureCountry>
      <ManufacturerItemDescription>מאגדת חטיף דגנים עם שוקולד           1/5</ManufacturerItemDescription>
      <UnitQty>גרמים</UnitQty>
      <Quantity>100.00</Quantity>
      <UnitOfMeasure>100 גרם</UnitOfMeasure>
      <bIsWeighted>0</bIsWeighted>
      <QtyInPackage>1</QtyInPackage>
      <ItemPrice>17.20</ItemPrice>
      <UnitOfMeasurePrice>17.2000</UnitOfMeasurePrice>
      <AllowDiscount>1</AllowDiscount>
      <ItemStatus>1</ItemStatus>
      <ItemId>43344</ItemId>
    </Item>
    <Item>
      <PriceUpdateDate>2015-06-14 11:54:22</PriceUpdateDate>
      <ItemCode>7290004136857</ItemCode>
      <ItemType>1</ItemType>
      <ItemName>מעדן גלי פטל</ItemName>
      <ManufacturerName>תנובה מרכז שיתופי לש</ManufacturerName>
      <ManufactureCountry>ישראל</ManufactureCountry>
      <ManufacturerItemDescription>מעדן גלי פטל                        125</ManufacturerItemDescription>
      <UnitQty>גרמים</UnitQty>
      <Quantity>125.00</Quantity>
      <UnitOfMeasure>100 גרם</UnitOfMeasure>
      <bIsWeighted>0</bIsWeighted>
      <QtyInPackage>1</QtyInPackage>
      <ItemPrice>2.70</ItemPrice>
      <UnitOfMeasurePrice>2.1600</UnitOfMeasurePrice>
      <AllowDiscount>1</AllowDiscount>
      <ItemStatus>1</ItemStatus>
      <ItemId>44292</ItemId>
    </Item>
    <Item>
      <PriceUpdateDate>2015-01-01 00:00:00</PriceUpdateDate>
      <ItemCode>7290004136864</ItemCode>
      <ItemType>1</ItemType>
      <ItemName>מעדן גלי אננס</ItemName>
      <ManufacturerName>תנובה מרכז שיתופי לש</ManufacturerName>
      <ManufactureCountry>ישראל</ManufactureCountry>
      <ManufacturerItemDescription>מעדן גלי אננס וחתיכות פרי           125</ManufacturerItemDescription>
      <UnitQty>גרמים</UnitQty>
      <Quantity>125.00</Quantity>
      <UnitOfMeasure>100 גרם</UnitOfMeasure>
      <bIsWeighted>0</bIsWeighted>
      <QtyInPackage>1</QtyInPackage>
      <ItemPrice>2.80</ItemPrice>
      <UnitOfMeasurePrice>2.2400</UnitOfMeasurePrice>
      <AllowDiscount>1</AllowDiscount>
      <ItemStatus>1</ItemStatus>
      <ItemId>44293</ItemId>
    </Item>
    <Item>
      <PriceUpdateDate>2016-07-11 16:01:42</PriceUpdateDate>
      <ItemCode>5949040201082</ItemCode>
      <ItemType>1</ItemType>
      <ItemName>בייגלה עם מלח 180 גר</ItemName>
      <ManufacturerName>אלקה סי או ס.ר.ל</ManufacturerName>
      <ManufactureCountry>רומניה</ManufactureCountry>
      <ManufacturerItemDescription>בייגלה עם מלח 180 גר ELEPHANT</ManufacturerItemDescription>
      <UnitQty>גרמים</UnitQty>
      <Quantity>180.00</Quantity>
      <UnitOfMeasure>100 גרם</UnitOfMeasure>
      <bIsWeighted>0</bIsWeighted>
      <QtyInPackage>1</QtyInPackage>
      <ItemPrice>8.90</ItemPrice>
      <UnitOfMeasurePrice>4.9444</UnitOfMeasurePrice>
      <AllowDiscount>1</AllowDiscount>
      <ItemStatus>1</ItemStatus>
      <ItemId>109852</ItemId>
    </Item>
    <Item>
      <PriceUpdateDate>2015-10-01 06:18:39</PriceUpdateDate>
      <ItemCode>7290004136598</ItemCode>
      <ItemType>1</ItemType>
      <ItemName>מארז הפסקת אוכל חלב</ItemName>
      <ManufacturerName>תנובה מרכז שיתופי לש</ManufacturerName>
      <ManufactureCountry>ישראל</ManufactureCountry>
      <ManufacturerItemDescription>מארז הפסקת אוכל חלב+דגנים</ManufacturerItemDescription>
      <UnitQty>Unknown </UnitQty>
      <Quantity>0.00</Quantity>
      <UnitOfMeasure>Unknown </UnitOfMeasure>
      <bIsWeighted>0</bIsWeighted>
      <QtyInPackage>1</QtyInPackage>
      <ItemPrice>9.20</ItemPrice>
      <UnitOfMeasurePrice>0.0000</UnitOfMeasurePrice>
      <AllowDiscount>1</AllowDiscount>
      <ItemStatus>1</ItemStatus>
      <ItemId>45074</ItemId>
    </Item>
    <Item>
      <PriceUpdateDate>2015-01-01 00:00:00</PriceUpdateDate>
      <ItemCode>7290011598211</ItemCode>
      <ItemType>1</ItemType>
      <ItemName>מנקה כללי אנטיקאלק</ItemName>
      <ManufacturerName>סנו</ManufacturerName>
      <ManufactureCountry>ישראל</ManufactureCountry>
      <ManufacturerItemDescription>מנקה כללי אנטיקאלק 700 מל</ManufacturerItemDescription>
      <UnitQty>מיליליטרים</UnitQty>
      <Quantity>700.00</Quantity>
      <UnitOfMeasure>100 מ"ל</UnitOfMeasure>
      <bIsWeighted>0</bIsWeighted>
      <QtyInPackage>1</QtyInPackage>
      <ItemPrice>19.90</ItemPrice>
      <UnitOfMeasurePrice>2.8429</UnitOfMeasurePrice>
      <AllowDiscount>1</AllowDiscount>
      <ItemStatus>1</ItemStatus>
      <ItemId>45724</ItemId>
    </Item>
    <Item>
      <PriceUpdateDate>2015-01-01 00:00:00</PriceUpdateDate>
      <ItemCode>8032880800243</ItemCode>
      <ItemType>1</ItemType>
      <ItemName>פיקניק הפתעה</ItemName>
      <ManufacturerName>הוסטה</ManufacturerName>
      <ManufactureCountry>לא ידוע</ManufactureCountry>
      <ManufacturerItemDescription>פיקניק הפתעה 50 גר                     "</ManufacturerItemDescription>
      <UnitQty>גרמים</UnitQty>
      <Quantity>50.00</Quantity>
      <UnitOfMeasure>100 גרם</UnitOfMeasure>
      <bIsWeighted>0</bIsWeighted>
      <QtyInPackage>1</QtyInPackage>
      <ItemPrice>10.50</ItemPrice>
      <UnitOfMeasurePrice>21.0000</UnitOfMeasurePrice>
      <AllowDiscount>1</AllowDiscount>
      <ItemStatus>1</ItemStatus>
      <ItemId>45925</ItemId>
    </Item>
    <Item>
      <PriceUpdateDate>2015-10-01 06:16:17</PriceUpdateDate>
      <ItemCode>3046920028752</ItemCode>
      <ItemType>1</ItemType>
      <ItemName>שוקולד אקסלנס נענע</ItemName>
      <ManufacturerName>לינדט</ManufacturerName>
      <ManufactureCountry>צרפת</ManufactureCountry>
      <ManufacturerItemDescription>שוקולד לינדט אקסלנס נענע 100 ג</ManufacturerItemDescription>
      <UnitQty>גרמים</UnitQty>
      <Quantity>100.00</Quantity>
      <UnitOfMeasure>100 גרם</UnitOfMeasure>
      <bIsWeighted>0</bIsWeighted>
      <QtyInPackage>1</QtyInPackage>
      <ItemPrice>17.30</ItemPrice>
      <UnitOfMeasurePrice>17.3000</UnitOfMeasurePrice>
      <AllowDiscount>1</AllowDiscount>
      <ItemStatus>1</ItemStatus>
      <ItemId>45931</ItemId>
    </Item>
    <Item>
      <PriceUpdateDate>2016-08-14 10:53:30</PriceUpdateDate>
      <ItemCode>960</ItemCode>
      <ItemType>0</ItemType>
      <ItemName>כרובית ארוזה</ItemName>
      <ManufacturerName>חקלאי</ManufacturerName>
      <ManufactureCountry>לא ידוע</ManufactureCountry>
      <ManufacturerItemDescription>כרובית</ManufacturerItemDescription>
      <UnitQty>קילוגרמים</UnitQty>
      <Quantity>1.00</Quantity>
      <UnitOfMeasure>ק"ג</UnitOfMeasure>
      <bIsWeighted>1</bIsWeighted>
      <QtyInPackage>לא ידוע</QtyInPackage>
      <ItemPrice>14.90</ItemPrice>
      <UnitOfMeasurePrice>14.9000</UnitOfMeasurePrice>
      <AllowDiscount>1</AllowDiscount>
      <ItemStatus>1</ItemStatus>
      <ItemId>81186</ItemId>
    </Item>
    <Item>
      <PriceUpdateDate>2015-10-01 06:16:28</PriceUpdateDate>
      <ItemCode>7290000193083</ItemCode>
      <ItemType>1</ItemType>
      <ItemName>תחבושות נובה לי בודד</ItemName>
      <ManufacturerName>Ontex</ManufacturerName>
      <ManufactureCountry>צ'כיה</ManufactureCountry>
      <ManufacturerItemDescription>תחבושות נובה לי בודד 28 יח             "</ManufacturerItemDescription>
      <UnitQty>Unknown </UnitQty>
      <Quantity>0.00</Quantity>
      <UnitOfMeasure>Unknown </UnitOfMeasure>
      <bIsWeighted>0</bIsWeighted>
      <QtyInPackage>1</QtyInPackage>
      <ItemPrice>10.80</ItemPrice>
      <UnitOfMeasurePrice>0.0000</UnitOfMeasurePrice>
      <AllowDiscount>1</AllowDiscount>
      <ItemStatus>1</ItemStatus>
      <ItemId>45977</ItemId>
    </Item>
    <Item>
      <PriceUpdateDate>2015-01-01 00:00:00</PriceUpdateDate>
      <ItemCode>42154662</ItemCode>
      <ItemType>1</ItemType>
      <ItemName>א.באריזת מעטפה ספירמ</ItemName>
      <ManufacturerName>ריגלי</ManufacturerName>
      <ManufactureCountry>צרפת</ManufactureCountry>
      <ManufacturerItemDescription>אורביט באריזת מעטפה ספירמינט</ManufacturerItemDescription>
      <UnitQty>Unknown </UnitQty>
      <Quantity>0.00</Quantity>
      <UnitOfMeasure>Unknown </UnitOfMeasure>
      <bIsWeighted>0</bIsWeighted>
      <QtyInPackage>1</QtyInPackage>
      <ItemPrice>6.00</ItemPrice>
      <UnitOfMeasurePrice>0.0000</UnitOfMeasurePrice>
      <AllowDiscount>1</AllowDiscount>
      <ItemStatus>1</ItemStatus>
      <ItemId>46007</ItemId>
    </Item>
    <Item>
      <PriceUpdateDate>2015-10-01 06:16:25</PriceUpdateDate>
      <ItemCode>8000380144044</ItemCode>
      <ItemType>1</ItemType>
      <ItemName>וופל גרדנה שוקולד 20</ItemName>
      <ManufacturerName>לואקר</ManufacturerName>
      <ManufactureCountry>לא ידוע</ManufactureCountry>
      <ManufacturerItemDescription>וופל גרדנה שוקולד 200 גרם</ManufacturerItemDescription>
      <UnitQty>גרמים</UnitQty>
      <Quantity>200.00</Quantity>
      <UnitOfMeasure>100 גרם</UnitOfMeasure>
      <bIsWeighted>0</bIsWeighted>
      <QtyInPackage>1</QtyInPackage>
      <ItemPrice>16.10</ItemPrice>
      <UnitOfMeasurePrice>8.0500</UnitOfMeasurePrice>
      <AllowDiscount>1</AllowDiscount>
      <ItemStatus>1</ItemStatus>
      <ItemId>46013</ItemId>
    </Item>
    <Item>
      <PriceUpdateDate>2015-10-01 06:14:39</PriceUpdateDate>
      <ItemCode>7290004731519</ItemCode>
      <ItemType>1</ItemType>
      <ItemName>למייבש כביסה מקסימה</ItemName>
      <ManufacturerName>סנו</ManufacturerName>
      <ManufactureCountry>ישראל</ManufactureCountry>
      <ManufacturerItemDescription>למייבש כביסה מקסימה ורוד750 מל</ManufacturerItemDescription>
      <UnitQty>מיליליטרים</UnitQty>
      <Quantity>750.00</Quantity>
      <UnitOfMeasure>100 מ"ל</UnitOfMeasure>
      <bIsWeighted>0</bIsWeighted>
      <QtyInPackage>1</QtyInPackage>
      <ItemPrice>18.70</ItemPrice>
      <UnitOfMeasurePrice>2.4933</UnitOfMeasurePrice>
      <AllowDiscount>1</AllowDiscount>
      <ItemStatus>1</ItemStatus>
      <ItemId>46016</ItemId>
    </Item>
    <Item>
      <PriceUpdateDate>2015-12-30 08:34:38</PriceUpdateDate>
      <ItemCode>7290002008774</ItemCode>
      <ItemType>1</ItemType>
      <ItemName>שומשום 200 גרם</ItemName>
      <ManufacturerName>הנמל</ManufacturerName>
      <ManufactureCountry>ישראל</ManufactureCountry>
      <ManufacturerItemDescription>שומשום 200 גרם</ManufacturerItemDescription>
      <UnitQty>גרמים</UnitQty>
      <Quantity>200.00</Quantity>
      <UnitOfMeasure>100 גרם</UnitOfMeasure>
      <bIsWeighted>0</bIsWeighted>
      <QtyInPackage>1</QtyInPackage>
      <ItemPrice>6.90</ItemPrice>
      <UnitOfMeasurePrice>3.4500</UnitOfMeasurePrice>
      <AllowDiscount>1</AllowDiscount>
      <ItemStatus>1</ItemStatus>
      <ItemId>72521</ItemId>
    </Item>
    <Item>
      <PriceUpdateDate>2015-10-01 06:13:54</PriceUpdateDate>
      <ItemCode>7290011126452</ItemCode>
      <ItemType>1</ItemType>
      <ItemName>חליטת צמחים קמומיל ו</ItemName>
      <ManufacturerName>ויסוצקי</ManufacturerName>
      <ManufactureCountry>לא ידוע</ManufactureCountry>
      <ManufacturerItemDescription>חליטת קמומיל ונענע                 1/25</ManufacturerItemDescription>
      <UnitQty>גרמים</UnitQty>
      <Quantity>37.00</Quantity>
      <UnitOfMeasure>100 גרם</UnitOfMeasure>
      <bIsWeighted>0</bIsWeighted>
      <QtyInPackage>1</QtyInPackage>
      <ItemPrice>18.70</ItemPrice>
      <UnitOfMeasurePrice>50.5405</UnitOfMeasurePrice>
      <AllowDiscount>1</AllowDiscount>
      <ItemStatus>1</ItemStatus>
      <ItemId>46098</ItemId>
    </Item>
    <Item>
      <PriceUpdateDate>2015-10-01 06:13:54</PriceUpdateDate>
      <ItemCode>7290011126469</ItemCode>
      <ItemType>1</ItemType>
      <ItemName>חליטת צמחים קמומיל ו</ItemName>
      <ManufacturerName>ויסוצקי</ManufacturerName>
      <ManufactureCountry>לא ידוע</ManufactureCountry>
      <ManufacturerItemDescription>חליטת צמחים קומימיל ודבש           1/25</ManufacturerItemDescription>
      <UnitQty>גרמים</UnitQty>
      <Quantity>37.00</Quantity>
      <UnitOfMeasure>100 גרם</UnitOfMeasure>
      <bIsWeighted>0</bIsWeighted>
      <QtyInPackage>1</QtyInPackage>
      <ItemPrice>18.70</ItemPrice>
      <UnitOfMeasurePrice>50.5405</UnitOfMeasurePrice>
      <AllowDiscount>1</AllowDiscount>
      <ItemStatus>1</ItemStatus>
      <ItemId>46099</ItemId>
    </Item>
    <Item>
      <PriceUpdateDate>2016-05-04 08:37:23</PriceUpdateDate>
      <ItemCode>72983416</ItemCode>
      <ItemType>1</ItemType>
      <ItemName>סיגריות L.M בלו לייב</ItemName>
      <ManufacturerName>פיליפ מוריס</ManufacturerName>
      <ManufactureCountry>לא ידוע</ManufactureCountry>
      <ManufacturerItemDescription>סיגריות L.M בלו לייבל ארוך</ManufacturerItemDescription>
      <UnitQty>Unknown </UnitQty>
      <Quantity>0.00</Quantity>
      <UnitOfMeasure>Unknown </UnitOfMeasure>
      <bIsWeighted>0</bIsWeighted>
      <QtyInPackage>1</QtyInPackage>
      <ItemPrice>33.80</ItemPrice>
      <UnitOfMeasurePrice>0.0000</UnitOfMeasurePrice>
      <AllowDiscount>0</AllowDiscount>
      <ItemStatus>1</ItemStatus>
      <ItemId>46129</ItemId>
    </Item>
    <Item>
      <PriceUpdateDate>2015-12-25 08:01:48</PriceUpdateDate>
      <ItemCode>7290011378028</ItemCode>
      <ItemType>1</ItemType>
      <ItemName>חלבה משומשום מלא</ItemName>
      <ManufacturerName>רושדי תעשיות מזון בע</ManufacturerName>
      <ManufactureCountry>לא ידוע</ManufactureCountry>
      <ManufacturerItemDescription>חלבה ללא סוכר משומשום מלא           350</ManufacturerItemDescription>
      <UnitQty>גרמים</UnitQty>
      <Quantity>350.00</Quantity>
      <UnitOfMeasure>100 גרם</UnitOfMeasure>
      <bIsWeighted>0</bIsWeighted>
      <QtyInPackage>1</QtyInPackage>
      <ItemPrice>18.90</ItemPrice>
      <UnitOfMeasurePrice>5.4000</UnitOfMeasurePrice>
      <AllowDiscount>1</AllowDiscount>
      <ItemStatus>1</ItemStatus>
      <ItemId>46185</ItemId>
    </Item>
    <Item>
      <PriceUpdateDate>2016-05-25 11:47:23</PriceUpdateDate>
      <ItemCode>7290003427208</ItemCode>
      <ItemType>1</ItemType>
      <ItemName>שמן זית כנען כ.מעולה</ItemName>
      <ManufacturerName>זיתא – י.ט.ב תעשיות</ManufacturerName>
      <ManufactureCountry>ישראל</ManufactureCountry>
      <ManufacturerItemDescription>שמן זית כנען כתית מעולה750 מ"ל</ManufacturerItemDescription>
      <UnitQty>מיליליטרים</UnitQty>
      <Quantity>750.00</Quantity>
      <UnitOfMeasure>100 מ"ל</UnitOfMeasure>
      <bIsWeighted>0</bIsWeighted>
      <QtyInPackage>1</QtyInPackage>
      <ItemPrice>45.90</ItemPrice>
      <UnitOfMeasurePrice>6.1200</UnitOfMeasurePrice>
      <AllowDiscount>1</AllowDiscount>
      <ItemStatus>1</ItemStatus>
      <ItemId>46206</ItemId>
    </Item>
    <Item>
      <PriceUpdateDate>2015-08-12 06:10:47</PriceUpdateDate>
      <ItemCode>7290105361707</ItemCode>
      <ItemType>1</ItemType>
      <ItemName>כיף כף לבן</ItemName>
      <ManufacturerName>שטראוס גרופ</ManufacturerName>
      <ManufactureCountry>ישראל</ManufactureCountry>
      <ManufacturerItemDescription>כיף כף לבן 45 גרם</ManufacturerItemDescription>
      <UnitQty>גרמים</UnitQty>
      <Quantity>45.00</Quantity>
      <UnitOfMeasure>100 גרם</UnitOfMeasure>
      <bIsWeighted>0</bIsWeighted>
      <QtyInPackage>1</QtyInPackage>
      <ItemPrice>4.60</ItemPrice>
      <UnitOfMeasurePrice>10.2222</UnitOfMeasurePrice>
      <AllowDiscount>1</AllowDiscount>
      <ItemStatus>1</ItemStatus>
      <ItemId>75451</ItemId>
    </Item>
    <Item>
      <PriceUpdateDate>2015-10-01 06:16:21</PriceUpdateDate>
      <ItemCode>7290013440440</ItemCode>
      <ItemType>1</ItemType>
      <ItemName>שלגון נוק אאוט מייפל</ItemName>
      <ManufacturerName>נגה גלידות</ManufacturerName>
      <ManufactureCountry>ישראל</ManufactureCountry>
      <ManufacturerItemDescription>שלגון נוק אאוט מייפל פקאן 90 ג</ManufacturerItemDescription>
      <UnitQty>גרמים</UnitQty>
      <Quantity>90.00</Quantity>
      <UnitOfMeasure>100 גרם</UnitOfMeasure>
      <bIsWeighted>0</bIsWeighted>
      <QtyInPackage>1</QtyInPackage>
      <ItemPrice>11.80</ItemPrice>
      <UnitOfMeasurePrice>13.1111</UnitOfMeasurePrice>
      <AllowDiscount>1</AllowDiscount>
      <ItemStatus>1</ItemStatus>
      <ItemId>72898</ItemId>
    </Item>
    <Item>
      <PriceUpdateDate>2015-01-01 00:00:00</PriceUpdateDate>
      <ItemCode>7290002502203</ItemCode>
      <ItemType>1</ItemType>
      <ItemName>בורקס גבינה</ItemName>
      <ManufacturerName>בונזור</ManufacturerName>
      <ManufactureCountry>ישראל</ManufactureCountry>
      <ManufacturerItemDescription>בורקס גבינה 1 ק"ג</ManufacturerItemDescription>
      <UnitQty>קילוגרמים</UnitQty>
      <Quantity>1.00</Quantity>
      <UnitOfMeasure>ק"ג</UnitOfMeasure>
      <bIsWeighted>1</bIsWeighted>
      <QtyInPackage>לא ידוע</QtyInPackage>
      <ItemPrice>34.00</ItemPrice>
      <UnitOfMeasurePrice>34.0000</UnitOfMeasurePrice>
      <AllowDiscount>1</AllowDiscount>
      <ItemStatus>1</ItemStatus>
      <ItemId>46498</ItemId>
    </Item>
    <Item>
      <PriceUpdateDate>2015-10-01 06:13:54</PriceUpdateDate>
      <ItemCode>7290004269890</ItemCode>
      <ItemType>1</ItemType>
      <ItemName>עוגת בראוניס עשירה</ItemName>
      <ManufacturerName>קונדיטוריות לחמי</ManufacturerName>
      <ManufactureCountry>ישראל</ManufactureCountry>
      <ManufacturerItemDescription>עוגת בראוניס עשירה 380 גרם</ManufacturerItemDescription>
      <UnitQty>גרמים</UnitQty>
      <Quantity>380.00</Quantity>
      <UnitOfMeasure>100 גרם</UnitOfMeasure>
      <bIsWeighted>0</bIsWeighted>
      <QtyInPackage>1</QtyInPackage>
      <ItemPrice>19.70</ItemPrice>
      <UnitOfMeasurePrice>5.1842</UnitOfMeasurePrice>
      <AllowDiscount>1</AllowDiscount>
      <ItemStatus>1</ItemStatus>
      <ItemId>46617</ItemId>
    </Item>
    <Item>
      <PriceUpdateDate>2016-05-22 14:37:43</PriceUpdateDate>
      <ItemCode>8697530910743</ItemCode>
      <ItemType>1</ItemType>
      <ItemName>סיגריות פאל מל כחול</ItemName>
      <ManufacturerName>BAT</ManufacturerName>
      <ManufactureCountry>לא ידוע</ManufactureCountry>
      <ManufacturerItemDescription>סיגריות פאל מל כחול בודד</ManufacturerItemDescription>
      <UnitQty>Unknown </UnitQty>
      <Quantity>0.00</Quantity>
      <UnitOfMeasure>Unknown </UnitOfMeasure>
      <bIsWeighted>0</bIsWeighted>
      <QtyInPackage>1</QtyInPackage>
      <ItemPrice>30.00</ItemPrice>
      <UnitOfMeasurePrice>0.0000</UnitOfMeasurePrice>
      <AllowDiscount>0</AllowDiscount>
      <ItemStatus>1</ItemStatus>
      <ItemId>46641</ItemId>
    </Item>
    <Item>
      <PriceUpdateDate>2016-05-22 14:37:43</PriceUpdateDate>
      <ItemCode>8697530910750</ItemCode>
      <ItemType>1</ItemType>
      <ItemName>סיגריות פאל מל כחול</ItemName>
      <ManufacturerName>BAT</ManufacturerName>
      <ManufactureCountry>לא ידוע</ManufactureCountry>
      <ManufacturerItemDescription>סיגריות פאל מל כחול ארוך בודד</ManufacturerItemDescription>
      <UnitQty>Unknown </UnitQty>
      <Quantity>0.00</Quantity>
      <UnitOfMeasure>Unknown </UnitOfMeasure>
      <bIsWeighted>0</bIsWeighted>
      <QtyInPackage>1</QtyInPackage>
      <ItemPrice>30.00</ItemPrice>
      <UnitOfMeasurePrice>0.0000</UnitOfMeasurePrice>
      <AllowDiscount>0</AllowDiscount>
      <ItemStatus>1</ItemStatus>
      <ItemId>46642</ItemId>
    </Item>
    <Item>
      <PriceUpdateDate>2016-05-22 14:37:43</PriceUpdateDate>
      <ItemCode>8697530910781</ItemCode>
      <ItemType>1</ItemType>
      <ItemName>סיגריות פאל מל אדום</ItemName>
      <ManufacturerName>BAT</ManufacturerName>
      <ManufactureCountry>לא ידוע</ManufactureCountry>
      <ManufacturerItemDescription>סיגריות פאל מל אדום בודד</ManufacturerItemDescription>
      <UnitQty>Unknown </UnitQty>
      <Quantity>0.00</Quantity>
      <UnitOfMeasure>Unknown </UnitOfMeasure>
      <bIsWeighted>0</bIsWeighted>
      <QtyInPackage>1</QtyInPackage>
      <ItemPrice>30.00</ItemPrice>
      <UnitOfMeasurePrice>0.0000</UnitOfMeasurePrice>
      <AllowDiscount>0</AllowDiscount>
      <ItemStatus>1</ItemStatus>
      <ItemId>46643</ItemId>
    </Item>
    <Item>
      <PriceUpdateDate>2016-06-07 08:18:48</PriceUpdateDate>
      <ItemCode>7290008909761</ItemCode>
      <ItemType>1</ItemType>
      <ItemName>בירה קרלסברג בקבוק</ItemName>
      <ManufacturerName>קרלסברג ישראל</ManufacturerName>
      <ManufactureCountry>לא ידוע</ManufactureCountry>
      <ManufacturerItemDescription>בירה קרלסברג בקבוק 330 מ"ל</ManufacturerItemDescription>
      <UnitQty>מיליליטרים</UnitQty>
      <Quantity>330.00</Quantity>
      <UnitOfMeasure>100 מ"ל</UnitOfMeasure>
      <bIsWeighted>0</bIsWeighted>
      <QtyInPackage>1</QtyInPackage>
      <ItemPrice>9.10</ItemPrice>
      <UnitOfMeasurePrice>2.7576</UnitOfMeasurePrice>
      <AllowDiscount>1</AllowDiscount>
      <ItemStatus>1</ItemStatus>
      <ItemId>46697</ItemId>
    </Item>
    <Item>
      <PriceUpdateDate>2015-10-01 06:13:05</PriceUpdateDate>
      <ItemCode>5010182998847</ItemCode>
      <ItemType>1</ItemType>
      <ItemName>נוזל לאסלה כחול ים</ItemName>
      <ManufacturerName>SC Jonson</ManufacturerName>
      <ManufactureCountry>הולנד</ManufactureCountry>
      <ManufacturerItemDescription>טואלט דאק נוזל כחול ים 750 מל</ManufacturerItemDescription>
      <UnitQty>מיליליטרים</UnitQty>
      <Quantity>750.00</Quantity>
      <UnitOfMeasure>100 מ"ל</UnitOfMeasure>
      <bIsWeighted>0</bIsWeighted>
      <QtyInPackage>1</QtyInPackage>
      <ItemPrice>11.80</ItemPrice>
      <UnitOfMeasurePrice>1.5733</UnitOfMeasurePrice>
      <AllowDiscount>1</AllowDiscount>
      <ItemStatus>1</ItemStatus>
      <ItemId>71529</ItemId>
    </Item>
    <Item>
      <PriceUpdateDate>2015-10-01 06:17:39</PriceUpdateDate>
      <ItemCode>5011321333222</ItemCode>
      <ItemType>1</ItemType>
      <ItemName>הד&amp;שולדרס שמפו קלאסי</ItemName>
      <ManufacturerName>פרוקטר אנד גמבל</ManufacturerName>
      <ManufactureCountry>צרפת</ManufactureCountry>
      <ManufacturerItemDescription>הד&amp;שולדרס נוסחה קלאסית 400 מל</ManufacturerItemDescription>
      <UnitQty>מיליליטרים</UnitQty>
      <Quantity>400.00</Quantity>
      <UnitOfMeasure>100 מ"ל</UnitOfMeasure>
      <bIsWeighted>0</bIsWeighted>
      <QtyInPackage>1</QtyInPackage>
      <ItemPrice>26.10</ItemPrice>
      <UnitOfMeasurePrice>6.5250</UnitOfMeasurePrice>
      <AllowDiscount>1</AllowDiscount>
      <ItemStatus>1</ItemStatus>
      <ItemId>46715</ItemId>
    </Item>
    <Item>
      <PriceUpdateDate>2015-01-01 00:00:00</PriceUpdateDate>
      <ItemCode>7290003703418</ItemCode>
      <ItemType>1</ItemType>
      <ItemName>גביניות</ItemName>
      <ManufacturerName>בונזור</ManufacturerName>
      <ManufactureCountry>ישראל</ManufactureCountry>
      <ManufacturerItemDescription>גביניות 1 ק"ג</ManufacturerItemDescription>
      <UnitQty>קילוגרמים</UnitQty>
      <Quantity>1.00</Quantity>
      <UnitOfMeasure>ק"ג</UnitOfMeasure>
      <bIsWeighted>1</bIsWeighted>
      <QtyInPackage>לא ידוע</QtyInPackage>
      <ItemPrice>34.00</ItemPrice>
      <UnitOfMeasurePrice>34.0000</UnitOfMeasurePrice>
      <AllowDiscount>1</AllowDiscount>
      <ItemStatus>1</ItemStatus>
      <ItemId>46805</ItemId>
    </Item>
    <Item>
      <PriceUpdateDate>2015-10-01 06:18:40</PriceUpdateDate>
      <ItemCode>7290004135614</ItemCode>
      <ItemType>1</ItemType>
      <ItemName>גבינה בולגרית מעודנת</ItemName>
      <ManufacturerName>תנובה מרכז שיתופי לש</ManufacturerName>
      <ManufactureCountry>ישראל</ManufactureCountry>
      <ManufacturerItemDescription>גבינה בולגרית מעודנת 5% פיראוס</ManufacturerItemDescription>
      <UnitQty>גרמים</UnitQty>
      <Quantity>250.00</Quantity>
      <UnitOfMeasure>100 גרם</UnitOfMeasure>
      <bIsWeighted>0</bIsWeighted>
      <QtyInPackage>1</QtyInPackage>
      <ItemPrice>22.00</ItemPrice>
      <UnitOfMeasurePrice>8.8000</UnitOfMeasurePrice>
      <AllowDiscount>1</AllowDiscount>
      <ItemStatus>1</ItemStatus>
      <ItemId>46808</ItemId>
    </Item>
    <Item>
      <PriceUpdateDate>2015-01-01 00:00:00</PriceUpdateDate>
      <ItemCode>7290101980919</ItemCode>
      <ItemType>1</ItemType>
      <ItemName>מארז ביצי שוקולד</ItemName>
      <ManufacturerName>זאיני</ManufacturerName>
      <ManufactureCountry>איטליה</ManufactureCountry>
      <ManufacturerItemDescription>מארז שלישיית ביצי שוקולד ממותג</ManufacturerItemDescription>
      <UnitQty>גרמים</UnitQty>
      <Quantity>60.00</Quantity>
      <UnitOfMeasure>100 גרם</UnitOfMeasure>
      <bIsWeighted>0</bIsWeighted>
      <QtyInPackage>1</QtyInPackage>
      <ItemPrice>15.90</ItemPrice>
      <UnitOfMeasurePrice>26.5000</UnitOfMeasurePrice>
      <AllowDiscount>1</AllowDiscount>
      <ItemStatus>1</ItemStatus>
      <ItemId>46817</ItemId>
    </Item>
    <Item>
      <PriceUpdateDate>2015-10-01 06:14:39</PriceUpdateDate>
      <ItemCode>7290011765088</ItemCode>
      <ItemType>1</ItemType>
      <ItemName>קרמה גל גילוח קול</ItemName>
      <ManufacturerName>קוסמופארם</ManufacturerName>
      <ManufactureCountry>טורקיה</ManufactureCountry>
      <ManufacturerItemDescription>קרמה MEN גל גילוח קול 200 מל</ManufacturerItemDescription>
      <UnitQty>מיליליטרים</UnitQty>
      <Quantity>200.00</Quantity>
      <UnitOfMeasure>100 מ"ל</UnitOfMeasure>
      <bIsWeighted>0</bIsWeighted>
      <QtyInPackage>1</QtyInPackage>
      <ItemPrice>18.70</ItemPrice>
      <UnitOfMeasurePrice>9.3500</UnitOfMeasurePrice>
      <AllowDiscount>1</AllowDiscount>
      <ItemStatus>1</ItemStatus>
      <ItemId>46840</ItemId>
    </Item>
    <Item>
      <PriceUpdateDate>2015-01-01 00:00:00</PriceUpdateDate>
      <ItemCode>7290002155638</ItemCode>
      <ItemType>1</ItemType>
      <ItemName>תמצית רום 50 גר</ItemName>
      <ManufacturerName>ממתקי עלה</ManufacturerName>
      <ManufactureCountry>ישראל</ManufactureCountry>
      <ManufacturerItemDescription>תמצית רום 50 גר                        .</ManufacturerItemDescription>
      <UnitQty>גרמים</UnitQty>
      <Quantity>50.00</Quantity>
      <UnitOfMeasure>100 גרם</UnitOfMeasure>
      <bIsWeighted>0</bIsWeighted>
      <QtyInPackage>1</QtyInPackage>
      <ItemPrice>4.40</ItemPrice>
      <UnitOfMeasurePrice>8.8000</UnitOfMeasurePrice>
      <AllowDiscount>1</AllowDiscount>
      <ItemStatus>1</ItemStatus>
      <ItemId>46970</ItemId>
    </Item>
    <Item>
      <PriceUpdateDate>2015-06-14 11:54:27</PriceUpdateDate>
      <ItemCode>7290102390427</ItemCode>
      <ItemType>1</ItemType>
      <ItemName>פרופ תות מולר</ItemName>
      <ManufacturerName>טרה</ManufacturerName>
      <ManufactureCountry>ישראל</ManufactureCountry>
      <ManufacturerItemDescription>פרופ תות מולר 150 מ"ל</ManufacturerItemDescription>
      <UnitQty>מיליליטרים</UnitQty>
      <Quantity>150.00</Quantity>
      <UnitOfMeasure>100 מ"ל</UnitOfMeasure>
      <bIsWeighted>0</bIsWeighted>
      <QtyInPackage>1</QtyInPackage>
      <ItemPrice>5.20</ItemPrice>
      <UnitOfMeasurePrice>3.4667</UnitOfMeasurePrice>
      <AllowDiscount>1</AllowDiscount>
      <ItemStatus>1</ItemStatus>
      <ItemId>47056</ItemId>
    </Item>
    <Item>
      <PriceUpdateDate>2015-06-14 11:54:27</PriceUpdateDate>
      <ItemCode>7290102390465</ItemCode>
      <ItemType>1</ItemType>
      <ItemName>פרופ אפרסק פסיפלורה</ItemName>
      <ManufacturerName>טרה</ManufacturerName>
      <ManufactureCountry>ישראל</ManufactureCountry>
      <ManufacturerItemDescription>פרופ אפרסק פסיפלורה מולר            150</ManufacturerItemDescription>
      <UnitQty>מיליליטרים</UnitQty>
      <Quantity>150.00</Quantity>
      <UnitOfMeasure>100 מ"ל</UnitOfMeasure>
      <bIsWeighted>0</bIsWeighted>
      <QtyInPackage>1</QtyInPackage>
      <ItemPrice>5.20</ItemPrice>
      <UnitOfMeasurePrice>3.4667</UnitOfMeasurePrice>
      <AllowDiscount>1</AllowDiscount>
      <ItemStatus>1</ItemStatus>
      <ItemId>47059</ItemId>
    </Item>
    <Item>
      <PriceUpdateDate>2015-08-02 08:18:32</PriceUpdateDate>
      <ItemCode>80176732</ItemCode>
      <ItemType>1</ItemType>
      <ItemName>קינדר הפי היפו</ItemName>
      <ManufacturerName>פררו</ManufacturerName>
      <ManufactureCountry>איטליה</ManufactureCountry>
      <ManufacturerItemDescription>קינדר הפי היפו 20.5 גרם</ManufacturerItemDescription>
      <UnitQty>גרמים</UnitQty>
      <Quantity>21.00</Quantity>
      <UnitOfMeasure>100 גרם</UnitOfMeasure>
      <bIsWeighted>0</bIsWeighted>
      <QtyInPackage>1</QtyInPackage>
      <ItemPrice>3.30</ItemPrice>
      <UnitOfMeasurePrice>15.7143</UnitOfMeasurePrice>
      <AllowDiscount>1</AllowDiscount>
      <ItemStatus>1</ItemStatus>
      <ItemId>47113</ItemId>
    </Item>
    <Item>
      <PriceUpdateDate>2016-06-15 07:39:59</PriceUpdateDate>
      <ItemCode>7290011081690</ItemCode>
      <ItemType>1</ItemType>
      <ItemName>קרמיסימו פרווה וניל</ItemName>
      <ManufacturerName>שטראוס גלידות</ManufacturerName>
      <ManufactureCountry>ישראל</ManufactureCountry>
      <ManufacturerItemDescription>קרמיסימו פרווה וניל ציפס</ManufacturerItemDescription>
      <UnitQty>ליטרים</UnitQty>
      <Quantity>1.33</Quantity>
      <UnitOfMeasure>ליטר</UnitOfMeasure>
      <bIsWeighted>0</bIsWeighted>
      <QtyInPackage>1</QtyInPackage>
      <ItemPrice>23.90</ItemPrice>
      <UnitOfMeasurePrice>17.9699</UnitOfMeasurePrice>
      <AllowDiscount>1</AllowDiscount>
      <ItemStatus>1</ItemStatus>
      <ItemId>47117</ItemId>
    </Item>
    <Item>
      <PriceUpdateDate>2015-10-01 06:15:05</PriceUpdateDate>
      <ItemCode>3574660050660</ItemCode>
      <ItemType>1</ItemType>
      <ItemName>שמן לתינוק</ItemName>
      <ManufacturerName>CILAG GMBH INTERNATI</ManufacturerName>
      <ManufactureCountry>איטליה</ManufactureCountry>
      <ManufacturerItemDescription>גונסונס בייבי שמן לתינוק           200</ManufacturerItemDescription>
      <UnitQty>מיליליטרים</UnitQty>
      <Quantity>200.00</Quantity>
      <UnitOfMeasure>100 מ"ל</UnitOfMeasure>
      <bIsWeighted>0</bIsWeighted>
      <QtyInPackage>1</QtyInPackage>
      <ItemPrice>18.70</ItemPrice>
      <UnitOfMeasurePrice>9.3500</UnitOfMeasurePrice>
      <AllowDiscount>1</AllowDiscount>
      <ItemStatus>1</ItemStatus>
      <ItemId>76490</ItemId>
    </Item>
    <Item>
      <PriceUpdateDate>2015-10-01 06:15:30</PriceUpdateDate>
      <ItemCode>7290008909853</ItemCode>
      <ItemType>1</ItemType>
      <ItemName>קוקה קולה זירו</ItemName>
      <ManufacturerName>החברה המרכזית למשקאו</ManufacturerName>
      <ManufactureCountry>ישראל</ManufactureCountry>
      <ManufacturerItemDescription>קוקה קולה זירו 500 מל</ManufacturerItemDescription>
      <UnitQty>מיליליטרים</UnitQty>
      <Quantity>500.00</Quantity>
      <UnitOfMeasure>100 מ"ל</UnitOfMeasure>
      <bIsWeighted>0</bIsWeighted>
      <QtyInPackage>1</QtyInPackage>
      <ItemPrice>6.90</ItemPrice>
      <UnitOfMeasurePrice>1.3800</UnitOfMeasurePrice>
      <AllowDiscount>1</AllowDiscount>
      <ItemStatus>1</ItemStatus>
      <ItemId>47188</ItemId>
    </Item>
    <Item>
      <PriceUpdateDate>2015-10-01 06:15:30</PriceUpdateDate>
      <ItemCode>7290008909860</ItemCode>
      <ItemType>1</ItemType>
      <ItemName>קוקה קולה זירו</ItemName>
      <ManufacturerName>החברה המרכזית למשקאו</ManufacturerName>
      <ManufactureCountry>ישראל</ManufactureCountry>
      <ManufacturerItemDescription>קוקה קולה זירו 1.5 ל</ManufacturerItemDescription>
      <UnitQty>ליטרים</UnitQty>
      <Quantity>1.50</Quantity>
      <UnitOfMeasure>ליטר</UnitOfMeasure>
      <bIsWeighted>0</bIsWeighted>
      <QtyInPackage>1</QtyInPackage>
      <ItemPrice>7.30</ItemPrice>
      <UnitOfMeasurePrice>4.8667</UnitOfMeasurePrice>
      <AllowDiscount>1</AllowDiscount>
      <ItemStatus>1</ItemStatus>
      <ItemId>47245</ItemId>
    </Item>
    <Item>
      <PriceUpdateDate>2015-01-01 00:00:00</PriceUpdateDate>
      <ItemCode>7290002155966</ItemCode>
      <ItemType>1</ItemType>
      <ItemName>תמצית וניל</ItemName>
      <ManufacturerName>ממתקי עלה</ManufacturerName>
      <ManufactureCountry>ישראל</ManufactureCountry>
      <ManufacturerItemDescription>תמצית וניל 50 גרם</ManufacturerItemDescription>
      <UnitQty>גרמים</UnitQty>
      <Quantity>50.00</Quantity>
      <UnitOfMeasure>100 גרם</UnitOfMeasure>
      <bIsWeighted>0</bIsWeighted>
      <QtyInPackage>1</QtyInPackage>
      <ItemPrice>4.40</ItemPrice>
      <UnitOfMeasurePrice>8.8000</UnitOfMeasurePrice>
      <AllowDiscount>1</AllowDiscount>
      <ItemStatus>1</ItemStatus>
      <ItemId>47407</ItemId>
    </Item>
    <Item>
      <PriceUpdateDate>2015-01-01 00:00:00</PriceUpdateDate>
      <ItemCode>7290011502867</ItemCode>
      <ItemType>1</ItemType>
      <ItemName>גרנולה אגוזים</ItemName>
      <ManufacturerName>דין שיווק וקליה בע"מ</ManufacturerName>
      <ManufactureCountry>ישראל</ManufactureCountry>
      <ManufacturerItemDescription>גרנולה אגוזים 500 גרם</ManufacturerItemDescription>
      <UnitQty>גרמים</UnitQty>
      <Quantity>500.00</Quantity>
      <UnitOfMeasure>100 גרם</UnitOfMeasure>
      <bIsWeighted>0</bIsWeighted>
      <QtyInPackage>1</QtyInPackage>
      <ItemPrice>21.30</ItemPrice>
      <UnitOfMeasurePrice>4.2600</UnitOfMeasurePrice>
      <AllowDiscount>1</AllowDiscount>
      <ItemStatus>1</ItemStatus>
      <ItemId>47425</ItemId>
    </Item>
    <Item>
      <PriceUpdateDate>2015-10-01 06:19:31</PriceUpdateDate>
      <ItemCode>7290011502874</ItemCode>
      <ItemType>1</ItemType>
      <ItemName>גרנולה פירות יבשים</ItemName>
      <ManufacturerName>דין שיווק וקליה בע"מ</ManufacturerName>
      <ManufactureCountry>ישראל</ManufactureCountry>
      <ManufacturerItemDescription>גרנולה פירות יבשים 500 גרם</ManufacturerItemDescription>
      <UnitQty>גרמים</UnitQty>
      <Quantity>500.00</Quantity>
      <UnitOfMeasure>100 גרם</UnitOfMeasure>
      <bIsWeighted>0</bIsWeighted>
      <QtyInPackage>1</QtyInPackage>
      <ItemPrice>21.10</ItemPrice>
      <UnitOfMeasurePrice>4.2200</UnitOfMeasurePrice>
      <AllowDiscount>1</AllowDiscount>
      <ItemStatus>1</ItemStatus>
      <ItemId>47426</ItemId>
    </Item>
    <Item>
      <PriceUpdateDate>2015-10-01 06:17:39</PriceUpdateDate>
      <ItemCode>7290005095382</ItemCode>
      <ItemType>1</ItemType>
      <ItemName>מוצרי שנטי</ItemName>
      <ManufacturerName>ייוו יופין קנדל בע"מ</ManufacturerName>
      <ManufactureCountry>סין</ManufactureCountry>
      <ManufacturerItemDescription>מוצרי שנטי</ManufacturerItemDescription>
      <UnitQty>Unknown </UnitQty>
      <Quantity>0.00</Quantity>
      <UnitOfMeasure>Unknown </UnitOfMeasure>
      <bIsWeighted>0</bIsWeighted>
      <QtyInPackage>1</QtyInPackage>
      <ItemPrice>13.70</ItemPrice>
      <UnitOfMeasurePrice>0.0000</UnitOfMeasurePrice>
      <AllowDiscount>1</AllowDiscount>
      <ItemStatus>1</ItemStatus>
      <ItemId>47455</ItemId>
    </Item>
    <Item>
      <PriceUpdateDate>2016-06-07 08:19:31</PriceUpdateDate>
      <ItemCode>7290011964344</ItemCode>
      <ItemType>1</ItemType>
      <ItemName>שום גבישי במיכל</ItemName>
      <ManufacturerName>תבליני טעם וריח</ManufacturerName>
      <ManufactureCountry>לא ידוע</ManufactureCountry>
      <ManufacturerItemDescription>שום גבישי 120 גר "במיכל</ManufacturerItemDescription>
      <UnitQty>גרמים</UnitQty>
      <Quantity>120.00</Quantity>
      <UnitOfMeasure>100 גרם</UnitOfMeasure>
      <bIsWeighted>0</bIsWeighted>
      <QtyInPackage>1</QtyInPackage>
      <ItemPrice>16.10</ItemPrice>
      <UnitOfMeasurePrice>13.4167</UnitOfMeasurePrice>
      <AllowDiscount>1</AllowDiscount>
      <ItemStatus>1</ItemStatus>
      <ItemId>47465</ItemId>
    </Item>
    <Item>
      <PriceUpdateDate>2015-01-01 00:00:00</PriceUpdateDate>
      <ItemCode>7290002502166</ItemCode>
      <ItemType>1</ItemType>
      <ItemName>חצי באגט לבן</ItemName>
      <ManufacturerName>בונזור</ManufacturerName>
      <ManufactureCountry>ישראל</ManufactureCountry>
      <ManufacturerItemDescription>חצי באגט לבן</ManufacturerItemDescription>
      <UnitQty>Unknown </UnitQty>
      <Quantity>0.00</Quantity>
      <UnitOfMeasure>Unknown </UnitOfMeasure>
      <bIsWeighted>0</bIsWeighted>
      <QtyInPackage>1</QtyInPackage>
      <ItemPrice>3.00</ItemPrice>
      <UnitOfMeasurePrice>0.0000</UnitOfMeasurePrice>
      <AllowDiscount>1</AllowDiscount>
      <ItemStatus>1</ItemStatus>
      <ItemId>47583</ItemId>
    </Item>
    <Item>
      <PriceUpdateDate>2015-10-01 06:18:40</PriceUpdateDate>
      <ItemCode>7290004136222</ItemCode>
      <ItemType>1</ItemType>
      <ItemName>מארז שוקו מופחת סוכר</ItemName>
      <ManufacturerName>תנובה מרכז שיתופי לש</ManufacturerName>
      <ManufactureCountry>ישראל</ManufactureCountry>
      <ManufacturerItemDescription>מארז שוקו מופחת סוכר250*6 מל</ManufacturerItemDescription>
      <UnitQty>ליטרים</UnitQty>
      <Quantity>1.50</Quantity>
      <UnitOfMeasure>ליטר</UnitOfMeasure>
      <bIsWeighted>0</bIsWeighted>
      <QtyInPackage>6</QtyInPackage>
      <ItemPrice>26.40</ItemPrice>
      <UnitOfMeasurePrice>17.6000</UnitOfMeasurePrice>
      <AllowDiscount>1</AllowDiscount>
      <ItemStatus>1</ItemStatus>
      <ItemId>47586</ItemId>
    </Item>
    <Item>
      <PriceUpdateDate>2015-11-20 08:32:13</PriceUpdateDate>
      <ItemCode>7290105364302</ItemCode>
      <ItemType>1</ItemType>
      <ItemName>מקלות כיף כף אגוזים</ItemName>
      <ManufacturerName>SOLEN CIKOLATA GIDA</ManufacturerName>
      <ManufactureCountry>טורקיה</ManufactureCountry>
      <ManufacturerItemDescription>מקלות כיף כף אגוזים 40 גרם</ManufacturerItemDescription>
      <UnitQty>גרמים</UnitQty>
      <Quantity>40.00</Quantity>
      <UnitOfMeasure>100 גרם</UnitOfMeasure>
      <bIsWeighted>0</bIsWeighted>
      <QtyInPackage>1</QtyInPackage>
      <ItemPrice>5.40</ItemPrice>
      <UnitOfMeasurePrice>13.5000</UnitOfMeasurePrice>
      <AllowDiscount>1</AllowDiscount>
      <ItemStatus>1</ItemStatus>
      <ItemId>85589</ItemId>
    </Item>
    <Item>
      <PriceUpdateDate>2015-08-09 08:03:31</PriceUpdateDate>
      <ItemCode>7290100687109</ItemCode>
      <ItemType>1</ItemType>
      <ItemName>במבה במילוי נוגט</ItemName>
      <ManufacturerName>אסם</ManufacturerName>
      <ManufactureCountry>ישראל</ManufactureCountry>
      <ManufacturerItemDescription>במבה במילוי נוגט 60 גרם</ManufacturerItemDescription>
      <UnitQty>גרמים</UnitQty>
      <Quantity>60.00</Quantity>
      <UnitOfMeasure>100 גרם</UnitOfMeasure>
      <bIsWeighted>0</bIsWeighted>
      <QtyInPackage>1</QtyInPackage>
      <ItemPrice>5.90</ItemPrice>
      <UnitOfMeasurePrice>9.8333</UnitOfMeasurePrice>
      <AllowDiscount>1</AllowDiscount>
      <ItemStatus>1</ItemStatus>
      <ItemId>47717</ItemId>
    </Item>
    <Item>
      <PriceUpdateDate>2015-01-01 00:00:00</PriceUpdateDate>
      <ItemCode>8002450208007</ItemCode>
      <ItemType>1</ItemType>
      <ItemName>ורדי גרין אפל 750 מ"</ItemName>
      <ManufacturerName>יקב</ManufacturerName>
      <ManufactureCountry>איטליה</ManufactureCountry>
      <ManufacturerItemDescription>ורדי גרין אפל 750 מל</ManufacturerItemDescription>
      <UnitQty>מיליליטרים</UnitQty>
      <Quantity>750.00</Quantity>
      <UnitOfMeasure>100 מ"ל</UnitOfMeasure>
      <bIsWeighted>0</bIsWeighted>
      <QtyInPackage>1</QtyInPackage>
      <ItemPrice>31.50</ItemPrice>
      <UnitOfMeasurePrice>4.2000</UnitOfMeasurePrice>
      <AllowDiscount>1</AllowDiscount>
      <ItemStatus>1</ItemStatus>
      <ItemId>47723</ItemId>
    </Item>
    <Item>
      <PriceUpdateDate>2015-08-12 06:10:45</PriceUpdateDate>
      <ItemCode>72993637</ItemCode>
      <ItemType>1</ItemType>
      <ItemName>דני שוקולד מהדרין</ItemName>
      <ManufacturerName>שטראוס גרופ</ManufacturerName>
      <ManufactureCountry>ישראל</ManufactureCountry>
      <ManufacturerItemDescription>מעדן דני שוקולד 125 גרם</ManufacturerItemDescription>
      <UnitQty>גרמים</UnitQty>
      <Quantity>125.00</Quantity>
      <UnitOfMeasure>100 גרם</UnitOfMeasure>
      <bIsWeighted>0</bIsWeighted>
      <QtyInPackage>1</QtyInPackage>
      <ItemPrice>2.90</ItemPrice>
      <UnitOfMeasurePrice>2.3200</UnitOfMeasurePrice>
      <AllowDiscount>1</AllowDiscount>
      <ItemStatus>1</ItemStatus>
      <ItemId>47757</ItemId>
    </Item>
    <Item>
      <PriceUpdateDate>2015-07-26 13:18:36</PriceUpdateDate>
      <ItemCode>7290001710111</ItemCode>
      <ItemType>1</ItemType>
      <ItemName>נקניקיות מרגז 500 גר</ItemName>
      <ManufacturerName>לאטי עזרא גלם ודגים</ManufacturerName>
      <ManufactureCountry>ישראל</ManufactureCountry>
      <ManufacturerItemDescription>נקניקיות מרגז 500 גר</ManufacturerItemDescription>
      <UnitQty>גרמים</UnitQty>
      <Quantity>500.00</Quantity>
      <UnitOfMeasure>100 גרם</UnitOfMeasure>
      <bIsWeighted>0</bIsWeighted>
      <QtyInPackage>1</QtyInPackage>
      <ItemPrice>26.90</ItemPrice>
      <UnitOfMeasurePrice>5.3800</UnitOfMeasurePrice>
      <AllowDiscount>1</AllowDiscount>
      <ItemStatus>1</ItemStatus>
      <ItemId>76549</ItemId>
    </Item>
    <Item>
      <PriceUpdateDate>2015-01-01 00:00:00</PriceUpdateDate>
      <ItemCode>7290002371939</ItemCode>
      <ItemType>1</ItemType>
      <ItemName>סרוולד צרפתי</ItemName>
      <ManufacturerName>טירת צבי</ManufacturerName>
      <ManufactureCountry>ישראל</ManufactureCountry>
      <ManufacturerItemDescription>סרוולד צרפתי 120 גרם מ.ק               .</ManufacturerItemDescription>
      <UnitQty>גרמים</UnitQty>
      <Quantity>120.00</Quantity>
      <UnitOfMeasure>100 גרם</UnitOfMeasure>
      <bIsWeighted>0</bIsWeighted>
      <QtyInPackage>1</QtyInPackage>
      <ItemPrice>31.70</ItemPrice>
      <UnitOfMeasurePrice>26.4167</UnitOfMeasurePrice>
      <AllowDiscount>1</AllowDiscount>
      <ItemStatus>1</ItemStatus>
      <ItemId>47964</ItemId>
    </Item>
    <Item>
      <PriceUpdateDate>2015-08-12 06:10:46</PriceUpdateDate>
      <ItemCode>7290102035007</ItemCode>
      <ItemType>1</ItemType>
      <ItemName>מסטיק מאסט טעם בזוקה</ItemName>
      <ManufacturerName>שטראוס גרופ</ManufacturerName>
      <ManufactureCountry>ישראל</ManufactureCountry>
      <ManufacturerItemDescription>מסטיק מאסט בטעם בזוקה</ManufacturerItemDescription>
      <UnitQty>Unknown </UnitQty>
      <Quantity>0.00</Quantity>
      <UnitOfMeasure>Unknown </UnitOfMeasure>
      <bIsWeighted>0</bIsWeighted>
      <QtyInPackage>1</QtyInPackage>
      <ItemPrice>4.90</ItemPrice>
      <UnitOfMeasurePrice>0.0000</UnitOfMeasurePrice>
      <AllowDiscount>1</AllowDiscount>
      <ItemStatus>1</ItemStatus>
      <ItemId>48144</ItemId>
    </Item>
    <Item>
      <PriceUpdateDate>2016-05-19 15:15:14</PriceUpdateDate>
      <ItemCode>4101540708527</ItemCode>
      <ItemType>1</ItemType>
      <ItemName>בסיס לעוגת טורט שוקו</ItemName>
      <ManufacturerName>KuchenMeister GmbH</ManufacturerName>
      <ManufactureCountry>לא ידוע</ManufactureCountry>
      <ManufacturerItemDescription>בסיס לעוגת טורט שוקו 400 גרם קושנמייסטר</ManufacturerItemDescription>
      <UnitQty>גרמים</UnitQty>
      <Quantity>400.00</Quantity>
      <UnitOfMeasure>100 גרם</UnitOfMeasure>
      <bIsWeighted>0</bIsWeighted>
      <QtyInPackage>1</QtyInPackage>
      <ItemPrice>15.90</ItemPrice>
      <UnitOfMeasurePrice>3.9750</UnitOfMeasurePrice>
      <AllowDiscount>1</AllowDiscount>
      <ItemStatus>1</ItemStatus>
      <ItemId>109499</ItemId>
    </Item>
    <Item>
      <PriceUpdateDate>2015-10-01 06:18:40</PriceUpdateDate>
      <ItemCode>7290004137809</ItemCode>
      <ItemType>1</ItemType>
      <ItemName>לאבנה 250 5% גרם</ItemName>
      <ManufacturerName>תנובה מרכז שיתופי לש</ManufacturerName>
      <ManufactureCountry>ישראל</ManufactureCountry>
      <ManufacturerItemDescription>לאבנה 250 5% גרם    פיראוס</ManufacturerItemDescription>
      <UnitQty>גרמים</UnitQty>
      <Quantity>250.00</Quantity>
      <UnitOfMeasure>100 גרם</UnitOfMeasure>
      <bIsWeighted>0</bIsWeighted>
      <QtyInPackage>1</QtyInPackage>
      <ItemPrice>12.80</ItemPrice>
      <UnitOfMeasurePrice>5.1200</UnitOfMeasurePrice>
      <AllowDiscount>1</AllowDiscount>
      <ItemStatus>1</ItemStatus>
      <ItemId>48173</ItemId>
    </Item>
    <Item>
      <PriceUpdateDate>2015-10-01 06:13:03</PriceUpdateDate>
      <ItemCode>50204649</ItemCode>
      <ItemType>1</ItemType>
      <ItemName>מטהר אויר גלייד</ItemName>
      <ManufacturerName>SC Jonson</ManufacturerName>
      <ManufactureCountry>סין</ManufactureCountry>
      <ManufacturerItemDescription>מטהר אוויר גלייד לבנדר</ManufacturerItemDescription>
      <UnitQty>גרמים</UnitQty>
      <Quantity>175.00</Quantity>
      <UnitOfMeasure>100 גרם</UnitOfMeasure>
      <bIsWeighted>0</bIsWeighted>
      <QtyInPackage>1</QtyInPackage>
      <ItemPrice>11.60</ItemPrice>
      <UnitOfMeasurePrice>6.6286</UnitOfMeasurePrice>
      <AllowDiscount>1</AllowDiscount>
      <ItemStatus>1</ItemStatus>
      <ItemId>48246</ItemId>
    </Item>
    <Item>
      <PriceUpdateDate>2015-10-01 06:18:40</PriceUpdateDate>
      <ItemCode>7290004137021</ItemCode>
      <ItemType>1</ItemType>
      <ItemName>שמנת לבישול מופחת</ItemName>
      <ManufacturerName>תנובה מרכז שיתופי לש</ManufacturerName>
      <ManufactureCountry>ישראל</ManufactureCountry>
      <ManufacturerItemDescription>שמנת לבישול מופחת שומן          10% 250</ManufacturerItemDescription>
      <UnitQty>מיליליטרים</UnitQty>
      <Quantity>250.00</Quantity>
      <UnitOfMeasure>100 מ"ל</UnitOfMeasure>
      <bIsWeighted>0</bIsWeighted>
      <QtyInPackage>1</QtyInPackage>
      <ItemPrice>8.30</ItemPrice>
      <UnitOfMeasurePrice>3.3200</UnitOfMeasurePrice>
      <AllowDiscount>1</AllowDiscount>
      <ItemStatus>1</ItemStatus>
      <ItemId>48254</ItemId>
    </Item>
    <Item>
      <PriceUpdateDate>2015-10-01 06:18:40</PriceUpdateDate>
      <ItemCode>7290004128432</ItemCode>
      <ItemType>1</ItemType>
      <ItemName>פתיתים מיוחדים לפיצה</ItemName>
      <ManufacturerName>תנובה מרכז שיתופי לש</ManufacturerName>
      <ManufactureCountry>ישראל</ManufactureCountry>
      <ManufacturerItemDescription>פתיתים מיוחדים לפיצה 500 גרם</ManufacturerItemDescription>
      <UnitQty>גרמים</UnitQty>
      <Quantity>500.00</Quantity>
      <UnitOfMeasure>100 גרם</UnitOfMeasure>
      <bIsWeighted>0</bIsWeighted>
      <QtyInPackage>1</QtyInPackage>
      <ItemPrice>22.20</ItemPrice>
      <UnitOfMeasurePrice>4.4400</UnitOfMeasurePrice>
      <AllowDiscount>1</AllowDiscount>
      <ItemStatus>1</ItemStatus>
      <ItemId>48325</ItemId>
    </Item>
    <Item>
      <PriceUpdateDate>2015-06-14 11:54:23</PriceUpdateDate>
      <ItemCode>7290000055336</ItemCode>
      <ItemType>1</ItemType>
      <ItemName>משקה יוגורט יופלה בנ</ItemName>
      <ManufacturerName>תנובה מרכז שיתופי לש</ManufacturerName>
      <ManufactureCountry>ישראל</ManufactureCountry>
      <ManufacturerItemDescription>משקה יוגורט יופלה בננה אפרסק          2</ManufacturerItemDescription>
      <UnitQty>מיליליטרים</UnitQty>
      <Quantity>250.00</Quantity>
      <UnitOfMeasure>100 מ"ל</UnitOfMeasure>
      <bIsWeighted>0</bIsWeighted>
      <QtyInPackage>1</QtyInPackage>
      <ItemPrice>5.70</ItemPrice>
      <UnitOfMeasurePrice>2.2800</UnitOfMeasurePrice>
      <AllowDiscount>1</AllowDiscount>
      <ItemStatus>1</ItemStatus>
      <ItemId>75781</ItemId>
    </Item>
    <Item>
      <PriceUpdateDate>2015-01-01 00:00:00</PriceUpdateDate>
      <ItemCode>4005808262168</ItemCode>
      <ItemType>1</ItemType>
      <ItemName>ניוואה ספריי הגנה</ItemName>
      <ManufacturerName>ביירסדורף</ManufacturerName>
      <ManufactureCountry>גרמניה</ManufactureCountry>
      <ManufacturerItemDescription>ניוואה ספריי הגנה200 SPF 50 מל</ManufacturerItemDescription>
      <UnitQty>מיליליטרים</UnitQty>
      <Quantity>200.00</Quantity>
      <UnitOfMeasure>100 מ"ל</UnitOfMeasure>
      <bIsWeighted>0</bIsWeighted>
      <QtyInPackage>1</QtyInPackage>
      <ItemPrice>64.90</ItemPrice>
      <UnitOfMeasurePrice>32.4500</UnitOfMeasurePrice>
      <AllowDiscount>1</AllowDiscount>
      <ItemStatus>1</ItemStatus>
      <ItemId>95297</ItemId>
    </Item>
    <Item>
      <PriceUpdateDate>2015-10-02 09:09:02</PriceUpdateDate>
      <ItemCode>7290000024905</ItemCode>
      <ItemType>1</ItemType>
      <ItemName>וודקה קגלביץ קלאסיקה</ItemName>
      <ManufacturerName>ברקן סגל</ManufacturerName>
      <ManufactureCountry>ישראל</ManufactureCountry>
      <ManufacturerItemDescription>וודקה קגלביץ קלאסיקה 700 מל</ManufacturerItemDescription>
      <UnitQty>מיליליטרים</UnitQty>
      <Quantity>700.00</Quantity>
      <UnitOfMeasure>100 מ"ל</UnitOfMeasure>
      <bIsWeighted>0</bIsWeighted>
      <QtyInPackage>1</QtyInPackage>
      <ItemPrice>78.00</ItemPrice>
      <UnitOfMeasurePrice>11.1429</UnitOfMeasurePrice>
      <AllowDiscount>1</AllowDiscount>
      <ItemStatus>1</ItemStatus>
      <ItemId>48354</ItemId>
    </Item>
    <Item>
      <PriceUpdateDate>2016-06-07 08:19:54</PriceUpdateDate>
      <ItemCode>7290000024912</ItemCode>
      <ItemType>1</ItemType>
      <ItemName>וודקה קגלביץ לימון</ItemName>
      <ManufacturerName>ברקן סגל</ManufacturerName>
      <ManufactureCountry>לא ידוע</ManufactureCountry>
      <ManufacturerItemDescription>וודקה קגלביץ לימון 700 מל</ManufacturerItemDescription>
      <UnitQty>מיליליטרים</UnitQty>
      <Quantity>700.00</Quantity>
      <UnitOfMeasure>100 מ"ל</UnitOfMeasure>
      <bIsWeighted>0</bIsWeighted>
      <QtyInPackage>1</QtyInPackage>
      <ItemPrice>70.60</ItemPrice>
      <UnitOfMeasurePrice>10.0857</UnitOfMeasurePrice>
      <AllowDiscount>1</AllowDiscount>
      <ItemStatus>1</ItemStatus>
      <ItemId>48355</ItemId>
    </Item>
    <Item>
      <PriceUpdateDate>2015-10-01 06:15:14</PriceUpdateDate>
      <ItemCode>7290000024943</ItemCode>
      <ItemType>1</ItemType>
      <ItemName>וודקה קגלביץ מלון</ItemName>
      <ManufacturerName>ברקן סגל</ManufacturerName>
      <ManufactureCountry>ישראל</ManufactureCountry>
      <ManufacturerItemDescription>וודקה קגלביץ מלון 700 מל</ManufacturerItemDescription>
      <UnitQty>מיליליטרים</UnitQty>
      <Quantity>700.00</Quantity>
      <UnitOfMeasure>100 מ"ל</UnitOfMeasure>
      <bIsWeighted>0</bIsWeighted>
      <QtyInPackage>1</QtyInPackage>
      <ItemPrice>70.60</ItemPrice>
      <UnitOfMeasurePrice>10.0857</UnitOfMeasurePrice>
      <AllowDiscount>1</AllowDiscount>
      <ItemStatus>1</ItemStatus>
      <ItemId>48358</ItemId>
    </Item>
    <Item>
      <PriceUpdateDate>2015-01-01 00:00:00</PriceUpdateDate>
      <ItemCode>42155461</ItemCode>
      <ItemType>1</ItemType>
      <ItemName>א.מינטס מינטס פ.יער</ItemName>
      <ManufacturerName>ריגלי</ManufacturerName>
      <ManufactureCountry>פולין</ManufactureCountry>
      <ManufacturerItemDescription>אורביט מינטס פירות יער</ManufacturerItemDescription>
      <UnitQty>Unknown </UnitQty>
      <Quantity>0.00</Quantity>
      <UnitOfMeasure>Unknown </UnitOfMeasure>
      <bIsWeighted>0</bIsWeighted>
      <QtyInPackage>1</QtyInPackage>
      <ItemPrice>3.50</ItemPrice>
      <UnitOfMeasurePrice>0.0000</UnitOfMeasurePrice>
      <AllowDiscount>1</AllowDiscount>
      <ItemStatus>1</ItemStatus>
      <ItemId>48563</ItemId>
    </Item>
    <Item>
      <PriceUpdateDate>2015-10-01 06:18:40</PriceUpdateDate>
      <ItemCode>7290004136192</ItemCode>
      <ItemType>1</ItemType>
      <ItemName>מילקשייק פונץ בננה</ItemName>
      <ManufacturerName>תנובה מרכז שיתופי לש</ManufacturerName>
      <ManufactureCountry>ישראל</ManufactureCountry>
      <ManufacturerItemDescription>מילקשייק פונץ בננה250 2% מל</ManufacturerItemDescription>
      <UnitQty>מיליליטרים</UnitQty>
      <Quantity>250.00</Quantity>
      <UnitOfMeasure>100 מ"ל</UnitOfMeasure>
      <bIsWeighted>0</bIsWeighted>
      <QtyInPackage>1</QtyInPackage>
      <ItemPrice>6.20</ItemPrice>
      <UnitOfMeasurePrice>2.4800</UnitOfMeasurePrice>
      <AllowDiscount>1</AllowDiscount>
      <ItemStatus>1</ItemStatus>
      <ItemId>48602</ItemId>
    </Item>
    <Item>
      <PriceUpdateDate>2015-01-01 00:00:00</PriceUpdateDate>
      <ItemCode>7290000188355</ItemCode>
      <ItemType>1</ItemType>
      <ItemName>מגבת נייר ניקול</ItemName>
      <ManufacturerName>חוגלה קימברלי</ManufacturerName>
      <ManufactureCountry>ישראל</ManufactureCountry>
      <ManufacturerItemDescription>מגבת נייר ניקול   1/6</ManufacturerItemDescription>
      <UnitQty>מטרים</UnitQty>
      <Quantity>6400.00</Quantity>
      <UnitOfMeasure>מטר</UnitOfMeasure>
      <bIsWeighted>0</bIsWeighted>
      <QtyInPackage>1</QtyInPackage>
      <ItemPrice>10.90</ItemPrice>
      <UnitOfMeasurePrice>0.0017</UnitOfMeasurePrice>
      <AllowDiscount>1</AllowDiscount>
      <ItemStatus>1</ItemStatus>
      <ItemId>48852</ItemId>
    </Item>
    <Item>
      <PriceUpdateDate>2016-04-11 13:46:36</PriceUpdateDate>
      <ItemCode>7290103680022</ItemCode>
      <ItemType>1</ItemType>
      <ItemName>יין תבור סדרת הר שיר</ItemName>
      <ManufacturerName>תבור</ManufacturerName>
      <ManufactureCountry>ישראל</ManufactureCountry>
      <ManufacturerItemDescription>יין תבור סדרת הר שיראז             2010</ManufacturerItemDescription>
      <UnitQty>מיליליטרים</UnitQty>
      <Quantity>750.00</Quantity>
      <UnitOfMeasure>100 מ"ל</UnitOfMeasure>
      <bIsWeighted>0</bIsWeighted>
      <QtyInPackage>1</QtyInPackage>
      <ItemPrice>45.90</ItemPrice>
      <UnitOfMeasurePrice>6.1200</UnitOfMeasurePrice>
      <AllowDiscount>1</AllowDiscount>
      <ItemStatus>1</ItemStatus>
      <ItemId>78394</ItemId>
    </Item>
    <Item>
      <PriceUpdateDate>2015-08-12 06:10:52</PriceUpdateDate>
      <ItemCode>7290010117970</ItemCode>
      <ItemType>1</ItemType>
      <ItemName>סבבה בוטנים אמריקאים</ItemName>
      <ManufacturerName>שטראוס גרופ</ManufacturerName>
      <ManufactureCountry>ישראל</ManufactureCountry>
      <ManufacturerItemDescription>סבבה בוטנים אמריקאים</ManufacturerItemDescription>
      <UnitQty>גרמים</UnitQty>
      <Quantity>50.00</Quantity>
      <UnitOfMeasure>100 גרם</UnitOfMeasure>
      <bIsWeighted>0</bIsWeighted>
      <QtyInPackage>1</QtyInPackage>
      <ItemPrice>2.60</ItemPrice>
      <UnitOfMeasurePrice>5.2000</UnitOfMeasurePrice>
      <AllowDiscount>1</AllowDiscount>
      <ItemStatus>1</ItemStatus>
      <ItemId>48912</ItemId>
    </Item>
    <Item>
      <PriceUpdateDate>2015-10-01 06:16:29</PriceUpdateDate>
      <ItemCode>7290000187921</ItemCode>
      <ItemType>1</ItemType>
      <ItemName>נייר טואלט לילי לבן</ItemName>
      <ManufacturerName>חוגלה קימברלי</ManufacturerName>
      <ManufactureCountry>ישראל</ManufactureCountry>
      <ManufacturerItemDescription>נייר טואלט לילי לבן 32 יח              "</ManufacturerItemDescription>
      <UnitQty>מטרים</UnitQty>
      <Quantity>58880.00</Quantity>
      <UnitOfMeasure>מטר</UnitOfMeasure>
      <bIsWeighted>0</bIsWeighted>
      <QtyInPackage>1</QtyInPackage>
      <ItemPrice>39.50</ItemPrice>
      <UnitOfMeasurePrice>0.0007</UnitOfMeasurePrice>
      <AllowDiscount>1</AllowDiscount>
      <ItemStatus>1</ItemStatus>
      <ItemId>48942</ItemId>
    </Item>
    <Item>
      <PriceUpdateDate>2015-10-01 06:16:29</PriceUpdateDate>
      <ItemCode>7290000187938</ItemCode>
      <ItemType>1</ItemType>
      <ItemName>נייר טואלט פסטל</ItemName>
      <ManufacturerName>חוגלה קימברלי</ManufacturerName>
      <ManufactureCountry>ישראל</ManufactureCountry>
      <ManufacturerItemDescription>נייר טואלט לילי פסטל                 32</ManufacturerItemDescription>
      <UnitQty>מטרים</UnitQty>
      <Quantity>58880.00</Quantity>
      <UnitOfMeasure>מטר</UnitOfMeasure>
      <bIsWeighted>0</bIsWeighted>
      <QtyInPackage>1</QtyInPackage>
      <ItemPrice>39.50</ItemPrice>
      <UnitOfMeasurePrice>0.0007</UnitOfMeasurePrice>
      <AllowDiscount>1</AllowDiscount>
      <ItemStatus>1</ItemStatus>
      <ItemId>48943</ItemId>
    </Item>
    <Item>
      <PriceUpdateDate>2016-02-25 08:11:57</PriceUpdateDate>
      <ItemCode>7290000187952</ItemCode>
      <ItemType>1</ItemType>
      <ItemName>נייר טואלט לילי טריו</ItemName>
      <ManufacturerName>חוגלה קימברלי</ManufacturerName>
      <ManufactureCountry>ישראל</ManufactureCountry>
      <ManufacturerItemDescription>לילי טריו 32 יחידות</ManufacturerItemDescription>
      <UnitQty>מטרים</UnitQty>
      <Quantity>53470.00</Quantity>
      <UnitOfMeasure>מטר</UnitOfMeasure>
      <bIsWeighted>0</bIsWeighted>
      <QtyInPackage>1</QtyInPackage>
      <ItemPrice>54.70</ItemPrice>
      <UnitOfMeasurePrice>0.0010</UnitOfMeasurePrice>
      <AllowDiscount>1</AllowDiscount>
      <ItemStatus>1</ItemStatus>
      <ItemId>48945</ItemId>
    </Item>
    <Item>
      <PriceUpdateDate>2015-06-19 07:56:06</PriceUpdateDate>
      <ItemCode>7290011877859</ItemCode>
      <ItemType>1</ItemType>
      <ItemName>פותח סתימות</ItemName>
      <ManufacturerName>סנו</ManufacturerName>
      <ManufactureCountry>ישראל</ManufactureCountry>
      <ManufacturerItemDescription>פותח סתימות אינסטלטור 200 גר           "</ManufacturerItemDescription>
      <UnitQty>גרמים</UnitQty>
      <Quantity>200.00</Quantity>
      <UnitOfMeasure>100 גרם</UnitOfMeasure>
      <bIsWeighted>0</bIsWeighted>
      <QtyInPackage>1</QtyInPackage>
      <ItemPrice>15.40</ItemPrice>
      <UnitOfMeasurePrice>7.7000</UnitOfMeasurePrice>
      <AllowDiscount>1</AllowDiscount>
      <ItemStatus>1</ItemStatus>
      <ItemId>48969</ItemId>
    </Item>
    <Item>
      <PriceUpdateDate>2016-04-14 07:35:05</PriceUpdateDate>
      <ItemCode>7290011575526</ItemCode>
      <ItemType>1</ItemType>
      <ItemName>מטלית רצפה</ItemName>
      <ManufacturerName>סי.פי.קנג</ManufacturerName>
      <ManufactureCountry>טיוואן</ManufactureCountry>
      <ManufacturerItemDescription>מטלית רצפה מיקרופייבר</ManufacturerItemDescription>
      <UnitQty>Unknown </UnitQty>
      <Quantity>0.00</Quantity>
      <UnitOfMeasure>Unknown </UnitOfMeasure>
      <bIsWeighted>0</bIsWeighted>
      <QtyInPackage>1</QtyInPackage>
      <ItemPrice>12.70</ItemPrice>
      <UnitOfMeasurePrice>0.0000</UnitOfMeasurePrice>
      <AllowDiscount>1</AllowDiscount>
      <ItemStatus>1</ItemStatus>
      <ItemId>49111</ItemId>
    </Item>
    <Item>
      <PriceUpdateDate>2015-10-01 06:13:20</PriceUpdateDate>
      <ItemCode>7290100853047</ItemCode>
      <ItemType>1</ItemType>
      <ItemName>שקולד חלב אוורי</ItemName>
      <ManufacturerName>שטראוס גרופ</ManufacturerName>
      <ManufactureCountry>ישראל</ManufactureCountry>
      <ManufacturerItemDescription>שוקולד חלב אוורי מגדים 85 גר           "</ManufacturerItemDescription>
      <UnitQty>Unknown </UnitQty>
      <Quantity>0.00</Quantity>
      <UnitOfMeasure>Unknown </UnitOfMeasure>
      <bIsWeighted>0</bIsWeighted>
      <QtyInPackage>1</QtyInPackage>
      <ItemPrice>6.60</ItemPrice>
      <UnitOfMeasurePrice>0.0000</UnitOfMeasurePrice>
      <AllowDiscount>1</AllowDiscount>
      <ItemStatus>1</ItemStatus>
      <ItemId>49119</ItemId>
    </Item>
    <Item>
      <PriceUpdateDate>2015-10-01 06:18:40</PriceUpdateDate>
      <ItemCode>7290004136307</ItemCode>
      <ItemType>1</ItemType>
      <ItemName>גבינה בולגרית    5%</ItemName>
      <ManufacturerName>תנובה מרכז שיתופי לש</ManufacturerName>
      <ManufactureCountry>ישראל</ManufactureCountry>
      <ManufacturerItemDescription>גבינה בולגרית 5% מעודנת 120 גר</ManufacturerItemDescription>
      <UnitQty>גרמים</UnitQty>
      <Quantity>120.00</Quantity>
      <UnitOfMeasure>100 גרם</UnitOfMeasure>
      <bIsWeighted>0</bIsWeighted>
      <QtyInPackage>1</QtyInPackage>
      <ItemPrice>13.80</ItemPrice>
      <UnitOfMeasurePrice>11.5000</UnitOfMeasurePrice>
      <AllowDiscount>1</AllowDiscount>
      <ItemStatus>1</ItemStatus>
      <ItemId>49139</ItemId>
    </Item>
    <Item>
      <PriceUpdateDate>2016-02-11 13:41:24</PriceUpdateDate>
      <ItemCode>7290005271410</ItemCode>
      <ItemType>1</ItemType>
      <ItemName>ביצים L ארוזות12 יח</ItemName>
      <ManufacturerName>גליקסמן שיווק ביצים</ManufacturerName>
      <ManufactureCountry>ישראל</ManufactureCountry>
      <ManufacturerItemDescription>ביצים L ארוזות12 יח</ManufacturerItemDescription>
      <UnitQty>Unknown </UnitQty>
      <Quantity>0.00</Quantity>
      <UnitOfMeasure>Unknown </UnitOfMeasure>
      <bIsWeighted>0</bIsWeighted>
      <QtyInPackage>1</QtyInPackage>
      <ItemPrice>11.40</ItemPrice>
      <UnitOfMeasurePrice>0.0000</UnitOfMeasurePrice>
      <AllowDiscount>1</AllowDiscount>
      <ItemStatus>1</ItemStatus>
      <ItemId>49176</ItemId>
    </Item>
    <Item>
      <PriceUpdateDate>2016-02-11 13:41:24</PriceUpdateDate>
      <ItemCode>7290005271519</ItemCode>
      <ItemType>1</ItemType>
      <ItemName>ביצים ארוזות 18 יח</ItemName>
      <ManufacturerName>גליקסמן שיווק ביצים</ManufacturerName>
      <ManufactureCountry>ישראל</ManufactureCountry>
      <ManufacturerItemDescription>ביצים ארוזות 18 יח                    L</ManufacturerItemDescription>
      <UnitQty>Unknown </UnitQty>
      <Quantity>0.00</Quantity>
      <UnitOfMeasure>Unknown </UnitOfMeasure>
      <bIsWeighted>0</bIsWeighted>
      <QtyInPackage>1</QtyInPackage>
      <ItemPrice>17.10</ItemPrice>
      <UnitOfMeasurePrice>0.0000</UnitOfMeasurePrice>
      <AllowDiscount>1</AllowDiscount>
      <ItemStatus>1</ItemStatus>
      <ItemId>49180</ItemId>
    </Item>
    <Item>
      <PriceUpdateDate>2016-02-11 13:41:26</PriceUpdateDate>
      <ItemCode>7290005271526</ItemCode>
      <ItemType>1</ItemType>
      <ItemName>ביצים ארוזות18 יח</ItemName>
      <ManufacturerName>גליקסמן שיווק ביצים</ManufacturerName>
      <ManufactureCountry>ישראל</ManufactureCountry>
      <ManufacturerItemDescription>ביצים ארוזות18 יח                     M</ManufacturerItemDescription>
      <UnitQty>Unknown </UnitQty>
      <Quantity>0.00</Quantity>
      <UnitOfMeasure>Unknown </UnitOfMeasure>
      <bIsWeighted>0</bIsWeighted>
      <QtyInPackage>1</QtyInPackage>
      <ItemPrice>15.70</ItemPrice>
      <UnitOfMeasurePrice>0.0000</UnitOfMeasurePrice>
      <AllowDiscount>1</AllowDiscount>
      <ItemStatus>1</ItemStatus>
      <ItemId>49181</ItemId>
    </Item>
    <Item>
      <PriceUpdateDate>2015-10-01 06:15:07</PriceUpdateDate>
      <ItemCode>8693495041461</ItemCode>
      <ItemType>1</ItemType>
      <ItemName>מברשת שיניים סלים</ItemName>
      <ManufacturerName>COLGATE ($) -PALMOLI</ManufacturerName>
      <ManufactureCountry>סין</ManufactureCountry>
      <ManufacturerItemDescription>קולגייט מברשת סלים פחם זוג</ManufacturerItemDescription>
      <UnitQty>Unknown </UnitQty>
      <Quantity>0.00</Quantity>
      <UnitOfMeasure>Unknown </UnitOfMeasure>
      <bIsWeighted>0</bIsWeighted>
      <QtyInPackage>1</QtyInPackage>
      <ItemPrice>34.60</ItemPrice>
      <UnitOfMeasurePrice>0.0000</UnitOfMeasurePrice>
      <AllowDiscount>1</AllowDiscount>
      <ItemStatus>1</ItemStatus>
      <ItemId>96716</ItemId>
    </Item>
    <Item>
      <PriceUpdateDate>2016-04-11 13:46:36</PriceUpdateDate>
      <ItemCode>7290103680039</ItemCode>
      <ItemType>1</ItemType>
      <ItemName>יין תבור סדרת הר מרל</ItemName>
      <ManufacturerName>תבור</ManufacturerName>
      <ManufactureCountry>ישראל</ManufactureCountry>
      <ManufacturerItemDescription>יין תבור סדרת הר מרלו              2010</ManufacturerItemDescription>
      <UnitQty>מיליליטרים</UnitQty>
      <Quantity>750.00</Quantity>
      <UnitOfMeasure>100 מ"ל</UnitOfMeasure>
      <bIsWeighted>0</bIsWeighted>
      <QtyInPackage>1</QtyInPackage>
      <ItemPrice>45.90</ItemPrice>
      <UnitOfMeasurePrice>6.1200</UnitOfMeasurePrice>
      <AllowDiscount>1</AllowDiscount>
      <ItemStatus>1</ItemStatus>
      <ItemId>78395</ItemId>
    </Item>
    <Item>
      <PriceUpdateDate>2015-10-01 06:14:39</PriceUpdateDate>
      <ItemCode>7290012116193</ItemCode>
      <ItemType>1</ItemType>
      <ItemName>סנובון לבנדר</ItemName>
      <ManufacturerName>סנו</ManufacturerName>
      <ManufactureCountry>ישראל</ManufactureCountry>
      <ManufacturerItemDescription>סנובון לאסלה סגול                   1/3</ManufacturerItemDescription>
      <UnitQty>גרמים</UnitQty>
      <Quantity>165.00</Quantity>
      <UnitOfMeasure>100 גרם</UnitOfMeasure>
      <bIsWeighted>0</bIsWeighted>
      <QtyInPackage>1</QtyInPackage>
      <ItemPrice>18.70</ItemPrice>
      <UnitOfMeasurePrice>11.3333</UnitOfMeasurePrice>
      <AllowDiscount>1</AllowDiscount>
      <ItemStatus>1</ItemStatus>
      <ItemId>49216</ItemId>
    </Item>
    <Item>
      <PriceUpdateDate>2015-07-22 06:40:46</PriceUpdateDate>
      <ItemCode>7290001419892</ItemCode>
      <ItemType>1</ItemType>
      <ItemName>וופל קלאסי טעם לימון</ItemName>
      <ManufacturerName>גילרו בע"מ</ManufacturerName>
      <ManufactureCountry>לא ידוע</ManufactureCountry>
      <ManufacturerItemDescription>וופל קלאסי בטעם לימון 200 גרם</ManufacturerItemDescription>
      <UnitQty>גרמים</UnitQty>
      <Quantity>200.00</Quantity>
      <UnitOfMeasure>100 גרם</UnitOfMeasure>
      <bIsWeighted>0</bIsWeighted>
      <QtyInPackage>1</QtyInPackage>
      <ItemPrice>3.90</ItemPrice>
      <UnitOfMeasurePrice>1.9500</UnitOfMeasurePrice>
      <AllowDiscount>1</AllowDiscount>
      <ItemStatus>1</ItemStatus>
      <ItemId>49307</ItemId>
    </Item>
    <Item>
      <PriceUpdateDate>2015-01-01 00:00:00</PriceUpdateDate>
      <ItemCode>7290004236755</ItemCode>
      <ItemType>1</ItemType>
      <ItemName>דובשניות 550 גרם</ItemName>
      <ManufacturerName>אחים פפושדו ובניהם ב</ManufacturerName>
      <ManufactureCountry>לא ידוע</ManufactureCountry>
      <ManufacturerItemDescription>דובשניות 550 גרם</ManufacturerItemDescription>
      <UnitQty>גרמים</UnitQty>
      <Quantity>550.00</Quantity>
      <UnitOfMeasure>100 גרם</UnitOfMeasure>
      <bIsWeighted>0</bIsWeighted>
      <QtyInPackage>1</QtyInPackage>
      <ItemPrice>14.30</ItemPrice>
      <UnitOfMeasurePrice>2.6000</UnitOfMeasurePrice>
      <AllowDiscount>1</AllowDiscount>
      <ItemStatus>1</ItemStatus>
      <ItemId>49313</ItemId>
    </Item>
    <Item>
      <PriceUpdateDate>2015-10-01 06:13:55</PriceUpdateDate>
      <ItemCode>44164001398</ItemCode>
      <ItemType>1</ItemType>
      <ItemName>נר נשמה שבועי</ItemName>
      <ManufacturerName>גורי</ManufacturerName>
      <ManufactureCountry>ישראל</ManufactureCountry>
      <ManufacturerItemDescription>נר נשמה 7 ימים</ManufacturerItemDescription>
      <UnitQty>Unknown </UnitQty>
      <Quantity>0.00</Quantity>
      <UnitOfMeasure>Unknown </UnitOfMeasure>
      <bIsWeighted>0</bIsWeighted>
      <QtyInPackage>1</QtyInPackage>
      <ItemPrice>14.80</ItemPrice>
      <UnitOfMeasurePrice>0.0000</UnitOfMeasurePrice>
      <AllowDiscount>1</AllowDiscount>
      <ItemStatus>1</ItemStatus>
      <ItemId>49315</ItemId>
    </Item>
    <Item>
      <PriceUpdateDate>2015-10-01 06:15:03</PriceUpdateDate>
      <ItemCode>7290102060955</ItemCode>
      <ItemType>1</ItemType>
      <ItemName>מרידול משפחתי 100 מל</ItemName>
      <ManufacturerName>Colgate (Euro)-Palmo</ManufacturerName>
      <ManufactureCountry>לא ידוע</ManufactureCountry>
      <ManufacturerItemDescription>מרידול משפחתי 100 מל                   .</ManufacturerItemDescription>
      <UnitQty>מיליליטרים</UnitQty>
      <Quantity>100.00</Quantity>
      <UnitOfMeasure>100 מ"ל</UnitOfMeasure>
      <bIsWeighted>0</bIsWeighted>
      <QtyInPackage>1</QtyInPackage>
      <ItemPrice>21.70</ItemPrice>
      <UnitOfMeasurePrice>21.7000</UnitOfMeasurePrice>
      <AllowDiscount>1</AllowDiscount>
      <ItemStatus>1</ItemStatus>
      <ItemId>49473</ItemId>
    </Item>
    <Item>
      <PriceUpdateDate>2015-10-01 06:14:16</PriceUpdateDate>
      <ItemCode>7290015150033</ItemCode>
      <ItemType>1</ItemType>
      <ItemName>תה ירוק ספייסי נענע</ItemName>
      <ManufacturerName>ויסוצקי</ManufacturerName>
      <ManufactureCountry>ישראל</ManufactureCountry>
      <ManufacturerItemDescription>תה ירוק ספייסי נענע</ManufacturerItemDescription>
      <UnitQty>גרמים</UnitQty>
      <Quantity>50.00</Quantity>
      <UnitOfMeasure>100 גרם</UnitOfMeasure>
      <bIsWeighted>0</bIsWeighted>
      <QtyInPackage>1</QtyInPackage>
      <ItemPrice>26.60</ItemPrice>
      <UnitOfMeasurePrice>53.2000</UnitOfMeasurePrice>
      <AllowDiscount>1</AllowDiscount>
      <ItemStatus>1</ItemStatus>
      <ItemId>98550</ItemId>
    </Item>
    <Item>
      <PriceUpdateDate>2016-02-24 14:15:25</PriceUpdateDate>
      <ItemCode>7290105964564</ItemCode>
      <ItemType>1</ItemType>
      <ItemName>סלט חומוס אחלה 400 ג</ItemName>
      <ManufacturerName>שטראוס גרופ</ManufacturerName>
      <ManufactureCountry>ישראל</ManufactureCountry>
      <ManufacturerItemDescription>סלט חומוס אחלה 400 גרם</ManufacturerItemDescription>
      <UnitQty>גרמים</UnitQty>
      <Quantity>400.00</Quantity>
      <UnitOfMeasure>100 גרם</UnitOfMeasure>
      <bIsWeighted>0</bIsWeighted>
      <QtyInPackage>1</QtyInPackage>
      <ItemPrice>9.90</ItemPrice>
      <UnitOfMeasurePrice>2.4750</UnitOfMeasurePrice>
      <AllowDiscount>1</AllowDiscount>
      <ItemStatus>1</ItemStatus>
      <ItemId>108914</ItemId>
    </Item>
    <Item>
      <PriceUpdateDate>2015-08-13 07:57:07</PriceUpdateDate>
      <ItemCode>5000159407236</ItemCode>
      <ItemType>1</ItemType>
      <ItemName>חטיף מרס</ItemName>
      <ManufacturerName>מרס</ManufacturerName>
      <ManufactureCountry>הולנד</ManufactureCountry>
      <ManufacturerItemDescription>חטיף מרס 51 גרם</ManufacturerItemDescription>
      <UnitQty>גרמים</UnitQty>
      <Quantity>51.00</Quantity>
      <UnitOfMeasure>100 גרם</UnitOfMeasure>
      <bIsWeighted>0</bIsWeighted>
      <QtyInPackage>1</QtyInPackage>
      <ItemPrice>4.70</ItemPrice>
      <UnitOfMeasurePrice>9.2157</UnitOfMeasurePrice>
      <AllowDiscount>1</AllowDiscount>
      <ItemStatus>1</ItemStatus>
      <ItemId>49581</ItemId>
    </Item>
    <Item>
      <PriceUpdateDate>2016-05-30 12:15:41</PriceUpdateDate>
      <ItemCode>7290015652551</ItemCode>
      <ItemType>1</ItemType>
      <ItemName>זעתר ושומשום בלדי 15</ItemName>
      <ManufacturerName>נווה התבלין</ManufacturerName>
      <ManufactureCountry>ישראל</ManufactureCountry>
      <ManufacturerItemDescription>זעתר ושומשום בלדי 150 גרם</ManufacturerItemDescription>
      <UnitQty>גרמים</UnitQty>
      <Quantity>150.00</Quantity>
      <UnitOfMeasure>100 גרם</UnitOfMeasure>
      <bIsWeighted>0</bIsWeighted>
      <QtyInPackage>1</QtyInPackage>
      <ItemPrice>15.90</ItemPrice>
      <UnitOfMeasurePrice>10.6000</UnitOfMeasurePrice>
      <AllowDiscount>1</AllowDiscount>
      <ItemStatus>1</ItemStatus>
      <ItemId>109669</ItemId>
    </Item>
    <Item>
      <PriceUpdateDate>2015-10-01 06:16:33</PriceUpdateDate>
      <ItemCode>7290019297444</ItemCode>
      <ItemType>1</ItemType>
      <ItemName>פקאן טבעי 100 גרם</ItemName>
      <ManufacturerName>דין שיווק וקליה בע"מ</ManufacturerName>
      <ManufactureCountry>ארצות הברית</ManufactureCountry>
      <ManufacturerItemDescription>פקאן טבעי 100 גרם</ManufacturerItemDescription>
      <UnitQty>גרמים</UnitQty>
      <Quantity>100.00</Quantity>
      <UnitOfMeasure>100 גרם</UnitOfMeasure>
      <bIsWeighted>0</bIsWeighted>
      <QtyInPackage>1</QtyInPackage>
      <ItemPrice>15.50</ItemPrice>
      <UnitOfMeasurePrice>15.5000</UnitOfMeasurePrice>
      <AllowDiscount>1</AllowDiscount>
      <ItemStatus>1</ItemStatus>
      <ItemId>95614</ItemId>
    </Item>
    <Item>
      <PriceUpdateDate>2015-10-01 06:14:40</PriceUpdateDate>
      <ItemCode>7290003260102</ItemCode>
      <ItemType>1</ItemType>
      <ItemName>נייר טואלט משי</ItemName>
      <ManufacturerName>שניר תעשיות</ManufacturerName>
      <ManufactureCountry>ישראל</ManufactureCountry>
      <ManufacturerItemDescription>נייר טואלט משי קומפקט 12 יח</ManufacturerItemDescription>
      <UnitQty>מטרים</UnitQty>
      <Quantity>70700.00</Quantity>
      <UnitOfMeasure>מטר</UnitOfMeasure>
      <bIsWeighted>0</bIsWeighted>
      <QtyInPackage>1</QtyInPackage>
      <ItemPrice>35.20</ItemPrice>
      <UnitOfMeasurePrice>0.0005</UnitOfMeasurePrice>
      <AllowDiscount>1</AllowDiscount>
      <ItemStatus>1</ItemStatus>
      <ItemId>49633</ItemId>
    </Item>
    <Item>
      <PriceUpdateDate>2015-10-01 06:13:38</PriceUpdateDate>
      <ItemCode>7290100242902</ItemCode>
      <ItemType>1</ItemType>
      <ItemName>מרק עדשים</ItemName>
      <ManufacturerName>אתר חיפה אבקות - Foo</ManufacturerName>
      <ManufactureCountry>ישראל</ManufactureCountry>
      <ManufacturerItemDescription>מרק עדשים רכיבים טבעיים 110 גר</ManufacturerItemDescription>
      <UnitQty>גרמים</UnitQty>
      <Quantity>110.00</Quantity>
      <UnitOfMeasure>100 גרם</UnitOfMeasure>
      <bIsWeighted>0</bIsWeighted>
      <QtyInPackage>1</QtyInPackage>
      <ItemPrice>15.20</ItemPrice>
      <UnitOfMeasurePrice>13.8182</UnitOfMeasurePrice>
      <AllowDiscount>1</AllowDiscount>
      <ItemStatus>1</ItemStatus>
      <ItemId>49659</ItemId>
    </Item>
    <Item>
      <PriceUpdateDate>2015-10-01 06:13:20</PriceUpdateDate>
      <ItemCode>72993781</ItemCode>
      <ItemType>1</ItemType>
      <ItemName>חטיף פסק זמן ROLL לב</ItemName>
      <ManufacturerName>שטראוס גרופ</ManufacturerName>
      <ManufactureCountry>ישראל</ManufactureCountry>
      <ManufacturerItemDescription>חטיף פסק זמן ROLL לבן40 גרם</ManufacturerItemDescription>
      <UnitQty>גרמים</UnitQty>
      <Quantity>40.00</Quantity>
      <UnitOfMeasure>100 גרם</UnitOfMeasure>
      <bIsWeighted>0</bIsWeighted>
      <QtyInPackage>1</QtyInPackage>
      <ItemPrice>5.70</ItemPrice>
      <UnitOfMeasurePrice>14.2500</UnitOfMeasurePrice>
      <AllowDiscount>1</AllowDiscount>
      <ItemStatus>1</ItemStatus>
      <ItemId>49777</ItemId>
    </Item>
    <Item>
      <PriceUpdateDate>2015-10-01 06:13:20</PriceUpdateDate>
      <ItemCode>72993767</ItemCode>
      <ItemType>1</ItemType>
      <ItemName>חטיף פסק זמן ROLL אג</ItemName>
      <ManufacturerName>שטראוס גרופ</ManufacturerName>
      <ManufactureCountry>ישראל</ManufactureCountry>
      <ManufacturerItemDescription>חטיף פסק זמן ROLL אגוזים40 גרם</ManufacturerItemDescription>
      <UnitQty>גרמים</UnitQty>
      <Quantity>40.00</Quantity>
      <UnitOfMeasure>100 גרם</UnitOfMeasure>
      <bIsWeighted>0</bIsWeighted>
      <QtyInPackage>1</QtyInPackage>
      <ItemPrice>5.70</ItemPrice>
      <UnitOfMeasurePrice>14.2500</UnitOfMeasurePrice>
      <AllowDiscount>1</AllowDiscount>
      <ItemStatus>1</ItemStatus>
      <ItemId>49792</ItemId>
    </Item>
    <Item>
      <PriceUpdateDate>2015-01-01 00:00:00</PriceUpdateDate>
      <ItemCode>7290012345692</ItemCode>
      <ItemType>1</ItemType>
      <ItemName>מטרייה מיני חלקה</ItemName>
      <ManufacturerName>יושלם</ManufacturerName>
      <ManufactureCountry>יושלם</ManufactureCountry>
      <ManufacturerItemDescription>מטרייה מיני חלקה</ManufacturerItemDescription>
      <UnitQty>Unknown </UnitQty>
      <Quantity>0.00</Quantity>
      <UnitOfMeasure>Unknown </UnitOfMeasure>
      <bIsWeighted>0</bIsWeighted>
      <QtyInPackage>1</QtyInPackage>
      <ItemPrice>0.00</ItemPrice>
      <UnitOfMeasurePrice>0.0000</UnitOfMeasurePrice>
      <AllowDiscount>1</AllowDiscount>
      <ItemStatus>1</ItemStatus>
      <ItemId>49813</ItemId>
    </Item>
    <Item>
      <PriceUpdateDate>2015-01-01 00:00:00</PriceUpdateDate>
      <ItemCode>5904941751302</ItemCode>
      <ItemType>1</ItemType>
      <ItemName>משקה אנרגיה</ItemName>
      <ManufacturerName>בני פאוזי שמשום 2009</ManufacturerName>
      <ManufactureCountry>לא ידוע</ManufactureCountry>
      <ManufacturerItemDescription>משקה אנרגיה                     BLU 250</ManufacturerItemDescription>
      <UnitQty>מיליליטרים</UnitQty>
      <Quantity>250.00</Quantity>
      <UnitOfMeasure>100 מ"ל</UnitOfMeasure>
      <bIsWeighted>0</bIsWeighted>
      <QtyInPackage>1</QtyInPackage>
      <ItemPrice>4.60</ItemPrice>
      <UnitOfMeasurePrice>1.8400</UnitOfMeasurePrice>
      <AllowDiscount>1</AllowDiscount>
      <ItemStatus>1</ItemStatus>
      <ItemId>49876</ItemId>
    </Item>
    <Item>
      <PriceUpdateDate>2015-10-22 07:56:49</PriceUpdateDate>
      <ItemCode>4005808650712</ItemCode>
      <ItemType>1</ItemType>
      <ItemName>לבלו שפתון דובדבן</ItemName>
      <ManufacturerName>ביסיצורי</ManufacturerName>
      <ManufactureCountry>גרמניה</ManufactureCountry>
      <ManufacturerItemDescription>לבלו שפתון דובדבן</ManufacturerItemDescription>
      <UnitQty>Unknown </UnitQty>
      <Quantity>0.00</Quantity>
      <UnitOfMeasure>Unknown </UnitOfMeasure>
      <bIsWeighted>0</bIsWeighted>
      <QtyInPackage>1</QtyInPackage>
      <ItemPrice>12.90</ItemPrice>
      <UnitOfMeasurePrice>0.0000</UnitOfMeasurePrice>
      <AllowDiscount>1</AllowDiscount>
      <ItemStatus>1</ItemStatus>
      <ItemId>49897</ItemId>
    </Item>
    <Item>
      <PriceUpdateDate>2015-10-01 06:16:45</PriceUpdateDate>
      <ItemCode>7290008713924</ItemCode>
      <ItemType>1</ItemType>
      <ItemName>לחם שיפון וגרעיני</ItemName>
      <ManufacturerName>מאפיית אנג'ל</ManufacturerName>
      <ManufactureCountry>ישראל</ManufactureCountry>
      <ManufacturerItemDescription>לחם שיפון וגרעיני דלעת 750 גרם</ManufacturerItemDescription>
      <UnitQty>גרמים</UnitQty>
      <Quantity>750.00</Quantity>
      <UnitOfMeasure>100 גרם</UnitOfMeasure>
      <bIsWeighted>0</bIsWeighted>
      <QtyInPackage>1</QtyInPackage>
      <ItemPrice>12.80</ItemPrice>
      <UnitOfMeasurePrice>1.7067</UnitOfMeasurePrice>
      <AllowDiscount>1</AllowDiscount>
      <ItemStatus>1</ItemStatus>
      <ItemId>50049</ItemId>
    </Item>
    <Item>
      <PriceUpdateDate>2015-07-24 06:45:12</PriceUpdateDate>
      <ItemCode>7290006732668</ItemCode>
      <ItemType>1</ItemType>
      <ItemName>ע.שושנים טריפל שוקול</ItemName>
      <ManufacturerName>קונדיטוריות לחמי</ManufacturerName>
      <ManufactureCountry>ישראל</ManufactureCountry>
      <ManufacturerItemDescription>עוגת שמרים שושנים טריפל שוקולד</ManufacturerItemDescription>
      <UnitQty>גרמים</UnitQty>
      <Quantity>400.00</Quantity>
      <UnitOfMeasure>100 גרם</UnitOfMeasure>
      <bIsWeighted>0</bIsWeighted>
      <QtyInPackage>1</QtyInPackage>
      <ItemPrice>19.70</ItemPrice>
      <UnitOfMeasurePrice>4.9250</UnitOfMeasurePrice>
      <AllowDiscount>1</AllowDiscount>
      <ItemStatus>1</ItemStatus>
      <ItemId>50125</ItemId>
    </Item>
    <Item>
      <PriceUpdateDate>2015-01-01 00:00:00</PriceUpdateDate>
      <ItemCode>7290104962127</ItemCode>
      <ItemType>1</ItemType>
      <ItemName>דאו סטיק נושם</ItemName>
      <ManufacturerName>אמיליה קוסמטיקס</ManufacturerName>
      <ManufactureCountry>ישראל</ManufactureCountry>
      <ManufacturerItemDescription>דאו סטיק נושם בנות 50 מל</ManufacturerItemDescription>
      <UnitQty>Unknown </UnitQty>
      <Quantity>0.00</Quantity>
      <UnitOfMeasure>Unknown </UnitOfMeasure>
      <bIsWeighted>0</bIsWeighted>
      <QtyInPackage>1</QtyInPackage>
      <ItemPrice>16.90</ItemPrice>
      <UnitOfMeasurePrice>0.0000</UnitOfMeasurePrice>
      <AllowDiscount>1</AllowDiscount>
      <ItemStatus>1</ItemStatus>
      <ItemId>93380</ItemId>
    </Item>
    <Item>
      <PriceUpdateDate>2015-01-01 00:00:00</PriceUpdateDate>
      <ItemCode>7290000189871</ItemCode>
      <ItemType>1</ItemType>
      <ItemName>ש.אשפה מתכלות 60 יח</ItemName>
      <ManufacturerName>אשפלסט</ManufacturerName>
      <ManufactureCountry>ישראל</ManufactureCountry>
      <ManufacturerItemDescription>ש.אשפה מתכלות 60 יח</ManufacturerItemDescription>
      <UnitQty>Unknown </UnitQty>
      <Quantity>0.00</Quantity>
      <UnitOfMeasure>Unknown </UnitOfMeasure>
      <bIsWeighted>0</bIsWeighted>
      <QtyInPackage>1</QtyInPackage>
      <ItemPrice>24.90</ItemPrice>
      <UnitOfMeasurePrice>0.0000</UnitOfMeasurePrice>
      <AllowDiscount>1</AllowDiscount>
      <ItemStatus>1</ItemStatus>
      <ItemId>50138</ItemId>
    </Item>
    <Item>
      <PriceUpdateDate>2016-01-21 09:58:48</PriceUpdateDate>
      <ItemCode>7296058000304</ItemCode>
      <ItemType>1</ItemType>
      <ItemName>חטיפי פריכונים תפוח</ItemName>
      <ManufacturerName>פרח תעשיות מזון בע"מ</ManufacturerName>
      <ManufactureCountry>ישראל</ManufactureCountry>
      <ManufacturerItemDescription>חטיפי פריכונים תפוח וקינמון40ג</ManufacturerItemDescription>
      <UnitQty>גרמים</UnitQty>
      <Quantity>40.00</Quantity>
      <UnitOfMeasure>100 גרם</UnitOfMeasure>
      <bIsWeighted>0</bIsWeighted>
      <QtyInPackage>1</QtyInPackage>
      <ItemPrice>7.40</ItemPrice>
      <UnitOfMeasurePrice>18.5000</UnitOfMeasurePrice>
      <AllowDiscount>1</AllowDiscount>
      <ItemStatus>1</ItemStatus>
      <ItemId>50158</ItemId>
    </Item>
    <Item>
      <PriceUpdateDate>2015-10-01 06:17:39</PriceUpdateDate>
      <ItemCode>7296058000311</ItemCode>
      <ItemType>1</ItemType>
      <ItemName>חטיפי פריכונים זעתר</ItemName>
      <ManufacturerName>פרח תעשיות מזון בע"מ</ManufacturerName>
      <ManufactureCountry>ישראל</ManufactureCountry>
      <ManufacturerItemDescription>חטיפי פריכונים זעתר 40 גר              "</ManufacturerItemDescription>
      <UnitQty>גרמים</UnitQty>
      <Quantity>40.00</Quantity>
      <UnitOfMeasure>100 גרם</UnitOfMeasure>
      <bIsWeighted>0</bIsWeighted>
      <QtyInPackage>1</QtyInPackage>
      <ItemPrice>7.40</ItemPrice>
      <UnitOfMeasurePrice>18.5000</UnitOfMeasurePrice>
      <AllowDiscount>1</AllowDiscount>
      <ItemStatus>1</ItemStatus>
      <ItemId>50159</ItemId>
    </Item>
    <Item>
      <PriceUpdateDate>2015-10-01 06:17:24</PriceUpdateDate>
      <ItemCode>7290100230145</ItemCode>
      <ItemType>1</ItemType>
      <ItemName>חלה מתוקה</ItemName>
      <ManufacturerName>בונזור</ManufacturerName>
      <ManufactureCountry>ישראל</ManufactureCountry>
      <ManufacturerItemDescription>חלה מתוקה חצי אפויה</ManufacturerItemDescription>
      <UnitQty>Unknown </UnitQty>
      <Quantity>0.00</Quantity>
      <UnitOfMeasure>Unknown </UnitOfMeasure>
      <bIsWeighted>0</bIsWeighted>
      <QtyInPackage>1</QtyInPackage>
      <ItemPrice>9.90</ItemPrice>
      <UnitOfMeasurePrice>0.0000</UnitOfMeasurePrice>
      <AllowDiscount>1</AllowDiscount>
      <ItemStatus>1</ItemStatus>
      <ItemId>73734</ItemId>
    </Item>
    <Item>
      <PriceUpdateDate>2016-01-10 09:02:45</PriceUpdateDate>
      <ItemCode>7290012193125</ItemCode>
      <ItemType>1</ItemType>
      <ItemName>סוכרלוז מרמולייט 150</ItemName>
      <ManufacturerName>קיפל</ManufacturerName>
      <ManufactureCountry>ישראל</ManufactureCountry>
      <ManufacturerItemDescription>סוכרלוז מרמולייט 150 יחידות</ManufacturerItemDescription>
      <UnitQty>Unknown </UnitQty>
      <Quantity>0.00</Quantity>
      <UnitOfMeasure>Unknown </UnitOfMeasure>
      <bIsWeighted>0</bIsWeighted>
      <QtyInPackage>1</QtyInPackage>
      <ItemPrice>31.90</ItemPrice>
      <UnitOfMeasurePrice>0.0000</UnitOfMeasurePrice>
      <AllowDiscount>1</AllowDiscount>
      <ItemStatus>1</ItemStatus>
      <ItemId>50198</ItemId>
    </Item>
    <Item>
      <PriceUpdateDate>2015-10-01 06:14:46</PriceUpdateDate>
      <ItemCode>7290104962134</ItemCode>
      <ItemType>1</ItemType>
      <ItemName>דאו רולאון נושם בנות</ItemName>
      <ManufacturerName>אמיליה קוסמטיקס</ManufacturerName>
      <ManufactureCountry>ישראל</ManufactureCountry>
      <ManufacturerItemDescription>דאו רולאון נושם בנות</ManufacturerItemDescription>
      <UnitQty>גרמים</UnitQty>
      <Quantity>119.00</Quantity>
      <UnitOfMeasure>100 גרם</UnitOfMeasure>
      <bIsWeighted>0</bIsWeighted>
      <QtyInPackage>1</QtyInPackage>
      <ItemPrice>15.70</ItemPrice>
      <UnitOfMeasurePrice>13.1933</UnitOfMeasurePrice>
      <AllowDiscount>1</AllowDiscount>
      <ItemStatus>1</ItemStatus>
      <ItemId>93381</ItemId>
    </Item>
    <Item>
      <PriceUpdateDate>2016-06-15 07:40:01</PriceUpdateDate>
      <ItemCode>7290013440525</ItemCode>
      <ItemType>1</ItemType>
      <ItemName>שלגון קראנץ "רולס שו</ItemName>
      <ManufacturerName>נגה גלידות</ManufacturerName>
      <ManufactureCountry>ישראל</ManufactureCountry>
      <ManufacturerItemDescription>שלגון קראנץ רולס שוקולד לבן</ManufacturerItemDescription>
      <UnitQty>גרמים</UnitQty>
      <Quantity>72.00</Quantity>
      <UnitOfMeasure>100 גרם</UnitOfMeasure>
      <bIsWeighted>0</bIsWeighted>
      <QtyInPackage>1</QtyInPackage>
      <ItemPrice>9.80</ItemPrice>
      <UnitOfMeasurePrice>13.6111</UnitOfMeasurePrice>
      <AllowDiscount>1</AllowDiscount>
      <ItemStatus>1</ItemStatus>
      <ItemId>72901</ItemId>
    </Item>
    <Item>
      <PriceUpdateDate>2015-11-05 08:17:51</PriceUpdateDate>
      <ItemCode>7290005287251</ItemCode>
      <ItemType>1</ItemType>
      <ItemName>טונהסטארקיסט מים1/4</ItemName>
      <ManufacturerName>סטארקיסט</ManufacturerName>
      <ManufactureCountry>ישראל</ManufactureCountry>
      <ManufacturerItemDescription>טונה סטארקיסט במים 160X1/4 גרם</ManufacturerItemDescription>
      <UnitQty>גרמים</UnitQty>
      <Quantity>640.00</Quantity>
      <UnitOfMeasure>100 גרם</UnitOfMeasure>
      <bIsWeighted>0</bIsWeighted>
      <QtyInPackage>1</QtyInPackage>
      <ItemPrice>26.90</ItemPrice>
      <UnitOfMeasurePrice>4.2031</UnitOfMeasurePrice>
      <AllowDiscount>1</AllowDiscount>
      <ItemStatus>1</ItemStatus>
      <ItemId>50247</ItemId>
    </Item>
    <Item>
      <PriceUpdateDate>2016-06-06 11:36:03</PriceUpdateDate>
      <ItemCode>7290105431868</ItemCode>
      <ItemType>1</ItemType>
      <ItemName>פלמוליב סבון נוזלי</ItemName>
      <ManufacturerName>COLGATE ($) -PALMOLI</ManufacturerName>
      <ManufactureCountry>טורקיה</ManufactureCountry>
      <ManufacturerItemDescription>פלמוליב סבון נוזלי ספא קוקוס</ManufacturerItemDescription>
      <UnitQty>מיליליטרים</UnitQty>
      <Quantity>500.00</Quantity>
      <UnitOfMeasure>100 מ"ל</UnitOfMeasure>
      <bIsWeighted>0</bIsWeighted>
      <QtyInPackage>1</QtyInPackage>
      <ItemPrice>22.90</ItemPrice>
      <UnitOfMeasurePrice>4.5800</UnitOfMeasurePrice>
      <AllowDiscount>1</AllowDiscount>
      <ItemStatus>1</ItemStatus>
      <ItemId>93382</ItemId>
    </Item>
    <Item>
      <PriceUpdateDate>2015-10-01 06:13:20</PriceUpdateDate>
      <ItemCode>7290103401276</ItemCode>
      <ItemType>1</ItemType>
      <ItemName>מעדן תאנים 100% פרי</ItemName>
      <ManufacturerName>בית אל מזון בע"מ</ManufacturerName>
      <ManufactureCountry>ישראל</ManufactureCountry>
      <ManufacturerItemDescription>מעדן תאנים 100% פרי 250 גרם</ManufacturerItemDescription>
      <UnitQty>גרמים</UnitQty>
      <Quantity>250.00</Quantity>
      <UnitOfMeasure>100 גרם</UnitOfMeasure>
      <bIsWeighted>0</bIsWeighted>
      <QtyInPackage>1</QtyInPackage>
      <ItemPrice>14.20</ItemPrice>
      <UnitOfMeasurePrice>5.6800</UnitOfMeasurePrice>
      <AllowDiscount>1</AllowDiscount>
      <ItemStatus>1</ItemStatus>
      <ItemId>50412</ItemId>
    </Item>
    <Item>
      <PriceUpdateDate>2015-10-01 06:17:29</PriceUpdateDate>
      <ItemCode>5413149695986</ItemCode>
      <ItemType>1</ItemType>
      <ItemName>אבקת כביסה תינוקלין</ItemName>
      <ManufacturerName>פרוקטר אנד גמבל</ManufacturerName>
      <ManufactureCountry>טורקיה</ManufactureCountry>
      <ManufacturerItemDescription>אבקת כביסה תינוקלין 1.25 ק"ג</ManufacturerItemDescription>
      <UnitQty>קילוגרמים</UnitQty>
      <Quantity>1.25</Quantity>
      <UnitOfMeasure>ק"ג</UnitOfMeasure>
      <bIsWeighted>0</bIsWeighted>
      <QtyInPackage>1</QtyInPackage>
      <ItemPrice>25.60</ItemPrice>
      <UnitOfMeasurePrice>20.4800</UnitOfMeasurePrice>
      <AllowDiscount>1</AllowDiscount>
      <ItemStatus>1</ItemStatus>
      <ItemId>50652</ItemId>
    </Item>
    <Item>
      <PriceUpdateDate>2015-10-01 06:13:05</PriceUpdateDate>
      <ItemCode>5010182998861</ItemCode>
      <ItemType>1</ItemType>
      <ItemName>טואלט דאק נוזל ירוק</ItemName>
      <ManufacturerName>SC Jonson</ManufacturerName>
      <ManufactureCountry>הולנד</ManufactureCountry>
      <ManufacturerItemDescription>טואלט דאק נוזל ירוק רענן 750 מ</ManufacturerItemDescription>
      <UnitQty>מיליליטרים</UnitQty>
      <Quantity>750.00</Quantity>
      <UnitOfMeasure>100 מ"ל</UnitOfMeasure>
      <bIsWeighted>0</bIsWeighted>
      <QtyInPackage>1</QtyInPackage>
      <ItemPrice>11.80</ItemPrice>
      <UnitOfMeasurePrice>1.5733</UnitOfMeasurePrice>
      <AllowDiscount>1</AllowDiscount>
      <ItemStatus>1</ItemStatus>
      <ItemId>71530</ItemId>
    </Item>
    <Item>
      <PriceUpdateDate>2015-11-10 08:14:03</PriceUpdateDate>
      <ItemCode>7290005287206</ItemCode>
      <ItemType>1</ItemType>
      <ItemName>טונה סטארקיסט בשמן</ItemName>
      <ManufacturerName>סטארקיסט</ManufacturerName>
      <ManufactureCountry>ישראל</ManufactureCountry>
      <ManufacturerItemDescription>טונה סטארקיסט בשמן              640 1/4</ManufacturerItemDescription>
      <UnitQty>גרמים</UnitQty>
      <Quantity>640.00</Quantity>
      <UnitOfMeasure>100 גרם</UnitOfMeasure>
      <bIsWeighted>0</bIsWeighted>
      <QtyInPackage>1</QtyInPackage>
      <ItemPrice>27.60</ItemPrice>
      <UnitOfMeasurePrice>4.3125</UnitOfMeasurePrice>
      <AllowDiscount>1</AllowDiscount>
      <ItemStatus>1</ItemStatus>
      <ItemId>55597</ItemId>
    </Item>
    <Item>
      <PriceUpdateDate>2015-10-01 06:13:29</PriceUpdateDate>
      <ItemCode>7290106663503</ItemCode>
      <ItemType>1</ItemType>
      <ItemName>קונפיטורה לייט תות</ItemName>
      <ManufacturerName>בית אל מזון בע"מ</ManufacturerName>
      <ManufactureCountry>ישראל</ManufactureCountry>
      <ManufacturerItemDescription>קונפיטורה לייט תות</ManufacturerItemDescription>
      <UnitQty>גרמים</UnitQty>
      <Quantity>230.00</Quantity>
      <UnitOfMeasure>100 גרם</UnitOfMeasure>
      <bIsWeighted>0</bIsWeighted>
      <QtyInPackage>1</QtyInPackage>
      <ItemPrice>15.70</ItemPrice>
      <UnitOfMeasurePrice>6.8261</UnitOfMeasurePrice>
      <AllowDiscount>1</AllowDiscount>
      <ItemStatus>1</ItemStatus>
      <ItemId>99990</ItemId>
    </Item>
    <Item>
      <PriceUpdateDate>2016-06-15 07:40:01</PriceUpdateDate>
      <ItemCode>7290001778203</ItemCode>
      <ItemType>1</ItemType>
      <ItemName>גביע נגה קול  יחידה</ItemName>
      <ManufacturerName>נגה גלידות</ManufacturerName>
      <ManufactureCountry>ישראל</ManufactureCountry>
      <ManufacturerItemDescription>גביע נגה קול  יחידה</ManufacturerItemDescription>
      <UnitQty>Unknown </UnitQty>
      <Quantity>0.00</Quantity>
      <UnitOfMeasure>Unknown </UnitOfMeasure>
      <bIsWeighted>0</bIsWeighted>
      <QtyInPackage>1</QtyInPackage>
      <ItemPrice>8.80</ItemPrice>
      <UnitOfMeasurePrice>0.0000</UnitOfMeasurePrice>
      <AllowDiscount>1</AllowDiscount>
      <ItemStatus>1</ItemStatus>
      <ItemId>55634</ItemId>
    </Item>
    <Item>
      <PriceUpdateDate>2015-10-01 06:15:14</PriceUpdateDate>
      <ItemCode>7290010237562</ItemCode>
      <ItemType>1</ItemType>
      <ItemName>מירנדה          500</ItemName>
      <ManufacturerName>טמפו</ManufacturerName>
      <ManufactureCountry>ישראל</ManufactureCountry>
      <ManufacturerItemDescription>מירנדה 500 מל</ManufacturerItemDescription>
      <UnitQty>מיליליטרים</UnitQty>
      <Quantity>500.00</Quantity>
      <UnitOfMeasure>100 מ"ל</UnitOfMeasure>
      <bIsWeighted>0</bIsWeighted>
      <QtyInPackage>1</QtyInPackage>
      <ItemPrice>6.90</ItemPrice>
      <UnitOfMeasurePrice>1.3800</UnitOfMeasurePrice>
      <AllowDiscount>1</AllowDiscount>
      <ItemStatus>1</ItemStatus>
      <ItemId>55713</ItemId>
    </Item>
    <Item>
      <PriceUpdateDate>2015-10-01 06:13:53</PriceUpdateDate>
      <ItemCode>7290000315362</ItemCode>
      <ItemType>1</ItemType>
      <ItemName>קורנפלקס 500 גר כשלפ</ItemName>
      <ManufacturerName>יוניליוור</ManufacturerName>
      <ManufactureCountry>ישראל</ManufactureCountry>
      <ManufacturerItemDescription>קורנפלקס 500 גרם כשלפ</ManufacturerItemDescription>
      <UnitQty>גרמים</UnitQty>
      <Quantity>500.00</Quantity>
      <UnitOfMeasure>100 גרם</UnitOfMeasure>
      <bIsWeighted>0</bIsWeighted>
      <QtyInPackage>1</QtyInPackage>
      <ItemPrice>19.70</ItemPrice>
      <UnitOfMeasurePrice>3.9400</UnitOfMeasurePrice>
      <AllowDiscount>1</AllowDiscount>
      <ItemStatus>1</ItemStatus>
      <ItemId>51563</ItemId>
    </Item>
    <Item>
      <PriceUpdateDate>2015-01-01 00:00:00</PriceUpdateDate>
      <ItemCode>7290000070384</ItemCode>
      <ItemType>1</ItemType>
      <ItemName>מרק עדיף כשלפ</ItemName>
      <ManufacturerName>אסם</ManufacturerName>
      <ManufactureCountry>לא ידוע</ManufactureCountry>
      <ManufacturerItemDescription>מרק עדיף400 גר .כשלפ</ManufacturerItemDescription>
      <UnitQty>גרמים</UnitQty>
      <Quantity>400.00</Quantity>
      <UnitOfMeasure>100 גרם</UnitOfMeasure>
      <bIsWeighted>0</bIsWeighted>
      <QtyInPackage>1</QtyInPackage>
      <ItemPrice>19.30</ItemPrice>
      <UnitOfMeasurePrice>4.8250</UnitOfMeasurePrice>
      <AllowDiscount>1</AllowDiscount>
      <ItemStatus>1</ItemStatus>
      <ItemId>50774</ItemId>
    </Item>
    <Item>
      <PriceUpdateDate>2016-03-15 16:18:57</PriceUpdateDate>
      <ItemCode>645692555959</ItemCode>
      <ItemType>1</ItemType>
      <ItemName>מצה עשירה פרח קטן</ItemName>
      <ManufacturerName>אחים פפושדו ובניהם ב</ManufacturerName>
      <ManufactureCountry>ישראל</ManufactureCountry>
      <ManufacturerItemDescription>מצה עשירה פרח קטן 400 גר</ManufacturerItemDescription>
      <UnitQty>גרמים</UnitQty>
      <Quantity>400.00</Quantity>
      <UnitOfMeasure>100 גרם</UnitOfMeasure>
      <bIsWeighted>0</bIsWeighted>
      <QtyInPackage>1</QtyInPackage>
      <ItemPrice>11.90</ItemPrice>
      <UnitOfMeasurePrice>2.9750</UnitOfMeasurePrice>
      <AllowDiscount>1</AllowDiscount>
      <ItemStatus>1</ItemStatus>
      <ItemId>51578</ItemId>
    </Item>
    <Item>
      <PriceUpdateDate>2015-01-01 00:00:00</PriceUpdateDate>
      <ItemCode>7290003411399</ItemCode>
      <ItemType>1</ItemType>
      <ItemName>פרורי לחם200ג"ר</ItemName>
      <ManufacturerName>וודש</ManufacturerName>
      <ManufactureCountry>לא ידוע</ManufactureCountry>
      <ManufacturerItemDescription>פרורי לחם200ג"ר</ManufacturerItemDescription>
      <UnitQty>קילוגרמים</UnitQty>
      <Quantity>0.20</Quantity>
      <UnitOfMeasure>ק"ג</UnitOfMeasure>
      <bIsWeighted>0</bIsWeighted>
      <QtyInPackage>1</QtyInPackage>
      <ItemPrice>5.00</ItemPrice>
      <UnitOfMeasurePrice>25.0000</UnitOfMeasurePrice>
      <AllowDiscount>1</AllowDiscount>
      <ItemStatus>1</ItemStatus>
      <ItemId>55895</ItemId>
    </Item>
    <Item>
      <PriceUpdateDate>2015-01-01 00:00:00</PriceUpdateDate>
      <ItemCode>5400265000015</ItemCode>
      <ItemType>1</ItemType>
      <ItemName>מאפה מבצק עלים-המלט</ItemName>
      <ManufacturerName>המלט</ManufacturerName>
      <ManufactureCountry>בלגיה</ManufactureCountry>
      <ManufacturerItemDescription>מאפה מבצק עלים מסוכר-המלט300 ג</ManufacturerItemDescription>
      <UnitQty>גרמים</UnitQty>
      <Quantity>300.00</Quantity>
      <UnitOfMeasure>100 גרם</UnitOfMeasure>
      <bIsWeighted>0</bIsWeighted>
      <QtyInPackage>1</QtyInPackage>
      <ItemPrice>15.50</ItemPrice>
      <UnitOfMeasurePrice>5.1667</UnitOfMeasurePrice>
      <AllowDiscount>1</AllowDiscount>
      <ItemStatus>1</ItemStatus>
      <ItemId>55959</ItemId>
    </Item>
    <Item>
      <PriceUpdateDate>2015-10-01 06:14:40</PriceUpdateDate>
      <ItemCode>7290012350146</ItemCode>
      <ItemType>1</ItemType>
      <ItemName>תחליב רחצה-סגול</ItemName>
      <ManufacturerName>אמיליה קוסמטיקס</ManufacturerName>
      <ManufactureCountry>ישראל</ManufactureCountry>
      <ManufacturerItemDescription>תחליב רחצה סגול קרליין 700 מל</ManufacturerItemDescription>
      <UnitQty>מיליליטרים</UnitQty>
      <Quantity>700.00</Quantity>
      <UnitOfMeasure>100 מ"ל</UnitOfMeasure>
      <bIsWeighted>0</bIsWeighted>
      <QtyInPackage>1</QtyInPackage>
      <ItemPrice>15.80</ItemPrice>
      <UnitOfMeasurePrice>2.2571</UnitOfMeasurePrice>
      <AllowDiscount>1</AllowDiscount>
      <ItemStatus>1</ItemStatus>
      <ItemId>56246</ItemId>
    </Item>
    <Item>
      <PriceUpdateDate>2015-10-01 06:17:51</PriceUpdateDate>
      <ItemCode>7290000364230</ItemCode>
      <ItemType>1</ItemType>
      <ItemName>פסטרמה כפרית 100 גרם</ItemName>
      <ManufacturerName>טירת צבי</ManufacturerName>
      <ManufactureCountry>ישראל</ManufactureCountry>
      <ManufacturerItemDescription>פסטרמה כפרית 100 גרם</ManufacturerItemDescription>
      <UnitQty>גרמים</UnitQty>
      <Quantity>100.00</Quantity>
      <UnitOfMeasure>100 גרם</UnitOfMeasure>
      <bIsWeighted>0</bIsWeighted>
      <QtyInPackage>1</QtyInPackage>
      <ItemPrice>11.80</ItemPrice>
      <UnitOfMeasurePrice>11.8000</UnitOfMeasurePrice>
      <AllowDiscount>1</AllowDiscount>
      <ItemStatus>1</ItemStatus>
      <ItemId>50811</ItemId>
    </Item>
    <Item>
      <PriceUpdateDate>2015-01-01 00:00:00</PriceUpdateDate>
      <ItemCode>7290004200336</ItemCode>
      <ItemType>1</ItemType>
      <ItemName>שקית בלונים 15 יח</ItemName>
      <ManufacturerName>גמר</ManufacturerName>
      <ManufactureCountry>לא ידוע</ManufactureCountry>
      <ManufacturerItemDescription>שקית בלונים 15 יח  מודפס</ManufacturerItemDescription>
      <UnitQty>Unknown </UnitQty>
      <Quantity>0.00</Quantity>
      <UnitOfMeasure>Unknown </UnitOfMeasure>
      <bIsWeighted>0</bIsWeighted>
      <QtyInPackage>1</QtyInPackage>
      <ItemPrice>14.50</ItemPrice>
      <UnitOfMeasurePrice>0.0000</UnitOfMeasurePrice>
      <AllowDiscount>1</AllowDiscount>
      <ItemStatus>1</ItemStatus>
      <ItemId>94727</ItemId>
    </Item>
    <Item>
      <PriceUpdateDate>2015-10-01 06:17:51</PriceUpdateDate>
      <ItemCode>7290000364506</ItemCode>
      <ItemType>1</ItemType>
      <ItemName>סלמי כפרי 100  גרם</ItemName>
      <ManufacturerName>טירת צבי</ManufacturerName>
      <ManufactureCountry>ישראל</ManufactureCountry>
      <ManufacturerItemDescription>סלמי כפרי 100  גרם</ManufacturerItemDescription>
      <UnitQty>גרמים</UnitQty>
      <Quantity>100.00</Quantity>
      <UnitOfMeasure>100 גרם</UnitOfMeasure>
      <bIsWeighted>0</bIsWeighted>
      <QtyInPackage>1</QtyInPackage>
      <ItemPrice>11.80</ItemPrice>
      <UnitOfMeasurePrice>11.8000</UnitOfMeasurePrice>
      <AllowDiscount>1</AllowDiscount>
      <ItemStatus>1</ItemStatus>
      <ItemId>50812</ItemId>
    </Item>
    <Item>
      <PriceUpdateDate>2015-10-01 06:15:03</PriceUpdateDate>
      <ItemCode>7290101488286</ItemCode>
      <ItemType>1</ItemType>
      <ItemName>דאודורנט ספריי-ורוד</ItemName>
      <ManufacturerName>COLGATE ($) -PALMOLI</ManufacturerName>
      <ManufactureCountry>מקסיקו</ManufactureCountry>
      <ManufacturerItemDescription>ליידי ספיד סטיק ספריי-ורוד          150</ManufacturerItemDescription>
      <UnitQty>מיליליטרים</UnitQty>
      <Quantity>150.00</Quantity>
      <UnitOfMeasure>100 מ"ל</UnitOfMeasure>
      <bIsWeighted>0</bIsWeighted>
      <QtyInPackage>1</QtyInPackage>
      <ItemPrice>24.70</ItemPrice>
      <UnitOfMeasurePrice>16.4667</UnitOfMeasurePrice>
      <AllowDiscount>1</AllowDiscount>
      <ItemStatus>1</ItemStatus>
      <ItemId>56264</ItemId>
    </Item>
    <Item>
      <PriceUpdateDate>2015-10-01 06:18:00</PriceUpdateDate>
      <ItemCode>7290014083424</ItemCode>
      <ItemType>1</ItemType>
      <ItemName>אורז פרסי 1 קג</ItemName>
      <ManufacturerName>תאי גרנלוקס</ManufacturerName>
      <ManufactureCountry>תאילנד</ManufactureCountry>
      <ManufacturerItemDescription>אורז פרסי 1 קג ויליפוד</ManufacturerItemDescription>
      <UnitQty>קילוגרמים</UnitQty>
      <Quantity>1.00</Quantity>
      <UnitOfMeasure>ק"ג</UnitOfMeasure>
      <bIsWeighted>0</bIsWeighted>
      <QtyInPackage>1</QtyInPackage>
      <ItemPrice>7.80</ItemPrice>
      <UnitOfMeasurePrice>7.8000</UnitOfMeasurePrice>
      <AllowDiscount>1</AllowDiscount>
      <ItemStatus>1</ItemStatus>
      <ItemId>99655</ItemId>
    </Item>
    <Item>
      <PriceUpdateDate>2016-06-07 08:19:55</PriceUpdateDate>
      <ItemCode>7290000061450</ItemCode>
      <ItemType>1</ItemType>
      <ItemName>פתיתים קוסקוס3 צבעים</ItemName>
      <ManufacturerName>אסם</ManufacturerName>
      <ManufactureCountry>לא ידוע</ManufactureCountry>
      <ManufacturerItemDescription>פתיתים אפויים קוסקוס 3 צבעים</ManufacturerItemDescription>
      <UnitQty>גרמים</UnitQty>
      <Quantity>500.00</Quantity>
      <UnitOfMeasure>100 גרם</UnitOfMeasure>
      <bIsWeighted>0</bIsWeighted>
      <QtyInPackage>1</QtyInPackage>
      <ItemPrice>8.80</ItemPrice>
      <UnitOfMeasurePrice>1.7600</UnitOfMeasurePrice>
      <AllowDiscount>1</AllowDiscount>
      <ItemStatus>1</ItemStatus>
      <ItemId>56319</ItemId>
    </Item>
    <Item>
      <PriceUpdateDate>2015-10-01 06:13:39</PriceUpdateDate>
      <ItemCode>7290100244142</ItemCode>
      <ItemType>1</ItemType>
      <ItemName>תבשיל אורז מגדרה</ItemName>
      <ManufacturerName>אתר חיפה אבקות - Foo</ManufacturerName>
      <ManufactureCountry>ישראל</ManufactureCountry>
      <ManufacturerItemDescription>תבשיל קנור אורז מגדרה133 גרם</ManufacturerItemDescription>
      <UnitQty>גרמים</UnitQty>
      <Quantity>133.00</Quantity>
      <UnitOfMeasure>100 גרם</UnitOfMeasure>
      <bIsWeighted>0</bIsWeighted>
      <QtyInPackage>1</QtyInPackage>
      <ItemPrice>13.00</ItemPrice>
      <UnitOfMeasurePrice>9.7744</UnitOfMeasurePrice>
      <AllowDiscount>1</AllowDiscount>
      <ItemStatus>1</ItemStatus>
      <ItemId>56335</ItemId>
    </Item>
    <Item>
      <PriceUpdateDate>2015-01-01 00:00:00</PriceUpdateDate>
      <ItemCode>7290000540160</ItemCode>
      <ItemType>1</ItemType>
      <ItemName>עוגיות לא תוספת סוכר</ItemName>
      <ManufacturerName>האחים-יצרני חטיפים ב</ManufacturerName>
      <ManufactureCountry>ישראל</ManufactureCountry>
      <ManufacturerItemDescription>עוגיות ללא תוספת סוכר 500 גרם</ManufacturerItemDescription>
      <UnitQty>גרמים</UnitQty>
      <Quantity>500.00</Quantity>
      <UnitOfMeasure>100 גרם</UnitOfMeasure>
      <bIsWeighted>0</bIsWeighted>
      <QtyInPackage>1</QtyInPackage>
      <ItemPrice>25.30</ItemPrice>
      <UnitOfMeasurePrice>5.0600</UnitOfMeasurePrice>
      <AllowDiscount>1</AllowDiscount>
      <ItemStatus>1</ItemStatus>
      <ItemId>51700</ItemId>
    </Item>
    <Item>
      <PriceUpdateDate>2016-01-01 07:13:24</PriceUpdateDate>
      <ItemCode>7290103401429</ItemCode>
      <ItemType>1</ItemType>
      <ItemName>קפה קצב ברזילאי</ItemName>
      <ManufacturerName>שטראוס גרופ</ManufacturerName>
      <ManufactureCountry>ישראל</ManufactureCountry>
      <ManufacturerItemDescription>קפה קצב ברזילאי 200 גר                 "</ManufacturerItemDescription>
      <UnitQty>גרמים</UnitQty>
      <Quantity>200.00</Quantity>
      <UnitOfMeasure>100 גרם</UnitOfMeasure>
      <bIsWeighted>0</bIsWeighted>
      <QtyInPackage>1</QtyInPackage>
      <ItemPrice>36.50</ItemPrice>
      <UnitOfMeasurePrice>18.2500</UnitOfMeasurePrice>
      <AllowDiscount>1</AllowDiscount>
      <ItemStatus>1</ItemStatus>
      <ItemId>56653</ItemId>
    </Item>
    <Item>
      <PriceUpdateDate>2015-08-09 08:03:30</PriceUpdateDate>
      <ItemCode>7290000060088</ItemCode>
      <ItemType>1</ItemType>
      <ItemName>בייגלה מקלות מלוחים</ItemName>
      <ManufacturerName>אסם</ManufacturerName>
      <ManufactureCountry>לא ידוע</ManufactureCountry>
      <ManufacturerItemDescription>בייגלה מקלות מלוחים 400 גרם</ManufacturerItemDescription>
      <UnitQty>גרמים</UnitQty>
      <Quantity>400.00</Quantity>
      <UnitOfMeasure>100 גרם</UnitOfMeasure>
      <bIsWeighted>0</bIsWeighted>
      <QtyInPackage>1</QtyInPackage>
      <ItemPrice>11.90</ItemPrice>
      <UnitOfMeasurePrice>2.9750</UnitOfMeasurePrice>
      <AllowDiscount>1</AllowDiscount>
      <ItemStatus>1</ItemStatus>
      <ItemId>51034</ItemId>
    </Item>
    <Item>
      <PriceUpdateDate>2015-10-01 06:14:40</PriceUpdateDate>
      <ItemCode>7290012116629</ItemCode>
      <ItemType>1</ItemType>
      <ItemName>סנו די תינוקות/ילדים</ItemName>
      <ManufacturerName>קוסמופארם</ManufacturerName>
      <ManufactureCountry>ישראל</ManufactureCountry>
      <ManufacturerItemDescription>סנו די לתינוקות וילדים 50 מל</ManufacturerItemDescription>
      <UnitQty>מיליליטרים</UnitQty>
      <Quantity>50.00</Quantity>
      <UnitOfMeasure>100 מ"ל</UnitOfMeasure>
      <bIsWeighted>0</bIsWeighted>
      <QtyInPackage>1</QtyInPackage>
      <ItemPrice>21.70</ItemPrice>
      <UnitOfMeasurePrice>43.4000</UnitOfMeasurePrice>
      <AllowDiscount>1</AllowDiscount>
      <ItemStatus>1</ItemStatus>
      <ItemId>56699</ItemId>
    </Item>
    <Item>
      <PriceUpdateDate>2015-01-01 00:00:00</PriceUpdateDate>
      <ItemCode>7290100921173</ItemCode>
      <ItemType>1</ItemType>
      <ItemName>שמפו שמני הזנה - יבש</ItemName>
      <ManufacturerName>טרופיקל דגיל</ManufacturerName>
      <ManufactureCountry>ישראל</ManufactureCountry>
      <ManufacturerItemDescription>הוואי שמפו שמני הזנה-שיער יבש</ManufacturerItemDescription>
      <UnitQty>מיליליטרים</UnitQty>
      <Quantity>700.00</Quantity>
      <UnitOfMeasure>100 מ"ל</UnitOfMeasure>
      <bIsWeighted>0</bIsWeighted>
      <QtyInPackage>1</QtyInPackage>
      <ItemPrice>10.90</ItemPrice>
      <UnitOfMeasurePrice>1.5571</UnitOfMeasurePrice>
      <AllowDiscount>1</AllowDiscount>
      <ItemStatus>1</ItemStatus>
      <ItemId>56707</ItemId>
    </Item>
    <Item>
      <PriceUpdateDate>2015-10-02 09:08:56</PriceUpdateDate>
      <ItemCode>7290002757535</ItemCode>
      <ItemType>1</ItemType>
      <ItemName>בורקס פילו גבינה</ItemName>
      <ManufacturerName>שלושת האופים</ManufacturerName>
      <ManufactureCountry>ישראל</ManufactureCountry>
      <ManufacturerItemDescription>בורקס פילו אצבעות גבינה</ManufacturerItemDescription>
      <UnitQty>גרמים</UnitQty>
      <Quantity>700.00</Quantity>
      <UnitOfMeasure>100 גרם</UnitOfMeasure>
      <bIsWeighted>0</bIsWeighted>
      <QtyInPackage>1</QtyInPackage>
      <ItemPrice>19.90</ItemPrice>
      <UnitOfMeasurePrice>2.8429</UnitOfMeasurePrice>
      <AllowDiscount>1</AllowDiscount>
      <ItemStatus>1</ItemStatus>
      <ItemId>56768</ItemId>
    </Item>
    <Item>
      <PriceUpdateDate>2015-10-01 06:16:17</PriceUpdateDate>
      <ItemCode>3046920029674</ItemCode>
      <ItemType>1</ItemType>
      <ItemName>שוקולד לינדט אקסמלח</ItemName>
      <ManufacturerName>לינדט</ManufacturerName>
      <ManufactureCountry>צרפת</ManufactureCountry>
      <ManufacturerItemDescription>שוקולד לינדט אקסמלח 100 גרם</ManufacturerItemDescription>
      <UnitQty>Unknown </UnitQty>
      <Quantity>0.00</Quantity>
      <UnitOfMeasure>Unknown </UnitOfMeasure>
      <bIsWeighted>0</bIsWeighted>
      <QtyInPackage>1</QtyInPackage>
      <ItemPrice>17.30</ItemPrice>
      <UnitOfMeasurePrice>0.0000</UnitOfMeasurePrice>
      <AllowDiscount>1</AllowDiscount>
      <ItemStatus>1</ItemStatus>
      <ItemId>56769</ItemId>
    </Item>
    <Item>
      <PriceUpdateDate>2015-10-01 06:14:40</PriceUpdateDate>
      <ItemCode>7290012116674</ItemCode>
      <ItemType>1</ItemType>
      <ItemName>דאו גל לגבר קול</ItemName>
      <ManufacturerName>קוסמופארם</ManufacturerName>
      <ManufactureCountry>ישראל</ManufactureCountry>
      <ManufacturerItemDescription>דאו גל קרמה מן קול 75 מל</ManufacturerItemDescription>
      <UnitQty>Unknown </UnitQty>
      <Quantity>0.00</Quantity>
      <UnitOfMeasure>Unknown </UnitOfMeasure>
      <bIsWeighted>0</bIsWeighted>
      <QtyInPackage>1</QtyInPackage>
      <ItemPrice>18.70</ItemPrice>
      <UnitOfMeasurePrice>0.0000</UnitOfMeasurePrice>
      <AllowDiscount>1</AllowDiscount>
      <ItemStatus>1</ItemStatus>
      <ItemId>56776</ItemId>
    </Item>
    <Item>
      <PriceUpdateDate>2015-10-01 06:14:40</PriceUpdateDate>
      <ItemCode>7290012117428</ItemCode>
      <ItemType>1</ItemType>
      <ItemName>קרמה שמפו/גל מעיינות</ItemName>
      <ManufacturerName>קוסמופארם</ManufacturerName>
      <ManufactureCountry>ישראל</ManufactureCountry>
      <ManufacturerItemDescription>גל רחצה ושמפו קרמה מן700 מל</ManufacturerItemDescription>
      <UnitQty>מיליליטרים</UnitQty>
      <Quantity>700.00</Quantity>
      <UnitOfMeasure>100 מ"ל</UnitOfMeasure>
      <bIsWeighted>0</bIsWeighted>
      <QtyInPackage>1</QtyInPackage>
      <ItemPrice>19.70</ItemPrice>
      <UnitOfMeasurePrice>2.8143</UnitOfMeasurePrice>
      <AllowDiscount>1</AllowDiscount>
      <ItemStatus>1</ItemStatus>
      <ItemId>56779</ItemId>
    </Item>
    <Item>
      <PriceUpdateDate>2015-10-01 06:14:40</PriceUpdateDate>
      <ItemCode>7290012117435</ItemCode>
      <ItemType>1</ItemType>
      <ItemName>קרמה גל רחצה אלוורה</ItemName>
      <ManufacturerName>קוסמופארם</ManufacturerName>
      <ManufactureCountry>ישראל</ManufactureCountry>
      <ManufacturerItemDescription>גל רחצה קרמה מן אלוורה 700 מל</ManufacturerItemDescription>
      <UnitQty>מיליליטרים</UnitQty>
      <Quantity>700.00</Quantity>
      <UnitOfMeasure>100 מ"ל</UnitOfMeasure>
      <bIsWeighted>0</bIsWeighted>
      <QtyInPackage>1</QtyInPackage>
      <ItemPrice>19.70</ItemPrice>
      <UnitOfMeasurePrice>2.8143</UnitOfMeasurePrice>
      <AllowDiscount>1</AllowDiscount>
      <ItemStatus>1</ItemStatus>
      <ItemId>56780</ItemId>
    </Item>
    <Item>
      <PriceUpdateDate>2015-10-01 06:14:40</PriceUpdateDate>
      <ItemCode>7290012117381</ItemCode>
      <ItemType>1</ItemType>
      <ItemName>גל לאחר גילוח</ItemName>
      <ManufacturerName>קוסמופארם</ManufacturerName>
      <ManufactureCountry>ישראל</ManufactureCountry>
      <ManufacturerItemDescription>גל קרמה לאחר גילוח לעור עדין</ManufacturerItemDescription>
      <UnitQty>מיליליטרים</UnitQty>
      <Quantity>150.00</Quantity>
      <UnitOfMeasure>100 מ"ל</UnitOfMeasure>
      <bIsWeighted>0</bIsWeighted>
      <QtyInPackage>1</QtyInPackage>
      <ItemPrice>32.60</ItemPrice>
      <UnitOfMeasurePrice>21.7333</UnitOfMeasurePrice>
      <AllowDiscount>1</AllowDiscount>
      <ItemStatus>1</ItemStatus>
      <ItemId>56861</ItemId>
    </Item>
    <Item>
      <PriceUpdateDate>2015-10-01 06:14:40</PriceUpdateDate>
      <ItemCode>7290012116681</ItemCode>
      <ItemType>1</ItemType>
      <ItemName>דאו גל קרמה קאלם</ItemName>
      <ManufacturerName>קוסמופארם</ManufacturerName>
      <ManufactureCountry>ישראל</ManufactureCountry>
      <ManufacturerItemDescription>דאו גל קרמה מן קאלם 75 מל</ManufacturerItemDescription>
      <UnitQty>Unknown </UnitQty>
      <Quantity>0.00</Quantity>
      <UnitOfMeasure>Unknown </UnitOfMeasure>
      <bIsWeighted>0</bIsWeighted>
      <QtyInPackage>1</QtyInPackage>
      <ItemPrice>18.70</ItemPrice>
      <UnitOfMeasurePrice>0.0000</UnitOfMeasurePrice>
      <AllowDiscount>1</AllowDiscount>
      <ItemStatus>1</ItemStatus>
      <ItemId>56884</ItemId>
    </Item>
    <Item>
      <PriceUpdateDate>2015-01-01 00:00:00</PriceUpdateDate>
      <ItemCode>7290002065616</ItemCode>
      <ItemType>1</ItemType>
      <ItemName>לחם שיפון גרעינים</ItemName>
      <ManufacturerName>מאפיית אנג'ל</ManufacturerName>
      <ManufactureCountry>ישראל</ManufactureCountry>
      <ManufacturerItemDescription>לחם שיפון גרעינים 750 גרם</ManufacturerItemDescription>
      <UnitQty>גרמים</UnitQty>
      <Quantity>750.00</Quantity>
      <UnitOfMeasure>100 גרם</UnitOfMeasure>
      <bIsWeighted>0</bIsWeighted>
      <QtyInPackage>1</QtyInPackage>
      <ItemPrice>12.90</ItemPrice>
      <UnitOfMeasurePrice>1.7200</UnitOfMeasurePrice>
      <AllowDiscount>1</AllowDiscount>
      <ItemStatus>1</ItemStatus>
      <ItemId>57024</ItemId>
    </Item>
    <Item>
      <PriceUpdateDate>2015-01-01 00:00:00</PriceUpdateDate>
      <ItemCode>7290003251308</ItemCode>
      <ItemType>1</ItemType>
      <ItemName>אציטון 100 מ"ל</ItemName>
      <ManufacturerName>שוורץ</ManufacturerName>
      <ManufactureCountry>ישראל</ManufactureCountry>
      <ManufacturerItemDescription>אציטון 100 מ"ל</ManufacturerItemDescription>
      <UnitQty>מיליליטרים</UnitQty>
      <Quantity>100.00</Quantity>
      <UnitOfMeasure>100 מ"ל</UnitOfMeasure>
      <bIsWeighted>0</bIsWeighted>
      <QtyInPackage>1</QtyInPackage>
      <ItemPrice>3.90</ItemPrice>
      <UnitOfMeasurePrice>3.9000</UnitOfMeasurePrice>
      <AllowDiscount>1</AllowDiscount>
      <ItemStatus>1</ItemStatus>
      <ItemId>51271</ItemId>
    </Item>
    <Item>
      <PriceUpdateDate>2015-10-01 06:17:25</PriceUpdateDate>
      <ItemCode>7290106570801</ItemCode>
      <ItemType>1</ItemType>
      <ItemName>לחם קראסט חיטה מלאה</ItemName>
      <ManufacturerName>בונזור</ManufacturerName>
      <ManufactureCountry>ישראל</ManufactureCountry>
      <ManufacturerItemDescription>לחם קראסט חיטה מלאה וגרעינים</ManufacturerItemDescription>
      <UnitQty>גרמים</UnitQty>
      <Quantity>500.00</Quantity>
      <UnitOfMeasure>100 גרם</UnitOfMeasure>
      <bIsWeighted>0</bIsWeighted>
      <QtyInPackage>1</QtyInPackage>
      <ItemPrice>15.70</ItemPrice>
      <UnitOfMeasurePrice>3.1400</UnitOfMeasurePrice>
      <AllowDiscount>1</AllowDiscount>
      <ItemStatus>1</ItemStatus>
      <ItemId>92622</ItemId>
    </Item>
    <Item>
      <PriceUpdateDate>2015-01-01 00:00:00</PriceUpdateDate>
      <ItemCode>5400265022819</ItemCode>
      <ItemType>1</ItemType>
      <ItemName>דפדפי שוקולד אגוז</ItemName>
      <ManufacturerName>המלט</ManufacturerName>
      <ManufactureCountry>בלגיה</ManufactureCountry>
      <ManufacturerItemDescription>דפדפי שוקולד אגוז 125 גרם</ManufacturerItemDescription>
      <UnitQty>גרמים</UnitQty>
      <Quantity>125.00</Quantity>
      <UnitOfMeasure>100 גרם</UnitOfMeasure>
      <bIsWeighted>0</bIsWeighted>
      <QtyInPackage>1</QtyInPackage>
      <ItemPrice>16.90</ItemPrice>
      <UnitOfMeasurePrice>13.5200</UnitOfMeasurePrice>
      <AllowDiscount>1</AllowDiscount>
      <ItemStatus>1</ItemStatus>
      <ItemId>57442</ItemId>
    </Item>
    <Item>
      <PriceUpdateDate>2015-10-01 06:14:09</PriceUpdateDate>
      <ItemCode>7290012579622</ItemCode>
      <ItemType>1</ItemType>
      <ItemName>רסק תפוחי עץ</ItemName>
      <ManufacturerName>יושלם</ManufacturerName>
      <ManufactureCountry>יושלם</ManufactureCountry>
      <ManufacturerItemDescription>רסק תפוחי עץ בטעם קינמון</ManufacturerItemDescription>
      <UnitQty>גרמים</UnitQty>
      <Quantity>452.00</Quantity>
      <UnitOfMeasure>100 גרם</UnitOfMeasure>
      <bIsWeighted>0</bIsWeighted>
      <QtyInPackage>1</QtyInPackage>
      <ItemPrice>10.80</ItemPrice>
      <UnitOfMeasurePrice>2.3894</UnitOfMeasurePrice>
      <AllowDiscount>1</AllowDiscount>
      <ItemStatus>1</ItemStatus>
      <ItemId>85969</ItemId>
    </Item>
    <Item>
      <PriceUpdateDate>2015-10-01 06:16:24</PriceUpdateDate>
      <ItemCode>7290107872362</ItemCode>
      <ItemType>1</ItemType>
      <ItemName>שלגוני שרבט עם בובה</ItemName>
      <ManufacturerName>נגה גלידות</ManufacturerName>
      <ManufactureCountry>ישראל</ManufactureCountry>
      <ManufacturerItemDescription>שלגוני שרבט עם בובה</ManufacturerItemDescription>
      <UnitQty>גרמים</UnitQty>
      <Quantity>80.00</Quantity>
      <UnitOfMeasure>100 גרם</UnitOfMeasure>
      <bIsWeighted>0</bIsWeighted>
      <QtyInPackage>1</QtyInPackage>
      <ItemPrice>6.80</ItemPrice>
      <UnitOfMeasurePrice>8.5000</UnitOfMeasurePrice>
      <AllowDiscount>1</AllowDiscount>
      <ItemStatus>1</ItemStatus>
      <ItemId>101926</ItemId>
    </Item>
    <Item>
      <PriceUpdateDate>2015-01-01 00:00:00</PriceUpdateDate>
      <ItemCode>7290100925997</ItemCode>
      <ItemType>1</ItemType>
      <ItemName>מרכך כביסה סוד מרוכז</ItemName>
      <ManufacturerName>הנקל סוד</ManufacturerName>
      <ManufactureCountry>לא ידוע</ManufactureCountry>
      <ManufacturerItemDescription>מרכך כביסה סוד מרוכז 1 ל "אדום</ManufacturerItemDescription>
      <UnitQty>ליטרים</UnitQty>
      <Quantity>1.00</Quantity>
      <UnitOfMeasure>ליטר</UnitOfMeasure>
      <bIsWeighted>0</bIsWeighted>
      <QtyInPackage>1</QtyInPackage>
      <ItemPrice>16.90</ItemPrice>
      <UnitOfMeasurePrice>16.9000</UnitOfMeasurePrice>
      <AllowDiscount>1</AllowDiscount>
      <ItemStatus>1</ItemStatus>
      <ItemId>57649</ItemId>
    </Item>
    <Item>
      <PriceUpdateDate>2016-04-20 13:39:41</PriceUpdateDate>
      <ItemCode>7290101864127</ItemCode>
      <ItemType>1</ItemType>
      <ItemName>קליה אוקסי ספריי</ItemName>
      <ManufacturerName>קליה</ManufacturerName>
      <ManufactureCountry>פולין</ManufactureCountry>
      <ManufacturerItemDescription>קליה אוקסי ספריי 750 מ"ל</ManufacturerItemDescription>
      <UnitQty>מיליליטרים</UnitQty>
      <Quantity>750.00</Quantity>
      <UnitOfMeasure>100 מ"ל</UnitOfMeasure>
      <bIsWeighted>0</bIsWeighted>
      <QtyInPackage>1</QtyInPackage>
      <ItemPrice>22.70</ItemPrice>
      <UnitOfMeasurePrice>3.0267</UnitOfMeasurePrice>
      <AllowDiscount>1</AllowDiscount>
      <ItemStatus>1</ItemStatus>
      <ItemId>57651</ItemId>
    </Item>
    <Item>
      <PriceUpdateDate>2015-01-01 00:00:00</PriceUpdateDate>
      <ItemCode>7290011131388</ItemCode>
      <ItemType>1</ItemType>
      <ItemName>מיזלי תפוחים קינמון</ItemName>
      <ManufacturerName>גרין</ManufacturerName>
      <ManufactureCountry>מקדוניה</ManufactureCountry>
      <ManufacturerItemDescription>מיזלי תפוחים קינמון 1 ק"ג</ManufacturerItemDescription>
      <UnitQty>קילוגרמים</UnitQty>
      <Quantity>1.00</Quantity>
      <UnitOfMeasure>ק"ג</UnitOfMeasure>
      <bIsWeighted>0</bIsWeighted>
      <QtyInPackage>1</QtyInPackage>
      <ItemPrice>28.90</ItemPrice>
      <UnitOfMeasurePrice>28.9000</UnitOfMeasurePrice>
      <AllowDiscount>1</AllowDiscount>
      <ItemStatus>1</ItemStatus>
      <ItemId>57702</ItemId>
    </Item>
    <Item>
      <PriceUpdateDate>2015-10-01 06:18:40</PriceUpdateDate>
      <ItemCode>7290000051307</ItemCode>
      <ItemType>1</ItemType>
      <ItemName>מארז הפסקת אוכל</ItemName>
      <ManufacturerName>תנובה מרכז שיתופי לש</ManufacturerName>
      <ManufactureCountry>ישראל</ManufactureCountry>
      <ManufacturerItemDescription>מארז הפסקת אוכל חלב+דגני עוגי</ManufacturerItemDescription>
      <UnitQty>Unknown </UnitQty>
      <Quantity>0.00</Quantity>
      <UnitOfMeasure>Unknown </UnitOfMeasure>
      <bIsWeighted>0</bIsWeighted>
      <QtyInPackage>1</QtyInPackage>
      <ItemPrice>9.20</ItemPrice>
      <UnitOfMeasurePrice>0.0000</UnitOfMeasurePrice>
      <AllowDiscount>1</AllowDiscount>
      <ItemStatus>1</ItemStatus>
      <ItemId>57720</ItemId>
    </Item>
    <Item>
      <PriceUpdateDate>2015-01-01 00:00:00</PriceUpdateDate>
      <ItemCode>7290011131371</ItemCode>
      <ItemType>1</ItemType>
      <ItemName>מיזלי שקדים        .</ItemName>
      <ManufacturerName>גרין</ManufacturerName>
      <ManufactureCountry>מקדוניה</ManufactureCountry>
      <ManufacturerItemDescription>מיזלי שקדים ואגוזים 1 קג</ManufacturerItemDescription>
      <UnitQty>קילוגרמים</UnitQty>
      <Quantity>1.00</Quantity>
      <UnitOfMeasure>ק"ג</UnitOfMeasure>
      <bIsWeighted>0</bIsWeighted>
      <QtyInPackage>1</QtyInPackage>
      <ItemPrice>28.90</ItemPrice>
      <UnitOfMeasurePrice>28.9000</UnitOfMeasurePrice>
      <AllowDiscount>1</AllowDiscount>
      <ItemStatus>1</ItemStatus>
      <ItemId>57869</ItemId>
    </Item>
    <Item>
      <PriceUpdateDate>2015-01-01 00:00:00</PriceUpdateDate>
      <ItemCode>7290010116973</ItemCode>
      <ItemType>1</ItemType>
      <ItemName>חטיף ציטוס בוטנים</ItemName>
      <ManufacturerName>שטראוס גרופ</ManufacturerName>
      <ManufactureCountry>ישראל</ManufactureCountry>
      <ManufacturerItemDescription>חטיף ציטוס בוטנים 80 גרם</ManufacturerItemDescription>
      <UnitQty>גרמים</UnitQty>
      <Quantity>80.00</Quantity>
      <UnitOfMeasure>100 גרם</UnitOfMeasure>
      <bIsWeighted>0</bIsWeighted>
      <QtyInPackage>1</QtyInPackage>
      <ItemPrice>5.00</ItemPrice>
      <UnitOfMeasurePrice>6.2500</UnitOfMeasurePrice>
      <AllowDiscount>1</AllowDiscount>
      <ItemStatus>1</ItemStatus>
      <ItemId>52044</ItemId>
    </Item>
    <Item>
      <PriceUpdateDate>2015-10-01 06:14:38</PriceUpdateDate>
      <ItemCode>7290000190068</ItemCode>
      <ItemType>1</ItemType>
      <ItemName>מפיות נייר ניקול 100</ItemName>
      <ManufacturerName>חוגלה קימברלי</ManufacturerName>
      <ManufactureCountry>ישראל</ManufactureCountry>
      <ManufacturerItemDescription>מפיות נייר ניקול 100 יח</ManufacturerItemDescription>
      <UnitQty>Unknown </UnitQty>
      <Quantity>0.00</Quantity>
      <UnitOfMeasure>Unknown </UnitOfMeasure>
      <bIsWeighted>0</bIsWeighted>
      <QtyInPackage>1</QtyInPackage>
      <ItemPrice>8.80</ItemPrice>
      <UnitOfMeasurePrice>0.0000</UnitOfMeasurePrice>
      <AllowDiscount>1</AllowDiscount>
      <ItemStatus>1</ItemStatus>
      <ItemId>52072</ItemId>
    </Item>
    <Item>
      <PriceUpdateDate>2015-08-03 11:02:12</PriceUpdateDate>
      <ItemCode>835811008132</ItemCode>
      <ItemType>1</ItemType>
      <ItemName>ספוגי מתכת ארוז בגלי</ItemName>
      <ManufacturerName>גיאוגאנגדונג-ממרקות</ManufacturerName>
      <ManufactureCountry>סין</ManufactureCountry>
      <ManufacturerItemDescription>ספוגי מתכת ארוז בגלי</ManufacturerItemDescription>
      <UnitQty>Unknown </UnitQty>
      <Quantity>0.00</Quantity>
      <UnitOfMeasure>Unknown </UnitOfMeasure>
      <bIsWeighted>0</bIsWeighted>
      <QtyInPackage>1</QtyInPackage>
      <ItemPrice>14.90</ItemPrice>
      <UnitOfMeasurePrice>0.0000</UnitOfMeasurePrice>
      <AllowDiscount>1</AllowDiscount>
      <ItemStatus>1</ItemStatus>
      <ItemId>52182</ItemId>
    </Item>
    <Item>
      <PriceUpdateDate>2015-10-15 11:26:44</PriceUpdateDate>
      <ItemCode>835811008170</ItemCode>
      <ItemType>1</ItemType>
      <ItemName>נרות חנוכה בקופסא</ItemName>
      <ManufacturerName>יושלם</ManufacturerName>
      <ManufactureCountry>יושלם</ManufactureCountry>
      <ManufacturerItemDescription>נרות חנוכה בקופסא 44 יח                "</ManufacturerItemDescription>
      <UnitQty>Unknown </UnitQty>
      <Quantity>0.00</Quantity>
      <UnitOfMeasure>Unknown </UnitOfMeasure>
      <bIsWeighted>0</bIsWeighted>
      <QtyInPackage>1</QtyInPackage>
      <ItemPrice>5.00</ItemPrice>
      <UnitOfMeasurePrice>0.0000</UnitOfMeasurePrice>
      <AllowDiscount>1</AllowDiscount>
      <ItemStatus>1</ItemStatus>
      <ItemId>52239</ItemId>
    </Item>
    <Item>
      <PriceUpdateDate>2016-03-29 12:25:25</PriceUpdateDate>
      <ItemCode>7290002596677</ItemCode>
      <ItemType>1</ItemType>
      <ItemName>פילה אמנון ואקום</ItemName>
      <ManufacturerName>מעדני הטלה</ManufacturerName>
      <ManufactureCountry>ישראל</ManufactureCountry>
      <ManufacturerItemDescription>פילה אמנון ואקום                    5-7</ManufacturerItemDescription>
      <UnitQty>קילוגרמים</UnitQty>
      <Quantity>1.00</Quantity>
      <UnitOfMeasure>ק"ג</UnitOfMeasure>
      <bIsWeighted>1</bIsWeighted>
      <QtyInPackage>1</QtyInPackage>
      <ItemPrice>35.00</ItemPrice>
      <UnitOfMeasurePrice>35.0000</UnitOfMeasurePrice>
      <AllowDiscount>1</AllowDiscount>
      <ItemStatus>1</ItemStatus>
      <ItemId>52375</ItemId>
    </Item>
    <Item>
      <PriceUpdateDate>2015-01-01 00:00:00</PriceUpdateDate>
      <ItemCode>7290101488316</ItemCode>
      <ItemType>1</ItemType>
      <ItemName>ליידי ספיד סטיק ורוד</ItemName>
      <ManufacturerName>COLGATE ($) -PALMOLI</ManufacturerName>
      <ManufactureCountry>ארצות הברית</ManufactureCountry>
      <ManufacturerItemDescription>ליידי ספיד סטיק ללא סימן-ורוד</ManufacturerItemDescription>
      <UnitQty>מיליליטרים</UnitQty>
      <Quantity>65.00</Quantity>
      <UnitOfMeasure>100 מ"ל</UnitOfMeasure>
      <bIsWeighted>0</bIsWeighted>
      <QtyInPackage>1</QtyInPackage>
      <ItemPrice>28.90</ItemPrice>
      <UnitOfMeasurePrice>44.4615</UnitOfMeasurePrice>
      <AllowDiscount>1</AllowDiscount>
      <ItemStatus>1</ItemStatus>
      <ItemId>52531</ItemId>
    </Item>
    <Item>
      <PriceUpdateDate>2015-10-01 06:15:03</PriceUpdateDate>
      <ItemCode>7290101488323</ItemCode>
      <ItemType>1</ItemType>
      <ItemName>ליידי ספיד סטיק ירוק</ItemName>
      <ManufacturerName>COLGATE ($) -PALMOLI</ManufacturerName>
      <ManufactureCountry>ארצות הברית</ManufactureCountry>
      <ManufacturerItemDescription>ליידי ספיד סטיק ללא סימן ירוק</ManufacturerItemDescription>
      <UnitQty>מיליליטרים</UnitQty>
      <Quantity>65.00</Quantity>
      <UnitOfMeasure>100 מ"ל</UnitOfMeasure>
      <bIsWeighted>0</bIsWeighted>
      <QtyInPackage>1</QtyInPackage>
      <ItemPrice>28.60</ItemPrice>
      <UnitOfMeasurePrice>44.0000</UnitOfMeasurePrice>
      <AllowDiscount>1</AllowDiscount>
      <ItemStatus>1</ItemStatus>
      <ItemId>52532</ItemId>
    </Item>
    <Item>
      <PriceUpdateDate>2015-10-01 06:15:23</PriceUpdateDate>
      <ItemCode>4006387010225</ItemCode>
      <ItemType>1</ItemType>
      <ItemName>קנקן בריטה כחול מרלה</ItemName>
      <ManufacturerName>קנקן מרלה כחול</ManufacturerName>
      <ManufactureCountry>גרמניה</ManufactureCountry>
      <ManufacturerItemDescription>קנקן בריטה כחול מרלה</ManufacturerItemDescription>
      <UnitQty>Unknown </UnitQty>
      <Quantity>0.00</Quantity>
      <UnitOfMeasure>Unknown </UnitOfMeasure>
      <bIsWeighted>0</bIsWeighted>
      <QtyInPackage>1</QtyInPackage>
      <ItemPrice>108.90</ItemPrice>
      <UnitOfMeasurePrice>0.0000</UnitOfMeasurePrice>
      <AllowDiscount>1</AllowDiscount>
      <ItemStatus>1</ItemStatus>
      <ItemId>55917</ItemId>
    </Item>
    <Item>
      <PriceUpdateDate>2015-10-01 06:15:03</PriceUpdateDate>
      <ItemCode>7290101488309</ItemCode>
      <ItemType>1</ItemType>
      <ItemName>ליידי ספיד סטיק24/7</ItemName>
      <ManufacturerName>יושלם</ManufacturerName>
      <ManufactureCountry>יושלם</ManufactureCountry>
      <ManufacturerItemDescription>ליידי ספיד סטיק 24/7 ג"ל כחול</ManufacturerItemDescription>
      <UnitQty>מיליליטרים</UnitQty>
      <Quantity>65.00</Quantity>
      <UnitOfMeasure>100 מ"ל</UnitOfMeasure>
      <bIsWeighted>0</bIsWeighted>
      <QtyInPackage>1</QtyInPackage>
      <ItemPrice>29.60</ItemPrice>
      <UnitOfMeasurePrice>45.5385</UnitOfMeasurePrice>
      <AllowDiscount>1</AllowDiscount>
      <ItemStatus>1</ItemStatus>
      <ItemId>52638</ItemId>
    </Item>
    <Item>
      <PriceUpdateDate>2016-04-11 13:46:36</PriceUpdateDate>
      <ItemCode>7290103680046</ItemCode>
      <ItemType>1</ItemType>
      <ItemName>יין תבור סדרת הר קבר</ItemName>
      <ManufacturerName>תבור</ManufacturerName>
      <ManufactureCountry>ישראל</ManufactureCountry>
      <ManufacturerItemDescription>יין תבור סדרת הר קברנה סובניון</ManufacturerItemDescription>
      <UnitQty>מיליליטרים</UnitQty>
      <Quantity>750.00</Quantity>
      <UnitOfMeasure>100 מ"ל</UnitOfMeasure>
      <bIsWeighted>0</bIsWeighted>
      <QtyInPackage>1</QtyInPackage>
      <ItemPrice>45.90</ItemPrice>
      <UnitOfMeasurePrice>6.1200</UnitOfMeasurePrice>
      <AllowDiscount>1</AllowDiscount>
      <ItemStatus>1</ItemStatus>
      <ItemId>78396</ItemId>
    </Item>
    <Item>
      <PriceUpdateDate>2016-03-21 08:16:57</PriceUpdateDate>
      <ItemCode>7290011468002</ItemCode>
      <ItemType>1</ItemType>
      <ItemName>טחינה הנסיך 100% טהו</ItemName>
      <ManufacturerName>הנסיך מפעל לייצור טח</ManufacturerName>
      <ManufactureCountry>ישראל</ManufactureCountry>
      <ManufacturerItemDescription>טחינה הנסיך 100% טהור 500 גרם</ManufacturerItemDescription>
      <UnitQty>גרמים</UnitQty>
      <Quantity>500.00</Quantity>
      <UnitOfMeasure>100 גרם</UnitOfMeasure>
      <bIsWeighted>0</bIsWeighted>
      <QtyInPackage>1</QtyInPackage>
      <ItemPrice>18.90</ItemPrice>
      <UnitOfMeasurePrice>3.7800</UnitOfMeasurePrice>
      <AllowDiscount>1</AllowDiscount>
      <ItemStatus>1</ItemStatus>
      <ItemId>55990</ItemId>
    </Item>
    <Item>
      <PriceUpdateDate>2015-10-01 06:15:03</PriceUpdateDate>
      <ItemCode>7290103120658</ItemCode>
      <ItemType>1</ItemType>
      <ItemName>ספיד סטיק 24/7 גל</ItemName>
      <ManufacturerName>COLGATE ($) -PALMOLI</ManufacturerName>
      <ManufactureCountry>ארצות הברית</ManufactureCountry>
      <ManufacturerItemDescription>ספיד סטיק 24/7 גל שחור 85 גרם</ManufacturerItemDescription>
      <UnitQty>גרמים</UnitQty>
      <Quantity>85.00</Quantity>
      <UnitOfMeasure>100 גרם</UnitOfMeasure>
      <bIsWeighted>0</bIsWeighted>
      <QtyInPackage>1</QtyInPackage>
      <ItemPrice>33.10</ItemPrice>
      <UnitOfMeasurePrice>38.9412</UnitOfMeasurePrice>
      <AllowDiscount>1</AllowDiscount>
      <ItemStatus>1</ItemStatus>
      <ItemId>53250</ItemId>
    </Item>
    <Item>
      <PriceUpdateDate>2015-01-01 00:00:00</PriceUpdateDate>
      <ItemCode>8690637078941</ItemCode>
      <ItemType>1</ItemType>
      <ItemName>סיף לניקוי מטבח</ItemName>
      <ManufacturerName>יושלם</ManufacturerName>
      <ManufactureCountry>יושלם</ManufactureCountry>
      <ManufacturerItemDescription>סיף לניקוי מטבח 750 מל</ManufacturerItemDescription>
      <UnitQty>מיליליטרים</UnitQty>
      <Quantity>750.00</Quantity>
      <UnitOfMeasure>100 מ"ל</UnitOfMeasure>
      <bIsWeighted>0</bIsWeighted>
      <QtyInPackage>1</QtyInPackage>
      <ItemPrice>18.90</ItemPrice>
      <UnitOfMeasurePrice>2.5200</UnitOfMeasurePrice>
      <AllowDiscount>1</AllowDiscount>
      <ItemStatus>1</ItemStatus>
      <ItemId>53356</ItemId>
    </Item>
    <Item>
      <PriceUpdateDate>2015-01-01 00:00:00</PriceUpdateDate>
      <ItemCode>7290012309311</ItemCode>
      <ItemType>1</ItemType>
      <ItemName>ערמונים מקולפים</ItemName>
      <ManufacturerName>דין שיווק וקליה בע"מ</ManufacturerName>
      <ManufactureCountry>סין</ManufactureCountry>
      <ManufacturerItemDescription>ערמונים מקולפים 100 גרם</ManufacturerItemDescription>
      <UnitQty>גרמים</UnitQty>
      <Quantity>100.00</Quantity>
      <UnitOfMeasure>100 גרם</UnitOfMeasure>
      <bIsWeighted>0</bIsWeighted>
      <QtyInPackage>1</QtyInPackage>
      <ItemPrice>6.90</ItemPrice>
      <UnitOfMeasurePrice>6.9000</UnitOfMeasurePrice>
      <AllowDiscount>1</AllowDiscount>
      <ItemStatus>1</ItemStatus>
      <ItemId>53390</ItemId>
    </Item>
    <Item>
      <PriceUpdateDate>2016-07-28 07:17:35</PriceUpdateDate>
      <ItemCode>7290011515911</ItemCode>
      <ItemType>1</ItemType>
      <ItemName>גלידה לייט ריבת חלב</ItemName>
      <ManufacturerName>נגה גלידות</ManufacturerName>
      <ManufactureCountry>ישראל</ManufactureCountry>
      <ManufacturerItemDescription>גלידה לייט ריבת חלב חלבי 6 יח</ManufacturerItemDescription>
      <UnitQty>גרמים</UnitQty>
      <Quantity>312.00</Quantity>
      <UnitOfMeasure>100 גרם</UnitOfMeasure>
      <bIsWeighted>0</bIsWeighted>
      <QtyInPackage>1</QtyInPackage>
      <ItemPrice>31.50</ItemPrice>
      <UnitOfMeasurePrice>10.0962</UnitOfMeasurePrice>
      <AllowDiscount>1</AllowDiscount>
      <ItemStatus>1</ItemStatus>
      <ItemId>53452</ItemId>
    </Item>
    <Item>
      <PriceUpdateDate>2015-06-19 07:56:09</PriceUpdateDate>
      <ItemCode>7290000150956</ItemCode>
      <ItemType>1</ItemType>
      <ItemName>מקלוני קבנוס 160 גרם</ItemName>
      <ManufacturerName>עוף טוב</ManufacturerName>
      <ManufactureCountry>לא ידוע</ManufactureCountry>
      <ManufacturerItemDescription>מקלוני קבנוס 160 גר</ManufacturerItemDescription>
      <UnitQty>גרמים</UnitQty>
      <Quantity>160.00</Quantity>
      <UnitOfMeasure>100 גרם</UnitOfMeasure>
      <bIsWeighted>0</bIsWeighted>
      <QtyInPackage>1</QtyInPackage>
      <ItemPrice>12.80</ItemPrice>
      <UnitOfMeasurePrice>8.0000</UnitOfMeasurePrice>
      <AllowDiscount>1</AllowDiscount>
      <ItemStatus>1</ItemStatus>
      <ItemId>73221</ItemId>
    </Item>
    <Item>
      <PriceUpdateDate>2016-01-21 09:58:48</PriceUpdateDate>
      <ItemCode>7290002075028</ItemCode>
      <ItemType>1</ItemType>
      <ItemName>אובלטים אישי 150 גרם</ItemName>
      <ManufacturerName>שוקו טרייד</ManufacturerName>
      <ManufactureCountry>ישראל</ManufactureCountry>
      <ManufacturerItemDescription>אובלטים אישי 150 גרם</ManufacturerItemDescription>
      <UnitQty>גרמים</UnitQty>
      <Quantity>150.00</Quantity>
      <UnitOfMeasure>100 גרם</UnitOfMeasure>
      <bIsWeighted>0</bIsWeighted>
      <QtyInPackage>1</QtyInPackage>
      <ItemPrice>6.50</ItemPrice>
      <UnitOfMeasurePrice>4.3333</UnitOfMeasurePrice>
      <AllowDiscount>1</AllowDiscount>
      <ItemStatus>1</ItemStatus>
      <ItemId>83872</ItemId>
    </Item>
    <Item>
      <PriceUpdateDate>2016-03-13 15:20:53</PriceUpdateDate>
      <ItemCode>835811005322</ItemCode>
      <ItemType>1</ItemType>
      <ItemName>פחם דרום אמריקאי משו</ItemName>
      <ManufacturerName>BRICAPER</ManufacturerName>
      <ManufactureCountry>דרום אמריקה</ManufactureCountry>
      <ManufacturerItemDescription>פחם דרום אמריקאי משובח</ManufacturerItemDescription>
      <UnitQty>קילוגרמים</UnitQty>
      <Quantity>2.00</Quantity>
      <UnitOfMeasure>ק"ג</UnitOfMeasure>
      <bIsWeighted>0</bIsWeighted>
      <QtyInPackage>1</QtyInPackage>
      <ItemPrice>20.90</ItemPrice>
      <UnitOfMeasurePrice>10.4500</UnitOfMeasurePrice>
      <AllowDiscount>1</AllowDiscount>
      <ItemStatus>1</ItemStatus>
      <ItemId>93241</ItemId>
    </Item>
    <Item>
      <PriceUpdateDate>2015-10-01 06:16:29</PriceUpdateDate>
      <ItemCode>7290000262031</ItemCode>
      <ItemType>1</ItemType>
      <ItemName>נ.ט.מולט לבבות 32 יח</ItemName>
      <ManufacturerName>חוגלה קימברלי</ManufacturerName>
      <ManufactureCountry>ישראל</ManufactureCountry>
      <ManufacturerItemDescription>נ.ט.מולט לבבות 32 יחידות</ManufacturerItemDescription>
      <UnitQty>מטרים</UnitQty>
      <Quantity>58880.00</Quantity>
      <UnitOfMeasure>מטר</UnitOfMeasure>
      <bIsWeighted>0</bIsWeighted>
      <QtyInPackage>1</QtyInPackage>
      <ItemPrice>32.60</ItemPrice>
      <UnitOfMeasurePrice>0.0006</UnitOfMeasurePrice>
      <AllowDiscount>1</AllowDiscount>
      <ItemStatus>1</ItemStatus>
      <ItemId>53661</ItemId>
    </Item>
    <Item>
      <PriceUpdateDate>2015-01-01 00:00:00</PriceUpdateDate>
      <ItemCode>7290000067551</ItemCode>
      <ItemType>1</ItemType>
      <ItemName>ביסלי בצל</ItemName>
      <ManufacturerName>אסם</ManufacturerName>
      <ManufactureCountry>לא ידוע</ManufactureCountry>
      <ManufacturerItemDescription>ביסלי בצל 70 גרם כשל"פ</ManufacturerItemDescription>
      <UnitQty>גרמים</UnitQty>
      <Quantity>70.00</Quantity>
      <UnitOfMeasure>100 גרם</UnitOfMeasure>
      <bIsWeighted>0</bIsWeighted>
      <QtyInPackage>1</QtyInPackage>
      <ItemPrice>4.50</ItemPrice>
      <UnitOfMeasurePrice>6.4286</UnitOfMeasurePrice>
      <AllowDiscount>1</AllowDiscount>
      <ItemStatus>1</ItemStatus>
      <ItemId>53843</ItemId>
    </Item>
    <Item>
      <PriceUpdateDate>2016-03-23 13:49:25</PriceUpdateDate>
      <ItemCode>7290000068282</ItemCode>
      <ItemType>1</ItemType>
      <ItemName>מנה חמה תפוא וירקות</ItemName>
      <ManufacturerName>אסם</ManufacturerName>
      <ManufactureCountry>ישראל</ManufactureCountry>
      <ManufacturerItemDescription>מנה חמה תפו"א עם ירקות</ManufacturerItemDescription>
      <UnitQty>גרמים</UnitQty>
      <Quantity>76.00</Quantity>
      <UnitOfMeasure>100 גרם</UnitOfMeasure>
      <bIsWeighted>0</bIsWeighted>
      <QtyInPackage>1</QtyInPackage>
      <ItemPrice>6.90</ItemPrice>
      <UnitOfMeasurePrice>9.0789</UnitOfMeasurePrice>
      <AllowDiscount>1</AllowDiscount>
      <ItemStatus>1</ItemStatus>
      <ItemId>53848</ItemId>
    </Item>
    <Item>
      <PriceUpdateDate>2015-01-01 00:00:00</PriceUpdateDate>
      <ItemCode>7290000067780</ItemCode>
      <ItemType>1</ItemType>
      <ItemName>פודינג שוקולד</ItemName>
      <ManufacturerName>אסם</ManufacturerName>
      <ManufactureCountry>לא ידוע</ManufactureCountry>
      <ManufacturerItemDescription>פודינג שוקולד 95 גר "כשל"פ</ManufacturerItemDescription>
      <UnitQty>גרמים</UnitQty>
      <Quantity>95.00</Quantity>
      <UnitOfMeasure>100 גרם</UnitOfMeasure>
      <bIsWeighted>0</bIsWeighted>
      <QtyInPackage>1</QtyInPackage>
      <ItemPrice>5.40</ItemPrice>
      <UnitOfMeasurePrice>5.6842</UnitOfMeasurePrice>
      <AllowDiscount>1</AllowDiscount>
      <ItemStatus>1</ItemStatus>
      <ItemId>53946</ItemId>
    </Item>
    <Item>
      <PriceUpdateDate>2015-10-01 06:15:21</PriceUpdateDate>
      <ItemCode>7290011489694</ItemCode>
      <ItemType>1</ItemType>
      <ItemName>פירורי ביסקויט וניל</ItemName>
      <ManufacturerName>מגדנית הדר</ManufacturerName>
      <ManufactureCountry>ישראל</ManufactureCountry>
      <ManufacturerItemDescription>פירורי ביסקויט וניל 300 גר</ManufacturerItemDescription>
      <UnitQty>גרמים</UnitQty>
      <Quantity>300.00</Quantity>
      <UnitOfMeasure>100 גרם</UnitOfMeasure>
      <bIsWeighted>0</bIsWeighted>
      <QtyInPackage>1</QtyInPackage>
      <ItemPrice>5.80</ItemPrice>
      <UnitOfMeasurePrice>1.9333</UnitOfMeasurePrice>
      <AllowDiscount>1</AllowDiscount>
      <ItemStatus>1</ItemStatus>
      <ItemId>96827</ItemId>
    </Item>
    <Item>
      <PriceUpdateDate>2015-01-01 00:00:00</PriceUpdateDate>
      <ItemCode>7290103404758</ItemCode>
      <ItemType>1</ItemType>
      <ItemName>סלט כרוב</ItemName>
      <ManufacturerName>שטראוס גרופ</ManufacturerName>
      <ManufactureCountry>ישראל</ManufactureCountry>
      <ManufacturerItemDescription>סלט כרוב 120 גרם</ManufacturerItemDescription>
      <UnitQty>גרמים</UnitQty>
      <Quantity>120.00</Quantity>
      <UnitOfMeasure>100 גרם</UnitOfMeasure>
      <bIsWeighted>0</bIsWeighted>
      <QtyInPackage>1</QtyInPackage>
      <ItemPrice>5.40</ItemPrice>
      <UnitOfMeasurePrice>4.5000</UnitOfMeasurePrice>
      <AllowDiscount>1</AllowDiscount>
      <ItemStatus>1</ItemStatus>
      <ItemId>54625</ItemId>
    </Item>
    <Item>
      <PriceUpdateDate>2015-10-01 06:15:20</PriceUpdateDate>
      <ItemCode>7290003220700</ItemCode>
      <ItemType>1</ItemType>
      <ItemName>מחצלת לסושי</ItemName>
      <ManufacturerName>קוסומאי במבוק</ManufacturerName>
      <ManufactureCountry>תאילנד</ManufactureCountry>
      <ManufacturerItemDescription>מחצלת לסושי</ManufacturerItemDescription>
      <UnitQty>Unknown </UnitQty>
      <Quantity>0.00</Quantity>
      <UnitOfMeasure>Unknown </UnitOfMeasure>
      <bIsWeighted>0</bIsWeighted>
      <QtyInPackage>1</QtyInPackage>
      <ItemPrice>6.00</ItemPrice>
      <UnitOfMeasurePrice>0.0000</UnitOfMeasurePrice>
      <AllowDiscount>1</AllowDiscount>
      <ItemStatus>1</ItemStatus>
      <ItemId>85939</ItemId>
    </Item>
    <Item>
      <PriceUpdateDate>2015-10-01 06:16:29</PriceUpdateDate>
      <ItemCode>7290000189598</ItemCode>
      <ItemType>1</ItemType>
      <ItemName>מגבוני ניקול לניקוי</ItemName>
      <ManufacturerName>על בד</ManufacturerName>
      <ManufactureCountry>ישראל</ManufactureCountry>
      <ManufacturerItemDescription>מגבוני ניקול לניקוי כללי50 יח          "</ManufacturerItemDescription>
      <UnitQty>Unknown </UnitQty>
      <Quantity>0.00</Quantity>
      <UnitOfMeasure>Unknown </UnitOfMeasure>
      <bIsWeighted>0</bIsWeighted>
      <QtyInPackage>1</QtyInPackage>
      <ItemPrice>11.80</ItemPrice>
      <UnitOfMeasurePrice>0.0000</UnitOfMeasurePrice>
      <AllowDiscount>1</AllowDiscount>
      <ItemStatus>1</ItemStatus>
      <ItemId>54667</ItemId>
    </Item>
    <Item>
      <PriceUpdateDate>2015-10-01 06:18:47</PriceUpdateDate>
      <ItemCode>7290004586119</ItemCode>
      <ItemType>1</ItemType>
      <ItemName>יין נתזים לבן יבש</ItemName>
      <ManufacturerName>יקבי כרמל</ManufacturerName>
      <ManufactureCountry>ישראל</ManufactureCountry>
      <ManufacturerItemDescription>יין נתזים לבן יבש 750 מ"ל</ManufacturerItemDescription>
      <UnitQty>מיליליטרים</UnitQty>
      <Quantity>750.00</Quantity>
      <UnitOfMeasure>100 מ"ל</UnitOfMeasure>
      <bIsWeighted>0</bIsWeighted>
      <QtyInPackage>1</QtyInPackage>
      <ItemPrice>47.80</ItemPrice>
      <UnitOfMeasurePrice>6.3733</UnitOfMeasurePrice>
      <AllowDiscount>1</AllowDiscount>
      <ItemStatus>1</ItemStatus>
      <ItemId>55178</ItemId>
    </Item>
    <Item>
      <PriceUpdateDate>2015-10-01 06:13:20</PriceUpdateDate>
      <ItemCode>7290000462141</ItemCode>
      <ItemType>1</ItemType>
      <ItemName>סחוג אדום חריף</ItemName>
      <ManufacturerName>שטראוס גרופ</ManufacturerName>
      <ManufactureCountry>ישראל</ManufactureCountry>
      <ManufacturerItemDescription>סחוג אדום חריף 150 גר</ManufacturerItemDescription>
      <UnitQty>גרמים</UnitQty>
      <Quantity>150.00</Quantity>
      <UnitOfMeasure>100 גרם</UnitOfMeasure>
      <bIsWeighted>0</bIsWeighted>
      <QtyInPackage>1</QtyInPackage>
      <ItemPrice>7.80</ItemPrice>
      <UnitOfMeasurePrice>5.2000</UnitOfMeasurePrice>
      <AllowDiscount>1</AllowDiscount>
      <ItemStatus>1</ItemStatus>
      <ItemId>55180</ItemId>
    </Item>
    <Item>
      <PriceUpdateDate>2015-08-12 06:10:52</PriceUpdateDate>
      <ItemCode>7290103403928</ItemCode>
      <ItemType>1</ItemType>
      <ItemName>חטיף דגנים אגוז שוקו</ItemName>
      <ManufacturerName>שטראוס גרופ</ManufacturerName>
      <ManufactureCountry>ישראל</ManufactureCountry>
      <ManufacturerItemDescription>חטיף דגנים אגוזים ושוקולד</ManufacturerItemDescription>
      <UnitQty>גרמים</UnitQty>
      <Quantity>25.00</Quantity>
      <UnitOfMeasure>100 גרם</UnitOfMeasure>
      <bIsWeighted>0</bIsWeighted>
      <QtyInPackage>1</QtyInPackage>
      <ItemPrice>4.50</ItemPrice>
      <UnitOfMeasurePrice>18.0000</UnitOfMeasurePrice>
      <AllowDiscount>1</AllowDiscount>
      <ItemStatus>1</ItemStatus>
      <ItemId>55207</ItemId>
    </Item>
    <Item>
      <PriceUpdateDate>2015-10-01 06:13:20</PriceUpdateDate>
      <ItemCode>7290103403997</ItemCode>
      <ItemType>1</ItemType>
      <ItemName>חטיף דגנים אגוז שוקו</ItemName>
      <ManufacturerName>שטראוס גרופ</ManufacturerName>
      <ManufactureCountry>ישראל</ManufactureCountry>
      <ManufacturerItemDescription>חטיף דגנים אגוזים ושוקולד</ManufacturerItemDescription>
      <UnitQty>גרמים</UnitQty>
      <Quantity>156.00</Quantity>
      <UnitOfMeasure>100 גרם</UnitOfMeasure>
      <bIsWeighted>0</bIsWeighted>
      <QtyInPackage>1</QtyInPackage>
      <ItemPrice>18.70</ItemPrice>
      <UnitOfMeasurePrice>11.9872</UnitOfMeasurePrice>
      <AllowDiscount>1</AllowDiscount>
      <ItemStatus>1</ItemStatus>
      <ItemId>55213</ItemId>
    </Item>
    <Item>
      <PriceUpdateDate>2015-10-01 06:17:29</PriceUpdateDate>
      <ItemCode>7702018913374</ItemCode>
      <ItemType>1</ItemType>
      <ItemName>דאודורנט ג"ל פאואר ב</ItemName>
      <ManufacturerName>יושלם</ManufacturerName>
      <ManufactureCountry>יושלם</ManufactureCountry>
      <ManufacturerItemDescription>דאודורנט ג"ל פאואר ב CW.גר          85"</ManufacturerItemDescription>
      <UnitQty>Unknown </UnitQty>
      <Quantity>0.00</Quantity>
      <UnitOfMeasure>Unknown </UnitOfMeasure>
      <bIsWeighted>0</bIsWeighted>
      <QtyInPackage>1</QtyInPackage>
      <ItemPrice>37.60</ItemPrice>
      <UnitOfMeasurePrice>0.0000</UnitOfMeasurePrice>
      <AllowDiscount>1</AllowDiscount>
      <ItemStatus>1</ItemStatus>
      <ItemId>55256</ItemId>
    </Item>
    <Item>
      <PriceUpdateDate>2015-10-01 06:17:29</PriceUpdateDate>
      <ItemCode>7702018978106</ItemCode>
      <ItemType>1</ItemType>
      <ItemName>דאודורנט קליר ג"לAL</ItemName>
      <ManufacturerName>פרוקטר אנד גמבל</ManufacturerName>
      <ManufactureCountry>צ'כיה</ManufactureCountry>
      <ManufacturerItemDescription>דאודורנט קליר ג"ל70 מל               AL</ManufacturerItemDescription>
      <UnitQty>Unknown </UnitQty>
      <Quantity>0.00</Quantity>
      <UnitOfMeasure>Unknown </UnitOfMeasure>
      <bIsWeighted>0</bIsWeighted>
      <QtyInPackage>1</QtyInPackage>
      <ItemPrice>34.40</ItemPrice>
      <UnitOfMeasurePrice>0.0000</UnitOfMeasurePrice>
      <AllowDiscount>1</AllowDiscount>
      <ItemStatus>1</ItemStatus>
      <ItemId>55257</ItemId>
    </Item>
    <Item>
      <PriceUpdateDate>2015-10-01 06:17:29</PriceUpdateDate>
      <ItemCode>7702018985708</ItemCode>
      <ItemType>1</ItemType>
      <ItemName>דאודורנט ספריי  A.I</ItemName>
      <ManufacturerName>פרוקטור אנד גמבל</ManufacturerName>
      <ManufactureCountry>אנגליה</ManufactureCountry>
      <ManufacturerItemDescription>דאודורנט ספריי A.I מל              150</ManufacturerItemDescription>
      <UnitQty>מיליליטרים</UnitQty>
      <Quantity>150.00</Quantity>
      <UnitOfMeasure>100 מ"ל</UnitOfMeasure>
      <bIsWeighted>0</bIsWeighted>
      <QtyInPackage>1</QtyInPackage>
      <ItemPrice>27.60</ItemPrice>
      <UnitOfMeasurePrice>18.4000</UnitOfMeasurePrice>
      <AllowDiscount>1</AllowDiscount>
      <ItemStatus>1</ItemStatus>
      <ItemId>55261</ItemId>
    </Item>
    <Item>
      <PriceUpdateDate>2015-07-26 13:18:36</PriceUpdateDate>
      <ItemCode>7290001710135</ItemCode>
      <ItemType>1</ItemType>
      <ItemName>סטייק עוף פרוס</ItemName>
      <ManufacturerName>מעדני הטלה</ManufacturerName>
      <ManufactureCountry>לא ידוע</ManufactureCountry>
      <ManufacturerItemDescription>סטייק עוף פרוס לק"ג</ManufacturerItemDescription>
      <UnitQty>קילוגרמים</UnitQty>
      <Quantity>1.00</Quantity>
      <UnitOfMeasure>ק"ג</UnitOfMeasure>
      <bIsWeighted>1</bIsWeighted>
      <QtyInPackage>לא ידוע</QtyInPackage>
      <ItemPrice>29.90</ItemPrice>
      <UnitOfMeasurePrice>29.9000</UnitOfMeasurePrice>
      <AllowDiscount>1</AllowDiscount>
      <ItemStatus>1</ItemStatus>
      <ItemId>55267</ItemId>
    </Item>
    <Item>
      <PriceUpdateDate>2015-10-01 06:13:20</PriceUpdateDate>
      <ItemCode>7290011438470</ItemCode>
      <ItemType>1</ItemType>
      <ItemName>מילקשייק שוקו</ItemName>
      <ManufacturerName>שטראוס גרופ</ManufacturerName>
      <ManufactureCountry>ישראל</ManufactureCountry>
      <ManufacturerItemDescription>מילקשייק שוקו סירופ שוקולד          350</ManufacturerItemDescription>
      <UnitQty>מיליליטרים</UnitQty>
      <Quantity>350.00</Quantity>
      <UnitOfMeasure>100 מ"ל</UnitOfMeasure>
      <bIsWeighted>0</bIsWeighted>
      <QtyInPackage>1</QtyInPackage>
      <ItemPrice>7.20</ItemPrice>
      <UnitOfMeasurePrice>2.0571</UnitOfMeasurePrice>
      <AllowDiscount>1</AllowDiscount>
      <ItemStatus>1</ItemStatus>
      <ItemId>55351</ItemId>
    </Item>
    <Item>
      <PriceUpdateDate>2015-01-01 00:00:00</PriceUpdateDate>
      <ItemCode>7290103401627</ItemCode>
      <ItemType>1</ItemType>
      <ItemName>דנונה  אננס      3%</ItemName>
      <ManufacturerName>שטראוס גרופ</ManufacturerName>
      <ManufactureCountry>ישראל</ManufactureCountry>
      <ManufacturerItemDescription>יוגורט דנונה אננס 150 3% גר</ManufacturerItemDescription>
      <UnitQty>גרמים</UnitQty>
      <Quantity>150.00</Quantity>
      <UnitOfMeasure>100 גרם</UnitOfMeasure>
      <bIsWeighted>0</bIsWeighted>
      <QtyInPackage>1</QtyInPackage>
      <ItemPrice>4.80</ItemPrice>
      <UnitOfMeasurePrice>3.2000</UnitOfMeasurePrice>
      <AllowDiscount>1</AllowDiscount>
      <ItemStatus>1</ItemStatus>
      <ItemId>55373</ItemId>
    </Item>
    <Item>
      <PriceUpdateDate>2015-10-01 06:15:03</PriceUpdateDate>
      <ItemCode>8076809523561</ItemCode>
      <ItemType>1</ItemType>
      <ItemName>רוטב פסטה ברילה בטעם</ItemName>
      <ManufacturerName>BARILLA G.E.R.</ManufacturerName>
      <ManufactureCountry>לא ידוע</ManufactureCountry>
      <ManufacturerItemDescription>רוטב פסטה ברילה בטעם פיצה400 ג</ManufacturerItemDescription>
      <UnitQty>גרמים</UnitQty>
      <Quantity>400.00</Quantity>
      <UnitOfMeasure>100 גרם</UnitOfMeasure>
      <bIsWeighted>0</bIsWeighted>
      <QtyInPackage>1</QtyInPackage>
      <ItemPrice>15.80</ItemPrice>
      <UnitOfMeasurePrice>3.9500</UnitOfMeasurePrice>
      <AllowDiscount>1</AllowDiscount>
      <ItemStatus>1</ItemStatus>
      <ItemId>55390</ItemId>
    </Item>
    <Item>
      <PriceUpdateDate>2015-07-22 06:40:47</PriceUpdateDate>
      <ItemCode>7290011093112</ItemCode>
      <ItemType>1</ItemType>
      <ItemName>משקה גונג</ItemName>
      <ManufacturerName>קל משקאות</ManufacturerName>
      <ManufactureCountry>ישראל</ManufactureCountry>
      <ManufacturerItemDescription>משקה גונג ענבים 250 מ"ל +פקק</ManufacturerItemDescription>
      <UnitQty>מיליליטרים</UnitQty>
      <Quantity>250.00</Quantity>
      <UnitOfMeasure>100 מ"ל</UnitOfMeasure>
      <bIsWeighted>0</bIsWeighted>
      <QtyInPackage>1</QtyInPackage>
      <ItemPrice>1.50</ItemPrice>
      <UnitOfMeasurePrice>0.6000</UnitOfMeasurePrice>
      <AllowDiscount>1</AllowDiscount>
      <ItemStatus>1</ItemStatus>
      <ItemId>55404</ItemId>
    </Item>
    <Item>
      <PriceUpdateDate>2015-08-05 17:31:12</PriceUpdateDate>
      <ItemCode>7290005431364</ItemCode>
      <ItemType>1</ItemType>
      <ItemName>עוגת גבינה פרורים</ItemName>
      <ManufacturerName>תנובה</ManufacturerName>
      <ManufactureCountry>ישראל</ManufactureCountry>
      <ManufacturerItemDescription>עוגת גבינה פירורים זוג</ManufacturerItemDescription>
      <UnitQty>גרמים</UnitQty>
      <Quantity>184.00</Quantity>
      <UnitOfMeasure>100 גרם</UnitOfMeasure>
      <bIsWeighted>0</bIsWeighted>
      <QtyInPackage>1</QtyInPackage>
      <ItemPrice>14.70</ItemPrice>
      <UnitOfMeasurePrice>7.9891</UnitOfMeasurePrice>
      <AllowDiscount>1</AllowDiscount>
      <ItemStatus>1</ItemStatus>
      <ItemId>55492</ItemId>
    </Item>
    <Item>
      <PriceUpdateDate>2016-05-19 11:18:49</PriceUpdateDate>
      <ItemCode>7290010328253</ItemCode>
      <ItemType>1</ItemType>
      <ItemName>טחינה גולמית אחווה</ItemName>
      <ManufacturerName>אחווה</ManufacturerName>
      <ManufactureCountry>ישראל</ManufactureCountry>
      <ManufacturerItemDescription>טחינה גולמית אחווה 500 גרם</ManufacturerItemDescription>
      <UnitQty>גרמים</UnitQty>
      <Quantity>500.00</Quantity>
      <UnitOfMeasure>100 גרם</UnitOfMeasure>
      <bIsWeighted>0</bIsWeighted>
      <QtyInPackage>1</QtyInPackage>
      <ItemPrice>14.90</ItemPrice>
      <UnitOfMeasurePrice>2.9800</UnitOfMeasurePrice>
      <AllowDiscount>1</AllowDiscount>
      <ItemStatus>1</ItemStatus>
      <ItemId>72100</ItemId>
    </Item>
    <Item>
      <PriceUpdateDate>2016-02-11 11:19:43</PriceUpdateDate>
      <ItemCode>7290102396962</ItemCode>
      <ItemType>1</ItemType>
      <ItemName>חלב 1 3% ליטר בשקית</ItemName>
      <ManufacturerName>טרה</ManufacturerName>
      <ManufactureCountry>ישראל</ManufactureCountry>
      <ManufacturerItemDescription>חלב 1 3% ליטר בשקית פיקוח</ManufacturerItemDescription>
      <UnitQty>ליטרים</UnitQty>
      <Quantity>1.00</Quantity>
      <UnitOfMeasure>ליטר</UnitOfMeasure>
      <bIsWeighted>0</bIsWeighted>
      <QtyInPackage>1</QtyInPackage>
      <ItemPrice>5.00</ItemPrice>
      <UnitOfMeasurePrice>5.0000</UnitOfMeasurePrice>
      <AllowDiscount>1</AllowDiscount>
      <ItemStatus>1</ItemStatus>
      <ItemId>104609</ItemId>
    </Item>
    <Item>
      <PriceUpdateDate>2015-10-01 06:16:24</PriceUpdateDate>
      <ItemCode>7290107872348</ItemCode>
      <ItemType>1</ItemType>
      <ItemName>קרחון שרבט ספיידרמן</ItemName>
      <ManufacturerName>נגה גלידות</ManufacturerName>
      <ManufactureCountry>ישראל</ManufactureCountry>
      <ManufacturerItemDescription>קרחון שרבט ספיידרמן והנוקמים</ManufacturerItemDescription>
      <UnitQty>גרמים</UnitQty>
      <Quantity>80.00</Quantity>
      <UnitOfMeasure>100 גרם</UnitOfMeasure>
      <bIsWeighted>0</bIsWeighted>
      <QtyInPackage>1</QtyInPackage>
      <ItemPrice>8.80</ItemPrice>
      <UnitOfMeasurePrice>11.0000</UnitOfMeasurePrice>
      <AllowDiscount>1</AllowDiscount>
      <ItemStatus>1</ItemStatus>
      <ItemId>101927</ItemId>
    </Item>
    <Item>
      <PriceUpdateDate>2015-10-01 06:13:57</PriceUpdateDate>
      <ItemCode>7290012578083</ItemCode>
      <ItemType>1</ItemType>
      <ItemName>קוקטייל פירות בסירופ</ItemName>
      <ManufacturerName>לנגברג</ManufacturerName>
      <ManufactureCountry>דרום אפריקה</ManufactureCountry>
      <ManufacturerItemDescription>קוקטייל פירות בסירופ מגה 825 ג</ManufacturerItemDescription>
      <UnitQty>גרמים</UnitQty>
      <Quantity>825.00</Quantity>
      <UnitOfMeasure>100 גרם</UnitOfMeasure>
      <bIsWeighted>0</bIsWeighted>
      <QtyInPackage>1</QtyInPackage>
      <ItemPrice>14.40</ItemPrice>
      <UnitOfMeasurePrice>1.7455</UnitOfMeasurePrice>
      <AllowDiscount>1</AllowDiscount>
      <ItemStatus>1</ItemStatus>
      <ItemId>57227</ItemId>
    </Item>
    <Item>
      <PriceUpdateDate>2015-10-01 06:13:57</PriceUpdateDate>
      <ItemCode>7290012579929</ItemCode>
      <ItemType>1</ItemType>
      <ItemName>אורז יסמין</ItemName>
      <ManufacturerName>דין שיווק</ManufacturerName>
      <ManufactureCountry>ישראל</ManufactureCountry>
      <ManufacturerItemDescription>אורז יסמין 1 ק"ג מגה</ManufacturerItemDescription>
      <UnitQty>קילוגרמים</UnitQty>
      <Quantity>1.00</Quantity>
      <UnitOfMeasure>ק"ג</UnitOfMeasure>
      <bIsWeighted>0</bIsWeighted>
      <QtyInPackage>1</QtyInPackage>
      <ItemPrice>10.40</ItemPrice>
      <UnitOfMeasurePrice>10.4000</UnitOfMeasurePrice>
      <AllowDiscount>1</AllowDiscount>
      <ItemStatus>1</ItemStatus>
      <ItemId>57285</ItemId>
    </Item>
    <Item>
      <PriceUpdateDate>2015-07-24 06:44:40</PriceUpdateDate>
      <ItemCode>7290003525294</ItemCode>
      <ItemType>1</ItemType>
      <ItemName>דקל לבבות חתוך</ItemName>
      <ManufacturerName>אלימנטוס</ManufacturerName>
      <ManufactureCountry>אקוודור</ManufactureCountry>
      <ManufacturerItemDescription>דקל לבבות חתוך 400 גר</ManufacturerItemDescription>
      <UnitQty>גרמים</UnitQty>
      <Quantity>400.00</Quantity>
      <UnitOfMeasure>100 גרם</UnitOfMeasure>
      <bIsWeighted>0</bIsWeighted>
      <QtyInPackage>1</QtyInPackage>
      <ItemPrice>7.50</ItemPrice>
      <UnitOfMeasurePrice>1.8750</UnitOfMeasurePrice>
      <AllowDiscount>1</AllowDiscount>
      <ItemStatus>1</ItemStatus>
      <ItemId>90817</ItemId>
    </Item>
    <Item>
      <PriceUpdateDate>2016-06-07 08:19:31</PriceUpdateDate>
      <ItemCode>7290011964658</ItemCode>
      <ItemType>1</ItemType>
      <ItemName>מלח לימון</ItemName>
      <ManufacturerName>תבליני טעם וריח</ManufacturerName>
      <ManufactureCountry>לא ידוע</ManufactureCountry>
      <ManufacturerItemDescription>מלח לימון 170 גר                       "</ManufacturerItemDescription>
      <UnitQty>גרמים</UnitQty>
      <Quantity>170.00</Quantity>
      <UnitOfMeasure>100 גרם</UnitOfMeasure>
      <bIsWeighted>0</bIsWeighted>
      <QtyInPackage>1</QtyInPackage>
      <ItemPrice>11.20</ItemPrice>
      <UnitOfMeasurePrice>6.5882</UnitOfMeasurePrice>
      <AllowDiscount>1</AllowDiscount>
      <ItemStatus>1</ItemStatus>
      <ItemId>56044</ItemId>
    </Item>
    <Item>
      <PriceUpdateDate>2015-10-01 06:16:24</PriceUpdateDate>
      <ItemCode>7613035124288</ItemCode>
      <ItemType>1</ItemType>
      <ItemName>שלגון פופ אפ סמארטיס</ItemName>
      <ManufacturerName>נגה גלידות</ManufacturerName>
      <ManufactureCountry>ספרד</ManufactureCountry>
      <ManufacturerItemDescription>שלגון פופ אפ סמארטיס</ManufacturerItemDescription>
      <UnitQty>גרמים</UnitQty>
      <Quantity>50.00</Quantity>
      <UnitOfMeasure>100 גרם</UnitOfMeasure>
      <bIsWeighted>0</bIsWeighted>
      <QtyInPackage>1</QtyInPackage>
      <ItemPrice>7.80</ItemPrice>
      <UnitOfMeasurePrice>15.6000</UnitOfMeasurePrice>
      <AllowDiscount>1</AllowDiscount>
      <ItemStatus>1</ItemStatus>
      <ItemId>101928</ItemId>
    </Item>
    <Item>
      <PriceUpdateDate>2015-10-01 06:15:14</PriceUpdateDate>
      <ItemCode>7290013038005</ItemCode>
      <ItemType>1</ItemType>
      <ItemName>משקל גאמפ תפוח</ItemName>
      <ManufacturerName>טמפו</ManufacturerName>
      <ManufactureCountry>ישראל</ManufactureCountry>
      <ManufacturerItemDescription>משקל גאמפ תפוח 1.5 ליטר</ManufacturerItemDescription>
      <UnitQty>ליטרים</UnitQty>
      <Quantity>1.50</Quantity>
      <UnitOfMeasure>ליטר</UnitOfMeasure>
      <bIsWeighted>0</bIsWeighted>
      <QtyInPackage>1</QtyInPackage>
      <ItemPrice>5.90</ItemPrice>
      <UnitOfMeasurePrice>3.9333</UnitOfMeasurePrice>
      <AllowDiscount>1</AllowDiscount>
      <ItemStatus>1</ItemStatus>
      <ItemId>58716</ItemId>
    </Item>
    <Item>
      <PriceUpdateDate>2015-10-01 06:14:02</PriceUpdateDate>
      <ItemCode>7290013535122</ItemCode>
      <ItemType>1</ItemType>
      <ItemName>ג"ל לניקוי אסלות</ItemName>
      <ManufacturerName>סאסא טק</ManufacturerName>
      <ManufactureCountry>ישראל</ManufactureCountry>
      <ManufacturerItemDescription>גל לניקוי אסלות לימון מגה          750</ManufacturerItemDescription>
      <UnitQty>מיליליטרים</UnitQty>
      <Quantity>750.00</Quantity>
      <UnitOfMeasure>100 מ"ל</UnitOfMeasure>
      <bIsWeighted>0</bIsWeighted>
      <QtyInPackage>1</QtyInPackage>
      <ItemPrice>10.80</ItemPrice>
      <UnitOfMeasurePrice>1.4400</UnitOfMeasurePrice>
      <AllowDiscount>1</AllowDiscount>
      <ItemStatus>1</ItemStatus>
      <ItemId>71531</ItemId>
    </Item>
    <Item>
      <PriceUpdateDate>2015-10-01 06:16:25</PriceUpdateDate>
      <ItemCode>8000380004669</ItemCode>
      <ItemType>1</ItemType>
      <ItemName>וופל קקאו לואקר 200</ItemName>
      <ManufacturerName>לואקר</ManufacturerName>
      <ManufactureCountry>לא ידוע</ManufactureCountry>
      <ManufacturerItemDescription>וופל קקאו לואקר 200 גרם</ManufacturerItemDescription>
      <UnitQty>גרמים</UnitQty>
      <Quantity>200.00</Quantity>
      <UnitOfMeasure>100 גרם</UnitOfMeasure>
      <bIsWeighted>0</bIsWeighted>
      <QtyInPackage>1</QtyInPackage>
      <ItemPrice>14.50</ItemPrice>
      <UnitOfMeasurePrice>7.2500</UnitOfMeasurePrice>
      <AllowDiscount>1</AllowDiscount>
      <ItemStatus>1</ItemStatus>
      <ItemId>58910</ItemId>
    </Item>
    <Item>
      <PriceUpdateDate>2015-01-01 00:00:00</PriceUpdateDate>
      <ItemCode>7290000156545</ItemCode>
      <ItemType>1</ItemType>
      <ItemName>פסטרמה מקסיקנית 300</ItemName>
      <ManufacturerName>עוף טוב</ManufacturerName>
      <ManufactureCountry>לא ידוע</ManufactureCountry>
      <ManufacturerItemDescription>פסטרמה מקסיקנית 300 ג "עוף טוב</ManufacturerItemDescription>
      <UnitQty>גרמים</UnitQty>
      <Quantity>300.00</Quantity>
      <UnitOfMeasure>100 גרם</UnitOfMeasure>
      <bIsWeighted>0</bIsWeighted>
      <QtyInPackage>1</QtyInPackage>
      <ItemPrice>29.30</ItemPrice>
      <UnitOfMeasurePrice>9.7667</UnitOfMeasurePrice>
      <AllowDiscount>1</AllowDiscount>
      <ItemStatus>1</ItemStatus>
      <ItemId>58914</ItemId>
    </Item>
    <Item>
      <PriceUpdateDate>2015-10-01 06:13:39</PriceUpdateDate>
      <ItemCode>42153153</ItemCode>
      <ItemType>1</ItemType>
      <ItemName>גל רחצה שוקולד אקס</ItemName>
      <ManufacturerName>יוניליוור גרמניה (בו</ManufacturerName>
      <ManufactureCountry>גרמניה</ManufactureCountry>
      <ManufacturerItemDescription>אקס ג"ל רחצה שוקולד 400 מ"ל</ManufacturerItemDescription>
      <UnitQty>מיליליטרים</UnitQty>
      <Quantity>400.00</Quantity>
      <UnitOfMeasure>100 מ"ל</UnitOfMeasure>
      <bIsWeighted>0</bIsWeighted>
      <QtyInPackage>1</QtyInPackage>
      <ItemPrice>14.80</ItemPrice>
      <UnitOfMeasurePrice>3.7000</UnitOfMeasurePrice>
      <AllowDiscount>1</AllowDiscount>
      <ItemStatus>1</ItemStatus>
      <ItemId>59069</ItemId>
    </Item>
    <Item>
      <PriceUpdateDate>2016-07-20 07:59:42</PriceUpdateDate>
      <ItemCode>7290006362209</ItemCode>
      <ItemType>1</ItemType>
      <ItemName>יין קברנה סוביניון</ItemName>
      <ManufacturerName>ברקן</ManufacturerName>
      <ManufactureCountry>לא ידוע</ManufactureCountry>
      <ManufacturerItemDescription>יין קברנה סוביניון 750 מ"ל</ManufacturerItemDescription>
      <UnitQty>Unknown </UnitQty>
      <Quantity>0.00</Quantity>
      <UnitOfMeasure>Unknown </UnitOfMeasure>
      <bIsWeighted>0</bIsWeighted>
      <QtyInPackage>1</QtyInPackage>
      <ItemPrice>34.90</ItemPrice>
      <UnitOfMeasurePrice>0.0000</UnitOfMeasurePrice>
      <AllowDiscount>1</AllowDiscount>
      <ItemStatus>1</ItemStatus>
      <ItemId>59113</ItemId>
    </Item>
    <Item>
      <PriceUpdateDate>2016-07-20 07:59:43</PriceUpdateDate>
      <ItemCode>7290006362582</ItemCode>
      <ItemType>1</ItemType>
      <ItemName>יין אמרלד ריזלינג</ItemName>
      <ManufacturerName>ברקן</ManufacturerName>
      <ManufactureCountry>לא ידוע</ManufactureCountry>
      <ManufacturerItemDescription>יין אמרלד ריזלינג 750 מ"ל</ManufacturerItemDescription>
      <UnitQty>Unknown </UnitQty>
      <Quantity>0.00</Quantity>
      <UnitOfMeasure>Unknown </UnitOfMeasure>
      <bIsWeighted>0</bIsWeighted>
      <QtyInPackage>1</QtyInPackage>
      <ItemPrice>34.90</ItemPrice>
      <UnitOfMeasurePrice>0.0000</UnitOfMeasurePrice>
      <AllowDiscount>1</AllowDiscount>
      <ItemStatus>1</ItemStatus>
      <ItemId>59115</ItemId>
    </Item>
    <Item>
      <PriceUpdateDate>2016-01-28 10:38:39</PriceUpdateDate>
      <ItemCode>7290000572215</ItemCode>
      <ItemType>1</ItemType>
      <ItemName>חלבה מצופה</ItemName>
      <ManufacturerName>אחווה</ManufacturerName>
      <ManufactureCountry>ישראל</ManufactureCountry>
      <ManufacturerItemDescription>חלבה מצופה 80 גר</ManufacturerItemDescription>
      <UnitQty>גרמים</UnitQty>
      <Quantity>80.00</Quantity>
      <UnitOfMeasure>100 גרם</UnitOfMeasure>
      <bIsWeighted>0</bIsWeighted>
      <QtyInPackage>1</QtyInPackage>
      <ItemPrice>4.50</ItemPrice>
      <UnitOfMeasurePrice>5.6250</UnitOfMeasurePrice>
      <AllowDiscount>1</AllowDiscount>
      <ItemStatus>1</ItemStatus>
      <ItemId>59287</ItemId>
    </Item>
    <Item>
      <PriceUpdateDate>2015-10-01 06:22:57</PriceUpdateDate>
      <ItemCode>7290011909048</ItemCode>
      <ItemType>1</ItemType>
      <ItemName>בקבוק מים חמים</ItemName>
      <ManufacturerName>יושלם</ManufacturerName>
      <ManufactureCountry>יושלם</ManufactureCountry>
      <ManufacturerItemDescription>בקבוק מים חמים</ManufacturerItemDescription>
      <UnitQty>Unknown </UnitQty>
      <Quantity>0.00</Quantity>
      <UnitOfMeasure>Unknown </UnitOfMeasure>
      <bIsWeighted>0</bIsWeighted>
      <QtyInPackage>1</QtyInPackage>
      <ItemPrice>21.80</ItemPrice>
      <UnitOfMeasurePrice>0.0000</UnitOfMeasurePrice>
      <AllowDiscount>1</AllowDiscount>
      <ItemStatus>1</ItemStatus>
      <ItemId>59277</ItemId>
    </Item>
    <Item>
      <PriceUpdateDate>2015-08-12 06:10:46</PriceUpdateDate>
      <ItemCode>7290104060403</ItemCode>
      <ItemType>1</ItemType>
      <ItemName>מסטיק מאסט בזוקה</ItemName>
      <ManufacturerName>שטראוס גרופ</ManufacturerName>
      <ManufactureCountry>ישראל</ManufactureCountry>
      <ManufacturerItemDescription>מסטיק מאסט בזוקה ענבים ללא סוכ</ManufacturerItemDescription>
      <UnitQty>Unknown </UnitQty>
      <Quantity>0.00</Quantity>
      <UnitOfMeasure>Unknown </UnitOfMeasure>
      <bIsWeighted>0</bIsWeighted>
      <QtyInPackage>1</QtyInPackage>
      <ItemPrice>4.90</ItemPrice>
      <UnitOfMeasurePrice>0.0000</UnitOfMeasurePrice>
      <AllowDiscount>1</AllowDiscount>
      <ItemStatus>1</ItemStatus>
      <ItemId>59454</ItemId>
    </Item>
    <Item>
      <PriceUpdateDate>2015-10-01 06:13:39</PriceUpdateDate>
      <ItemCode>7290100245231</ItemCode>
      <ItemType>1</ItemType>
      <ItemName>מרקנמס בכוס טעם עוף</ItemName>
      <ManufacturerName>אתר חיפה אבקות - Foo</ManufacturerName>
      <ManufactureCountry>לא ידוע</ManufactureCountry>
      <ManufacturerItemDescription>מרק נמס בכוס ועוד טעם עוף שקדי מרק</ManufacturerItemDescription>
      <UnitQty>גרמים</UnitQty>
      <Quantity>50.00</Quantity>
      <UnitOfMeasure>100 גרם</UnitOfMeasure>
      <bIsWeighted>0</bIsWeighted>
      <QtyInPackage>1</QtyInPackage>
      <ItemPrice>7.30</ItemPrice>
      <UnitOfMeasurePrice>14.6000</UnitOfMeasurePrice>
      <AllowDiscount>1</AllowDiscount>
      <ItemStatus>1</ItemStatus>
      <ItemId>59562</ItemId>
    </Item>
    <Item>
      <PriceUpdateDate>2015-07-17 07:33:06</PriceUpdateDate>
      <ItemCode>7290100700273</ItemCode>
      <ItemType>1</ItemType>
      <ItemName>קינואה</ItemName>
      <ManufacturerName>סוגת</ManufacturerName>
      <ManufactureCountry>לא ידוע</ManufactureCountry>
      <ManufacturerItemDescription>קינואה סוגת 500 גרם</ManufacturerItemDescription>
      <UnitQty>גרמים</UnitQty>
      <Quantity>500.00</Quantity>
      <UnitOfMeasure>100 גרם</UnitOfMeasure>
      <bIsWeighted>0</bIsWeighted>
      <QtyInPackage>1</QtyInPackage>
      <ItemPrice>27.90</ItemPrice>
      <UnitOfMeasurePrice>5.5800</UnitOfMeasurePrice>
      <AllowDiscount>1</AllowDiscount>
      <ItemStatus>1</ItemStatus>
      <ItemId>59565</ItemId>
    </Item>
    <Item>
      <PriceUpdateDate>2015-12-30 08:34:38</PriceUpdateDate>
      <ItemCode>7290002007029</ItemCode>
      <ItemType>1</ItemType>
      <ItemName>קוקוס 100 גרם</ItemName>
      <ManufacturerName>הנמל</ManufacturerName>
      <ManufactureCountry>ישראל</ManufactureCountry>
      <ManufacturerItemDescription>קוקוס 100 גרם</ManufacturerItemDescription>
      <UnitQty>גרמים</UnitQty>
      <Quantity>100.00</Quantity>
      <UnitOfMeasure>100 גרם</UnitOfMeasure>
      <bIsWeighted>0</bIsWeighted>
      <QtyInPackage>1</QtyInPackage>
      <ItemPrice>4.50</ItemPrice>
      <UnitOfMeasurePrice>4.5000</UnitOfMeasurePrice>
      <AllowDiscount>1</AllowDiscount>
      <ItemStatus>1</ItemStatus>
      <ItemId>59686</ItemId>
    </Item>
    <Item>
      <PriceUpdateDate>2015-01-01 00:00:00</PriceUpdateDate>
      <ItemCode>802084130983</ItemCode>
      <ItemType>1</ItemType>
      <ItemName>פחמים  לנרגילה 10 יח</ItemName>
      <ManufacturerName>יושלם</ManufacturerName>
      <ManufactureCountry>יושלם</ManufactureCountry>
      <ManufacturerItemDescription>פחמים לטבק 10 יח</ManufacturerItemDescription>
      <UnitQty>Unknown </UnitQty>
      <Quantity>0.00</Quantity>
      <UnitOfMeasure>Unknown </UnitOfMeasure>
      <bIsWeighted>0</bIsWeighted>
      <QtyInPackage>1</QtyInPackage>
      <ItemPrice>8.90</ItemPrice>
      <UnitOfMeasurePrice>0.0000</UnitOfMeasurePrice>
      <AllowDiscount>0</AllowDiscount>
      <ItemStatus>1</ItemStatus>
      <ItemId>59737</ItemId>
    </Item>
    <Item>
      <PriceUpdateDate>2015-10-01 06:15:04</PriceUpdateDate>
      <ItemCode>4009300524588</ItemCode>
      <ItemType>1</ItemType>
      <ItemName>תה פומפדור חליטה</ItemName>
      <ManufacturerName>TEEKANNE GMBH &amp; CO.</ManufacturerName>
      <ManufactureCountry>גרמניה</ManufactureCountry>
      <ManufacturerItemDescription>תה פומפדור חליטה פירות יער</ManufacturerItemDescription>
      <UnitQty>גרמים</UnitQty>
      <Quantity>60.00</Quantity>
      <UnitOfMeasure>100 גרם</UnitOfMeasure>
      <bIsWeighted>0</bIsWeighted>
      <QtyInPackage>1</QtyInPackage>
      <ItemPrice>20.40</ItemPrice>
      <UnitOfMeasurePrice>34.0000</UnitOfMeasurePrice>
      <AllowDiscount>1</AllowDiscount>
      <ItemStatus>1</ItemStatus>
      <ItemId>59770</ItemId>
    </Item>
    <Item>
      <PriceUpdateDate>2015-10-01 06:14:02</PriceUpdateDate>
      <ItemCode>7290013535139</ItemCode>
      <ItemType>1</ItemType>
      <ItemName>ג"ל לניקוי אסלות</ItemName>
      <ManufacturerName>סאסאטק</ManufacturerName>
      <ManufactureCountry>ישראל</ManufactureCountry>
      <ManufacturerItemDescription>ג"ל לניקוי אסלות מרענן מגה          750</ManufacturerItemDescription>
      <UnitQty>מיליליטרים</UnitQty>
      <Quantity>750.00</Quantity>
      <UnitOfMeasure>100 מ"ל</UnitOfMeasure>
      <bIsWeighted>0</bIsWeighted>
      <QtyInPackage>1</QtyInPackage>
      <ItemPrice>10.80</ItemPrice>
      <UnitOfMeasurePrice>1.4400</UnitOfMeasurePrice>
      <AllowDiscount>1</AllowDiscount>
      <ItemStatus>1</ItemStatus>
      <ItemId>71532</ItemId>
    </Item>
    <Item>
      <PriceUpdateDate>2015-10-01 06:17:30</PriceUpdateDate>
      <ItemCode>3014260240226</ItemCode>
      <ItemType>1</ItemType>
      <ItemName>קצף גילוח</ItemName>
      <ManufacturerName>פרוקטר אנד גמבל</ManufacturerName>
      <ManufactureCountry>בריטניה</ManufactureCountry>
      <ManufacturerItemDescription>ג"ילט קצף גילוח קלסיק רגיש</ManufacturerItemDescription>
      <UnitQty>מיליליטרים</UnitQty>
      <Quantity>200.00</Quantity>
      <UnitOfMeasure>100 מ"ל</UnitOfMeasure>
      <bIsWeighted>0</bIsWeighted>
      <QtyInPackage>1</QtyInPackage>
      <ItemPrice>17.70</ItemPrice>
      <UnitOfMeasurePrice>8.8500</UnitOfMeasurePrice>
      <AllowDiscount>1</AllowDiscount>
      <ItemStatus>1</ItemStatus>
      <ItemId>60055</ItemId>
    </Item>
    <Item>
      <PriceUpdateDate>2016-03-09 08:05:56</PriceUpdateDate>
      <ItemCode>7290011154301</ItemCode>
      <ItemType>1</ItemType>
      <ItemName>ממרח תמרים</ItemName>
      <ManufacturerName>דין שיווק וקליה בע"מ</ManufacturerName>
      <ManufactureCountry>ישראל</ManufactureCountry>
      <ManufacturerItemDescription>ממרח תמרים 450 גר                      .</ManufacturerItemDescription>
      <UnitQty>גרמים</UnitQty>
      <Quantity>450.00</Quantity>
      <UnitOfMeasure>100 גרם</UnitOfMeasure>
      <bIsWeighted>0</bIsWeighted>
      <QtyInPackage>1</QtyInPackage>
      <ItemPrice>7.90</ItemPrice>
      <UnitOfMeasurePrice>1.7556</UnitOfMeasurePrice>
      <AllowDiscount>1</AllowDiscount>
      <ItemStatus>1</ItemStatus>
      <ItemId>60079</ItemId>
    </Item>
    <Item>
      <PriceUpdateDate>2015-10-01 06:22:49</PriceUpdateDate>
      <ItemCode>9002859036842</ItemCode>
      <ItemType>1</ItemType>
      <ItemName>בונבונירה גונץ טרופל</ItemName>
      <ManufacturerName>גונץ</ManufacturerName>
      <ManufactureCountry>אוסטריה</ManufactureCountry>
      <ManufacturerItemDescription>בונבונירה גונץ טרופל שטוח ש.לב</ManufacturerItemDescription>
      <UnitQty>גרמים</UnitQty>
      <Quantity>200.00</Quantity>
      <UnitOfMeasure>100 גרם</UnitOfMeasure>
      <bIsWeighted>0</bIsWeighted>
      <QtyInPackage>1</QtyInPackage>
      <ItemPrice>19.70</ItemPrice>
      <UnitOfMeasurePrice>9.8500</UnitOfMeasurePrice>
      <AllowDiscount>1</AllowDiscount>
      <ItemStatus>1</ItemStatus>
      <ItemId>60103</ItemId>
    </Item>
    <Item>
      <PriceUpdateDate>2015-10-01 06:18:40</PriceUpdateDate>
      <ItemCode>7290000051710</ItemCode>
      <ItemType>1</ItemType>
      <ItemName>לאבנה שמן זית וזעתר</ItemName>
      <ManufacturerName>תנובה מרכז שיתופי לש</ManufacturerName>
      <ManufactureCountry>ישראל</ManufactureCountry>
      <ManufacturerItemDescription>לאבנה שמן זית וזעתר 263 גרם</ManufacturerItemDescription>
      <UnitQty>גרמים</UnitQty>
      <Quantity>263.00</Quantity>
      <UnitOfMeasure>100 גרם</UnitOfMeasure>
      <bIsWeighted>0</bIsWeighted>
      <QtyInPackage>1</QtyInPackage>
      <ItemPrice>13.80</ItemPrice>
      <UnitOfMeasurePrice>5.2471</UnitOfMeasurePrice>
      <AllowDiscount>1</AllowDiscount>
      <ItemStatus>1</ItemStatus>
      <ItemId>60279</ItemId>
    </Item>
    <Item>
      <PriceUpdateDate>2016-02-11 11:19:43</PriceUpdateDate>
      <ItemCode>7290102392636</ItemCode>
      <ItemType>1</ItemType>
      <ItemName>שמנת מתוקה עמידה 250</ItemName>
      <ManufacturerName>טרה</ManufacturerName>
      <ManufactureCountry>ישראל</ManufactureCountry>
      <ManufacturerItemDescription>שמנת מתוקה עמידה 250 38% מל</ManufacturerItemDescription>
      <UnitQty>מיליליטרים</UnitQty>
      <Quantity>250.00</Quantity>
      <UnitOfMeasure>100 מ"ל</UnitOfMeasure>
      <bIsWeighted>0</bIsWeighted>
      <QtyInPackage>1</QtyInPackage>
      <ItemPrice>5.90</ItemPrice>
      <UnitOfMeasurePrice>2.3600</UnitOfMeasurePrice>
      <AllowDiscount>1</AllowDiscount>
      <ItemStatus>1</ItemStatus>
      <ItemId>60282</ItemId>
    </Item>
    <Item>
      <PriceUpdateDate>2015-10-01 06:13:21</PriceUpdateDate>
      <ItemCode>7290104061417</ItemCode>
      <ItemType>1</ItemType>
      <ItemName>סלט חומוס וטחינה</ItemName>
      <ManufacturerName>שטראוס גרופ</ManufacturerName>
      <ManufactureCountry>ישראל</ManufactureCountry>
      <ManufacturerItemDescription>סלט חומוס וטחינה 400 גרם</ManufacturerItemDescription>
      <UnitQty>גרמים</UnitQty>
      <Quantity>400.00</Quantity>
      <UnitOfMeasure>100 גרם</UnitOfMeasure>
      <bIsWeighted>0</bIsWeighted>
      <QtyInPackage>1</QtyInPackage>
      <ItemPrice>12.20</ItemPrice>
      <UnitOfMeasurePrice>3.0500</UnitOfMeasurePrice>
      <AllowDiscount>1</AllowDiscount>
      <ItemStatus>1</ItemStatus>
      <ItemId>60287</ItemId>
    </Item>
    <Item>
      <PriceUpdateDate>2015-10-01 06:13:21</PriceUpdateDate>
      <ItemCode>7290104061424</ItemCode>
      <ItemType>1</ItemType>
      <ItemName>סלט חומוס וזעתר</ItemName>
      <ManufacturerName>שטראוס גרופ</ManufacturerName>
      <ManufactureCountry>ישראל</ManufactureCountry>
      <ManufacturerItemDescription>סלט חומוס וזעתר 400 גרם</ManufacturerItemDescription>
      <UnitQty>גרמים</UnitQty>
      <Quantity>400.00</Quantity>
      <UnitOfMeasure>100 גרם</UnitOfMeasure>
      <bIsWeighted>0</bIsWeighted>
      <QtyInPackage>1</QtyInPackage>
      <ItemPrice>12.20</ItemPrice>
      <UnitOfMeasurePrice>3.0500</UnitOfMeasurePrice>
      <AllowDiscount>1</AllowDiscount>
      <ItemStatus>1</ItemStatus>
      <ItemId>60288</ItemId>
    </Item>
    <Item>
      <PriceUpdateDate>2015-10-01 06:13:21</PriceUpdateDate>
      <ItemCode>7290104061431</ItemCode>
      <ItemType>1</ItemType>
      <ItemName>סלט חומוס וצנובר</ItemName>
      <ManufacturerName>שטראוס גרופ</ManufacturerName>
      <ManufactureCountry>ישראל</ManufactureCountry>
      <ManufacturerItemDescription>סלט חומוס וצנובר 400 גרם</ManufacturerItemDescription>
      <UnitQty>גרמים</UnitQty>
      <Quantity>400.00</Quantity>
      <UnitOfMeasure>100 גרם</UnitOfMeasure>
      <bIsWeighted>0</bIsWeighted>
      <QtyInPackage>1</QtyInPackage>
      <ItemPrice>12.20</ItemPrice>
      <UnitOfMeasurePrice>3.0500</UnitOfMeasurePrice>
      <AllowDiscount>1</AllowDiscount>
      <ItemStatus>1</ItemStatus>
      <ItemId>60289</ItemId>
    </Item>
    <Item>
      <PriceUpdateDate>2015-10-01 06:13:21</PriceUpdateDate>
      <ItemCode>7290104061448</ItemCode>
      <ItemType>1</ItemType>
      <ItemName>סלט חומוס וחריף</ItemName>
      <ManufacturerName>שטראוס גרופ</ManufacturerName>
      <ManufactureCountry>ישראל</ManufactureCountry>
      <ManufacturerItemDescription>סלט חומוס וחריף 400 גרם</ManufacturerItemDescription>
      <UnitQty>גרמים</UnitQty>
      <Quantity>400.00</Quantity>
      <UnitOfMeasure>100 גרם</UnitOfMeasure>
      <bIsWeighted>0</bIsWeighted>
      <QtyInPackage>1</QtyInPackage>
      <ItemPrice>12.20</ItemPrice>
      <UnitOfMeasurePrice>3.0500</UnitOfMeasurePrice>
      <AllowDiscount>1</AllowDiscount>
      <ItemStatus>1</ItemStatus>
      <ItemId>60290</ItemId>
    </Item>
    <Item>
      <PriceUpdateDate>2015-10-01 06:16:20</PriceUpdateDate>
      <ItemCode>7290011959692</ItemCode>
      <ItemType>1</ItemType>
      <ItemName>ביסקולידה ביג</ItemName>
      <ManufacturerName>נגה גלידות</ManufacturerName>
      <ManufactureCountry>ישראל</ManufactureCountry>
      <ManufacturerItemDescription>ביסקולידה ביג</ManufacturerItemDescription>
      <UnitQty>Unknown </UnitQty>
      <Quantity>0.00</Quantity>
      <UnitOfMeasure>Unknown </UnitOfMeasure>
      <bIsWeighted>0</bIsWeighted>
      <QtyInPackage>1</QtyInPackage>
      <ItemPrice>8.80</ItemPrice>
      <UnitOfMeasurePrice>0.0000</UnitOfMeasurePrice>
      <AllowDiscount>1</AllowDiscount>
      <ItemStatus>1</ItemStatus>
      <ItemId>60433</ItemId>
    </Item>
    <Item>
      <PriceUpdateDate>2015-10-01 06:14:40</PriceUpdateDate>
      <ItemCode>7290012117039</ItemCode>
      <ItemType>1</ItemType>
      <ItemName>נוזל לניקוי אמבטיה</ItemName>
      <ManufacturerName>סנו</ManufacturerName>
      <ManufactureCountry>ישראל</ManufactureCountry>
      <ManufacturerItemDescription>נוזל ניקוי אמבטיה 1  00 ל</ManufacturerItemDescription>
      <UnitQty>ליטרים</UnitQty>
      <Quantity>1.00</Quantity>
      <UnitOfMeasure>ליטר</UnitOfMeasure>
      <bIsWeighted>0</bIsWeighted>
      <QtyInPackage>1</QtyInPackage>
      <ItemPrice>9.80</ItemPrice>
      <UnitOfMeasurePrice>9.8000</UnitOfMeasurePrice>
      <AllowDiscount>1</AllowDiscount>
      <ItemStatus>1</ItemStatus>
      <ItemId>60477</ItemId>
    </Item>
    <Item>
      <PriceUpdateDate>2015-12-25 08:01:47</PriceUpdateDate>
      <ItemCode>7290012117275</ItemCode>
      <ItemType>1</ItemType>
      <ItemName>סנוקליר חלונות</ItemName>
      <ManufacturerName>סנו</ManufacturerName>
      <ManufactureCountry>לא ידוע</ManufactureCountry>
      <ManufacturerItemDescription>סנוקליר חלונות 750 מ"ל מילוי</ManufacturerItemDescription>
      <UnitQty>מיליליטרים</UnitQty>
      <Quantity>750.00</Quantity>
      <UnitOfMeasure>100 מ"ל</UnitOfMeasure>
      <bIsWeighted>0</bIsWeighted>
      <QtyInPackage>1</QtyInPackage>
      <ItemPrice>8.90</ItemPrice>
      <UnitOfMeasurePrice>1.1867</UnitOfMeasurePrice>
      <AllowDiscount>1</AllowDiscount>
      <ItemStatus>1</ItemStatus>
      <ItemId>60478</ItemId>
    </Item>
    <Item>
      <PriceUpdateDate>2015-10-01 06:14:40</PriceUpdateDate>
      <ItemCode>7290012117350</ItemCode>
      <ItemType>1</ItemType>
      <ItemName>ריצפז פרש לילך לבנדר</ItemName>
      <ManufacturerName>סנו</ManufacturerName>
      <ManufactureCountry>ישראל</ManufactureCountry>
      <ManufacturerItemDescription>ריצפז פרש לילך לבנדר 2 ל</ManufacturerItemDescription>
      <UnitQty>ליטרים</UnitQty>
      <Quantity>2.00</Quantity>
      <UnitOfMeasure>ליטר</UnitOfMeasure>
      <bIsWeighted>0</bIsWeighted>
      <QtyInPackage>1</QtyInPackage>
      <ItemPrice>19.70</ItemPrice>
      <UnitOfMeasurePrice>9.8500</UnitOfMeasurePrice>
      <AllowDiscount>1</AllowDiscount>
      <ItemStatus>1</ItemStatus>
      <ItemId>60479</ItemId>
    </Item>
    <Item>
      <PriceUpdateDate>2015-01-01 00:00:00</PriceUpdateDate>
      <ItemCode>7290013027016</ItemCode>
      <ItemType>1</ItemType>
      <ItemName>לחם100%קמח מלא דגנים</ItemName>
      <ManufacturerName>מאפיית אנג'ל</ManufacturerName>
      <ManufactureCountry>ישראל</ManufactureCountry>
      <ManufacturerItemDescription>לחם 100% קמח מלא דגנים גרעינים</ManufacturerItemDescription>
      <UnitQty>גרמים</UnitQty>
      <Quantity>750.00</Quantity>
      <UnitOfMeasure>100 גרם</UnitOfMeasure>
      <bIsWeighted>0</bIsWeighted>
      <QtyInPackage>1</QtyInPackage>
      <ItemPrice>13.40</ItemPrice>
      <UnitOfMeasurePrice>1.7867</UnitOfMeasurePrice>
      <AllowDiscount>1</AllowDiscount>
      <ItemStatus>1</ItemStatus>
      <ItemId>60485</ItemId>
    </Item>
    <Item>
      <PriceUpdateDate>2015-10-01 06:13:21</PriceUpdateDate>
      <ItemCode>7290103403874</ItemCode>
      <ItemType>1</ItemType>
      <ItemName>טבלת פסק זמן לבן</ItemName>
      <ManufacturerName>שטראוס גרופ</ManufacturerName>
      <ManufactureCountry>ישראל</ManufactureCountry>
      <ManufacturerItemDescription>טבלת פסק זמן לבן 110 גרם</ManufacturerItemDescription>
      <UnitQty>גרמים</UnitQty>
      <Quantity>110.00</Quantity>
      <UnitOfMeasure>100 גרם</UnitOfMeasure>
      <bIsWeighted>0</bIsWeighted>
      <QtyInPackage>1</QtyInPackage>
      <ItemPrice>8.80</ItemPrice>
      <UnitOfMeasurePrice>8.0000</UnitOfMeasurePrice>
      <AllowDiscount>1</AllowDiscount>
      <ItemStatus>1</ItemStatus>
      <ItemId>60526</ItemId>
    </Item>
    <Item>
      <PriceUpdateDate>2015-08-02 08:17:34</PriceUpdateDate>
      <ItemCode>7290003411429</ItemCode>
      <ItemType>1</ItemType>
      <ItemName>שמרים יבשים עולה</ItemName>
      <ManufacturerName>אפי סקופ נהול סוכנוי</ManufacturerName>
      <ManufactureCountry>ישראל</ManufactureCountry>
      <ManufacturerItemDescription>שמרים יבשים עולה עולה33 1/3 גר</ManufacturerItemDescription>
      <UnitQty>גרמים</UnitQty>
      <Quantity>330.00</Quantity>
      <UnitOfMeasure>100 גרם</UnitOfMeasure>
      <bIsWeighted>0</bIsWeighted>
      <QtyInPackage>1</QtyInPackage>
      <ItemPrice>7.90</ItemPrice>
      <UnitOfMeasurePrice>2.3939</UnitOfMeasurePrice>
      <AllowDiscount>1</AllowDiscount>
      <ItemStatus>1</ItemStatus>
      <ItemId>60624</ItemId>
    </Item>
    <Item>
      <PriceUpdateDate>2015-01-01 00:00:00</PriceUpdateDate>
      <ItemCode>8697826469092</ItemCode>
      <ItemType>1</ItemType>
      <ItemName>עלי טורטיה קטנה</ItemName>
      <ManufacturerName>מוטלוקל</ManufacturerName>
      <ManufactureCountry>טורקיה</ManufactureCountry>
      <ManufacturerItemDescription>עלי טורטיה קטנה</ManufacturerItemDescription>
      <UnitQty>גרמים</UnitQty>
      <Quantity>365.00</Quantity>
      <UnitOfMeasure>100 גרם</UnitOfMeasure>
      <bIsWeighted>0</bIsWeighted>
      <QtyInPackage>1</QtyInPackage>
      <ItemPrice>11.90</ItemPrice>
      <UnitOfMeasurePrice>3.2603</UnitOfMeasurePrice>
      <AllowDiscount>1</AllowDiscount>
      <ItemStatus>1</ItemStatus>
      <ItemId>68518</ItemId>
    </Item>
    <Item>
      <PriceUpdateDate>2016-05-13 07:42:47</PriceUpdateDate>
      <ItemCode>7290000075693</ItemCode>
      <ItemType>1</ItemType>
      <ItemName>עוגת שמרים שוקולד</ItemName>
      <ManufacturerName>אסם</ManufacturerName>
      <ManufactureCountry>ישראל</ManufactureCountry>
      <ManufacturerItemDescription>עוגת הבית שמרים בריוש שוקולד</ManufacturerItemDescription>
      <UnitQty>גרמים</UnitQty>
      <Quantity>360.00</Quantity>
      <UnitOfMeasure>100 גרם</UnitOfMeasure>
      <bIsWeighted>0</bIsWeighted>
      <QtyInPackage>1</QtyInPackage>
      <ItemPrice>21.80</ItemPrice>
      <UnitOfMeasurePrice>6.0556</UnitOfMeasurePrice>
      <AllowDiscount>1</AllowDiscount>
      <ItemStatus>1</ItemStatus>
      <ItemId>60737</ItemId>
    </Item>
    <Item>
      <PriceUpdateDate>2015-10-01 06:17:29</PriceUpdateDate>
      <ItemCode>3014260214678</ItemCode>
      <ItemType>1</ItemType>
      <ItemName>קצף גילוח</ItemName>
      <ManufacturerName>פרוקטר אנד גמבל</ManufacturerName>
      <ManufactureCountry>בריטניה</ManufactureCountry>
      <ManufacturerItemDescription>סירייס קצף גילוח רגיש 250 מ"ל</ManufacturerItemDescription>
      <UnitQty>מיליליטרים</UnitQty>
      <Quantity>250.00</Quantity>
      <UnitOfMeasure>100 מ"ל</UnitOfMeasure>
      <bIsWeighted>0</bIsWeighted>
      <QtyInPackage>1</QtyInPackage>
      <ItemPrice>22.20</ItemPrice>
      <UnitOfMeasurePrice>8.8800</UnitOfMeasurePrice>
      <AllowDiscount>1</AllowDiscount>
      <ItemStatus>1</ItemStatus>
      <ItemId>60848</ItemId>
    </Item>
    <Item>
      <PriceUpdateDate>2015-10-01 06:17:29</PriceUpdateDate>
      <ItemCode>3014260227081</ItemCode>
      <ItemType>1</ItemType>
      <ItemName>קצף גילוח</ItemName>
      <ManufacturerName>פרוקטר אנד גמבל</ManufacturerName>
      <ManufactureCountry>בריטניה</ManufactureCountry>
      <ManufacturerItemDescription>סירייס קצף גילוח הגנה 250 מ"ל</ManufacturerItemDescription>
      <UnitQty>מיליליטרים</UnitQty>
      <Quantity>250.00</Quantity>
      <UnitOfMeasure>100 מ"ל</UnitOfMeasure>
      <bIsWeighted>0</bIsWeighted>
      <QtyInPackage>1</QtyInPackage>
      <ItemPrice>22.20</ItemPrice>
      <UnitOfMeasurePrice>8.8800</UnitOfMeasurePrice>
      <AllowDiscount>1</AllowDiscount>
      <ItemStatus>1</ItemStatus>
      <ItemId>60849</ItemId>
    </Item>
    <Item>
      <PriceUpdateDate>2015-10-01 06:17:37</PriceUpdateDate>
      <ItemCode>3014260228842</ItemCode>
      <ItemType>1</ItemType>
      <ItemName>ג"ילט קצף גילוח קלסי</ItemName>
      <ManufacturerName>יושלם</ManufacturerName>
      <ManufactureCountry>יושלם</ManufactureCountry>
      <ManufacturerItemDescription>גילט קצף גילוח קלסיק רגיל</ManufacturerItemDescription>
      <UnitQty>מיליליטרים</UnitQty>
      <Quantity>200.00</Quantity>
      <UnitOfMeasure>100 מ"ל</UnitOfMeasure>
      <bIsWeighted>0</bIsWeighted>
      <QtyInPackage>1</QtyInPackage>
      <ItemPrice>17.70</ItemPrice>
      <UnitOfMeasurePrice>8.8500</UnitOfMeasurePrice>
      <AllowDiscount>1</AllowDiscount>
      <ItemStatus>1</ItemStatus>
      <ItemId>60850</ItemId>
    </Item>
    <Item>
      <PriceUpdateDate>2015-10-01 06:16:29</PriceUpdateDate>
      <ItemCode>7290000189659</ItemCode>
      <ItemType>1</ItemType>
      <ItemName>מטליות לחות לרצפה</ItemName>
      <ManufacturerName>על בד</ManufacturerName>
      <ManufactureCountry>ישראל</ManufactureCountry>
      <ManufacturerItemDescription>מטליות לחות לרצפה ניקול 10 יח          "</ManufacturerItemDescription>
      <UnitQty>Unknown </UnitQty>
      <Quantity>0.00</Quantity>
      <UnitOfMeasure>Unknown </UnitOfMeasure>
      <bIsWeighted>0</bIsWeighted>
      <QtyInPackage>1</QtyInPackage>
      <ItemPrice>11.80</ItemPrice>
      <UnitOfMeasurePrice>0.0000</UnitOfMeasurePrice>
      <AllowDiscount>1</AllowDiscount>
      <ItemStatus>1</ItemStatus>
      <ItemId>60943</ItemId>
    </Item>
    <Item>
      <PriceUpdateDate>2015-10-01 06:14:40</PriceUpdateDate>
      <ItemCode>7290012116537</ItemCode>
      <ItemType>1</ItemType>
      <ItemName>אבקת כביסה מאסק</ItemName>
      <ManufacturerName>סנו</ManufacturerName>
      <ManufactureCountry>ישראל</ManufactureCountry>
      <ManufacturerItemDescription>אבק.כביסה מקסימה מאסק 2.5 קג</ManufacturerItemDescription>
      <UnitQty>קילוגרמים</UnitQty>
      <Quantity>2.50</Quantity>
      <UnitOfMeasure>ק"ג</UnitOfMeasure>
      <bIsWeighted>0</bIsWeighted>
      <QtyInPackage>1</QtyInPackage>
      <ItemPrice>25.60</ItemPrice>
      <UnitOfMeasurePrice>10.2400</UnitOfMeasurePrice>
      <AllowDiscount>1</AllowDiscount>
      <ItemStatus>1</ItemStatus>
      <ItemId>60954</ItemId>
    </Item>
    <Item>
      <PriceUpdateDate>2015-10-01 06:13:21</PriceUpdateDate>
      <ItemCode>7290011435349</ItemCode>
      <ItemType>1</ItemType>
      <ItemName>מעדן תפוז 100% פרי</ItemName>
      <ManufacturerName>בית אל מזון בע"מ</ManufacturerName>
      <ManufactureCountry>ישראל</ManufactureCountry>
      <ManufacturerItemDescription>מעדן תפוז 100% פרי 250 גרם</ManufacturerItemDescription>
      <UnitQty>גרמים</UnitQty>
      <Quantity>250.00</Quantity>
      <UnitOfMeasure>100 גרם</UnitOfMeasure>
      <bIsWeighted>0</bIsWeighted>
      <QtyInPackage>1</QtyInPackage>
      <ItemPrice>13.80</ItemPrice>
      <UnitOfMeasurePrice>5.5200</UnitOfMeasurePrice>
      <AllowDiscount>1</AllowDiscount>
      <ItemStatus>1</ItemStatus>
      <ItemId>61242</ItemId>
    </Item>
    <Item>
      <PriceUpdateDate>2015-11-01 09:42:23</PriceUpdateDate>
      <ItemCode>3059943015128</ItemCode>
      <ItemType>1</ItemType>
      <ItemName>אירוויק ספריי לבנדר</ItemName>
      <ManufacturerName>אירוויק</ManufacturerName>
      <ManufactureCountry>לא ידוע</ManufactureCountry>
      <ManufacturerItemDescription>אירוויק ספריי נטול גז לבנדר          34</ManufacturerItemDescription>
      <UnitQty>מיליליטרים</UnitQty>
      <Quantity>345.00</Quantity>
      <UnitOfMeasure>100 מ"ל</UnitOfMeasure>
      <bIsWeighted>0</bIsWeighted>
      <QtyInPackage>1</QtyInPackage>
      <ItemPrice>16.90</ItemPrice>
      <UnitOfMeasurePrice>4.8986</UnitOfMeasurePrice>
      <AllowDiscount>1</AllowDiscount>
      <ItemStatus>1</ItemStatus>
      <ItemId>62253</ItemId>
    </Item>
    <Item>
      <PriceUpdateDate>2016-05-04 08:37:23</PriceUpdateDate>
      <ItemCode>72993927</ItemCode>
      <ItemType>1</ItemType>
      <ItemName>סיגריות נקסט ארוך חפ</ItemName>
      <ManufacturerName>פיליפ מוריס</ManufacturerName>
      <ManufactureCountry>לא ידוע</ManufactureCountry>
      <ManufacturerItemDescription>סיגריות נקסט ארוך בודד</ManufacturerItemDescription>
      <UnitQty>Unknown </UnitQty>
      <Quantity>0.00</Quantity>
      <UnitOfMeasure>Unknown </UnitOfMeasure>
      <bIsWeighted>0</bIsWeighted>
      <QtyInPackage>1</QtyInPackage>
      <ItemPrice>30.00</ItemPrice>
      <UnitOfMeasurePrice>0.0000</UnitOfMeasurePrice>
      <AllowDiscount>0</AllowDiscount>
      <ItemStatus>1</ItemStatus>
      <ItemId>61545</ItemId>
    </Item>
    <Item>
      <PriceUpdateDate>2015-10-01 06:18:45</PriceUpdateDate>
      <ItemCode>7290003208609</ItemCode>
      <ItemType>1</ItemType>
      <ItemName>מרטיני אדום מתוק</ItemName>
      <ManufacturerName>מרטיני ורוסי</ManufacturerName>
      <ManufactureCountry>איטליה</ManufactureCountry>
      <ManufacturerItemDescription>מרטיני אדום מתוק 750 מל</ManufacturerItemDescription>
      <UnitQty>מיליליטרים</UnitQty>
      <Quantity>750.00</Quantity>
      <UnitOfMeasure>100 מ"ל</UnitOfMeasure>
      <bIsWeighted>0</bIsWeighted>
      <QtyInPackage>1</QtyInPackage>
      <ItemPrice>51.40</ItemPrice>
      <UnitOfMeasurePrice>6.8533</UnitOfMeasurePrice>
      <AllowDiscount>1</AllowDiscount>
      <ItemStatus>1</ItemStatus>
      <ItemId>68543</ItemId>
    </Item>
    <Item>
      <PriceUpdateDate>2015-10-01 06:13:40</PriceUpdateDate>
      <ItemCode>7290100248324</ItemCode>
      <ItemType>1</ItemType>
      <ItemName>שמפו דמג "רגיל</ItemName>
      <ManufacturerName>יושלם</ManufacturerName>
      <ManufactureCountry>יושלם</ManufactureCountry>
      <ManufacturerItemDescription>דאב שמפו דמג תרפי רגיל 700 מ</ManufacturerItemDescription>
      <UnitQty>מיליליטרים</UnitQty>
      <Quantity>700.00</Quantity>
      <UnitOfMeasure>100 מ"ל</UnitOfMeasure>
      <bIsWeighted>0</bIsWeighted>
      <QtyInPackage>1</QtyInPackage>
      <ItemPrice>24.70</ItemPrice>
      <UnitOfMeasurePrice>3.5286</UnitOfMeasurePrice>
      <AllowDiscount>1</AllowDiscount>
      <ItemStatus>1</ItemStatus>
      <ItemId>71100</ItemId>
    </Item>
    <Item>
      <PriceUpdateDate>2015-10-01 06:14:41</PriceUpdateDate>
      <ItemCode>7290012117046</ItemCode>
      <ItemType>1</ItemType>
      <ItemName>שקיות אשפה טבע</ItemName>
      <ManufacturerName>אשפלסט</ManufacturerName>
      <ManufactureCountry>ישראל</ManufactureCountry>
      <ManufacturerItemDescription>שקיות אשפה טבע60 יח               52*65</ManufacturerItemDescription>
      <UnitQty>Unknown </UnitQty>
      <Quantity>0.00</Quantity>
      <UnitOfMeasure>Unknown </UnitOfMeasure>
      <bIsWeighted>0</bIsWeighted>
      <QtyInPackage>1</QtyInPackage>
      <ItemPrice>24.70</ItemPrice>
      <UnitOfMeasurePrice>0.0000</UnitOfMeasurePrice>
      <AllowDiscount>1</AllowDiscount>
      <ItemStatus>1</ItemStatus>
      <ItemId>61842</ItemId>
    </Item>
    <Item>
      <PriceUpdateDate>2015-10-01 06:16:22</PriceUpdateDate>
      <ItemCode>7290000391243</ItemCode>
      <ItemType>1</ItemType>
      <ItemName>שלגון קנדי קראש</ItemName>
      <ManufacturerName>נגה גלידות</ManufacturerName>
      <ManufactureCountry>ישראל</ManufactureCountry>
      <ManufacturerItemDescription>שלגון קנדי קראש</ManufacturerItemDescription>
      <UnitQty>Unknown </UnitQty>
      <Quantity>0.00</Quantity>
      <UnitOfMeasure>Unknown </UnitOfMeasure>
      <bIsWeighted>0</bIsWeighted>
      <QtyInPackage>1</QtyInPackage>
      <ItemPrice>8.80</ItemPrice>
      <UnitOfMeasurePrice>0.0000</UnitOfMeasurePrice>
      <AllowDiscount>1</AllowDiscount>
      <ItemStatus>1</ItemStatus>
      <ItemId>94020</ItemId>
    </Item>
    <Item>
      <PriceUpdateDate>2015-05-27 11:28:08</PriceUpdateDate>
      <ItemCode>7290104064111</ItemCode>
      <ItemType>1</ItemType>
      <ItemName>חטיף דגנים שוקולד</ItemName>
      <ManufacturerName>שטראוס גרופ</ManufacturerName>
      <ManufactureCountry>ישראל</ManufactureCountry>
      <ManufacturerItemDescription>חטיף דגנים שוקולד מריר          156 60%</ManufacturerItemDescription>
      <UnitQty>גרמים</UnitQty>
      <Quantity>156.00</Quantity>
      <UnitOfMeasure>100 גרם</UnitOfMeasure>
      <bIsWeighted>0</bIsWeighted>
      <QtyInPackage>1</QtyInPackage>
      <ItemPrice>18.90</ItemPrice>
      <UnitOfMeasurePrice>12.1154</UnitOfMeasurePrice>
      <AllowDiscount>1</AllowDiscount>
      <ItemStatus>1</ItemStatus>
      <ItemId>62067</ItemId>
    </Item>
    <Item>
      <PriceUpdateDate>2015-08-09 08:03:41</PriceUpdateDate>
      <ItemCode>8690637538858</ItemCode>
      <ItemType>1</ItemType>
      <ItemName>אקס דאו ספריי 150 מל</ItemName>
      <ManufacturerName>יוניליוור גרמניה (בו</ManufacturerName>
      <ManufactureCountry>גרמניה</ManufactureCountry>
      <ManufacturerItemDescription>אקס דאו "בודי ספריי שוקולד          150</ManufacturerItemDescription>
      <UnitQty>מיליליטרים</UnitQty>
      <Quantity>150.00</Quantity>
      <UnitOfMeasure>100 מ"ל</UnitOfMeasure>
      <bIsWeighted>0</bIsWeighted>
      <QtyInPackage>1</QtyInPackage>
      <ItemPrice>22.70</ItemPrice>
      <UnitOfMeasurePrice>15.1333</UnitOfMeasurePrice>
      <AllowDiscount>1</AllowDiscount>
      <ItemStatus>1</ItemStatus>
      <ItemId>62208</ItemId>
    </Item>
    <Item>
      <PriceUpdateDate>2015-01-01 00:00:00</PriceUpdateDate>
      <ItemCode>40099132</ItemCode>
      <ItemType>1</ItemType>
      <ItemName>הובה</ItemName>
      <ManufacturerName>ריגלי</ManufacturerName>
      <ManufactureCountry>בריטניה</ManufactureCountry>
      <ManufacturerItemDescription>הובה</ManufacturerItemDescription>
      <UnitQty>Unknown </UnitQty>
      <Quantity>0.00</Quantity>
      <UnitOfMeasure>Unknown </UnitOfMeasure>
      <bIsWeighted>0</bIsWeighted>
      <QtyInPackage>1</QtyInPackage>
      <ItemPrice>3.80</ItemPrice>
      <UnitOfMeasurePrice>0.0000</UnitOfMeasurePrice>
      <AllowDiscount>1</AllowDiscount>
      <ItemStatus>1</ItemStatus>
      <ItemId>84891</ItemId>
    </Item>
    <Item>
      <PriceUpdateDate>2016-05-19 11:24:46</PriceUpdateDate>
      <ItemCode>7290013038234</ItemCode>
      <ItemType>1</ItemType>
      <ItemName>שישיית אקווה נובה  .</ItemName>
      <ManufacturerName>טמפו</ManufacturerName>
      <ManufactureCountry>ישראל</ManufactureCountry>
      <ManufacturerItemDescription>אקווה נובה שישייה 2 ליטר</ManufacturerItemDescription>
      <UnitQty>ליטרים</UnitQty>
      <Quantity>12.00</Quantity>
      <UnitOfMeasure>ליטר</UnitOfMeasure>
      <bIsWeighted>0</bIsWeighted>
      <QtyInPackage>1</QtyInPackage>
      <ItemPrice>10.00</ItemPrice>
      <UnitOfMeasurePrice>0.8333</UnitOfMeasurePrice>
      <AllowDiscount>1</AllowDiscount>
      <ItemStatus>1</ItemStatus>
      <ItemId>62307</ItemId>
    </Item>
    <Item>
      <PriceUpdateDate>2015-06-08 13:34:19</PriceUpdateDate>
      <ItemCode>7290013038432</ItemCode>
      <ItemType>1</ItemType>
      <ItemName>בקבוק אקווה נובה   .</ItemName>
      <ManufacturerName>טמפו</ManufacturerName>
      <ManufactureCountry>לא ידוע</ManufactureCountry>
      <ManufacturerItemDescription>אקווה נובה 2 ליטר בקבוק</ManufacturerItemDescription>
      <UnitQty>ליטרים</UnitQty>
      <Quantity>2.00</Quantity>
      <UnitOfMeasure>ליטר</UnitOfMeasure>
      <bIsWeighted>0</bIsWeighted>
      <QtyInPackage>1</QtyInPackage>
      <ItemPrice>2.60</ItemPrice>
      <UnitOfMeasurePrice>1.3000</UnitOfMeasurePrice>
      <AllowDiscount>1</AllowDiscount>
      <ItemStatus>1</ItemStatus>
      <ItemId>62308</ItemId>
    </Item>
    <Item>
      <PriceUpdateDate>2015-10-01 06:16:21</PriceUpdateDate>
      <ItemCode>7290013566744</ItemCode>
      <ItemType>1</ItemType>
      <ItemName>שלגון חמשושים</ItemName>
      <ManufacturerName>נגה גלידות</ManufacturerName>
      <ManufactureCountry>ישראל</ManufactureCountry>
      <ManufacturerItemDescription>שלגון חמשושים</ManufacturerItemDescription>
      <UnitQty>Unknown </UnitQty>
      <Quantity>0.00</Quantity>
      <UnitOfMeasure>Unknown </UnitOfMeasure>
      <bIsWeighted>0</bIsWeighted>
      <QtyInPackage>1</QtyInPackage>
      <ItemPrice>9.80</ItemPrice>
      <UnitOfMeasurePrice>0.0000</UnitOfMeasurePrice>
      <AllowDiscount>1</AllowDiscount>
      <ItemStatus>1</ItemStatus>
      <ItemId>76777</ItemId>
    </Item>
    <Item>
      <PriceUpdateDate>2015-10-01 06:16:51</PriceUpdateDate>
      <ItemCode>7290013117212</ItemCode>
      <ItemType>1</ItemType>
      <ItemName>בורקס פילו במילוי גב</ItemName>
      <ManufacturerName>מעדנות</ManufacturerName>
      <ManufactureCountry>לא ידוע</ManufactureCountry>
      <ManufacturerItemDescription>בורקס פילו במילוי גבינה 600 גר</ManufacturerItemDescription>
      <UnitQty>גרמים</UnitQty>
      <Quantity>600.00</Quantity>
      <UnitOfMeasure>100 גרם</UnitOfMeasure>
      <bIsWeighted>0</bIsWeighted>
      <QtyInPackage>1</QtyInPackage>
      <ItemPrice>22.50</ItemPrice>
      <UnitOfMeasurePrice>3.7500</UnitOfMeasurePrice>
      <AllowDiscount>1</AllowDiscount>
      <ItemStatus>1</ItemStatus>
      <ItemId>62312</ItemId>
    </Item>
    <Item>
      <PriceUpdateDate>2015-10-01 06:16:51</PriceUpdateDate>
      <ItemCode>7290013117243</ItemCode>
      <ItemType>1</ItemType>
      <ItemName>בורקס פילו בולגרית</ItemName>
      <ManufacturerName>מעדנות</ManufacturerName>
      <ManufactureCountry>ישראל</ManufactureCountry>
      <ManufacturerItemDescription>בורקס פילו בולגרית</ManufacturerItemDescription>
      <UnitQty>גרמים</UnitQty>
      <Quantity>600.00</Quantity>
      <UnitOfMeasure>100 גרם</UnitOfMeasure>
      <bIsWeighted>0</bIsWeighted>
      <QtyInPackage>1</QtyInPackage>
      <ItemPrice>22.50</ItemPrice>
      <UnitOfMeasurePrice>3.7500</UnitOfMeasurePrice>
      <AllowDiscount>1</AllowDiscount>
      <ItemStatus>1</ItemStatus>
      <ItemId>62315</ItemId>
    </Item>
    <Item>
      <PriceUpdateDate>2016-05-16 09:25:28</PriceUpdateDate>
      <ItemCode>29424002001</ItemCode>
      <ItemType>1</ItemType>
      <ItemName>קוביות וופל שוקו</ItemName>
      <ManufacturerName>מנעמים תעשיות מזון ב</ManufacturerName>
      <ManufactureCountry>ישראל</ManufactureCountry>
      <ManufacturerItemDescription>קוביות וופל שוקו 200 גרם</ManufacturerItemDescription>
      <UnitQty>גרמים</UnitQty>
      <Quantity>200.00</Quantity>
      <UnitOfMeasure>100 גרם</UnitOfMeasure>
      <bIsWeighted>0</bIsWeighted>
      <QtyInPackage>1</QtyInPackage>
      <ItemPrice>6.90</ItemPrice>
      <UnitOfMeasurePrice>3.4500</UnitOfMeasurePrice>
      <AllowDiscount>1</AllowDiscount>
      <ItemStatus>1</ItemStatus>
      <ItemId>62334</ItemId>
    </Item>
    <Item>
      <PriceUpdateDate>2015-10-01 06:13:39</PriceUpdateDate>
      <ItemCode>8690637555084</ItemCode>
      <ItemType>1</ItemType>
      <ItemName>מרכך מרוכז לבן</ItemName>
      <ManufacturerName>יוניליוור</ManufacturerName>
      <ManufactureCountry>ישראל</ManufactureCountry>
      <ManufacturerItemDescription>בדין אקסטרא מרוכז לבן 960 מ"ל</ManufacturerItemDescription>
      <UnitQty>מיליליטרים</UnitQty>
      <Quantity>960.00</Quantity>
      <UnitOfMeasure>100 מ"ל</UnitOfMeasure>
      <bIsWeighted>0</bIsWeighted>
      <QtyInPackage>1</QtyInPackage>
      <ItemPrice>21.70</ItemPrice>
      <UnitOfMeasurePrice>2.2604</UnitOfMeasurePrice>
      <AllowDiscount>1</AllowDiscount>
      <ItemStatus>1</ItemStatus>
      <ItemId>62853</ItemId>
    </Item>
    <Item>
      <PriceUpdateDate>2015-10-01 06:14:39</PriceUpdateDate>
      <ItemCode>7290011765101</ItemCode>
      <ItemType>1</ItemType>
      <ItemName>קרמה קצף גילוח רגיל</ItemName>
      <ManufacturerName>קוסמופארם</ManufacturerName>
      <ManufactureCountry>טורקיה</ManufactureCountry>
      <ManufacturerItemDescription>קרמה MEN קצף גילוח רגיל 200 מל</ManufacturerItemDescription>
      <UnitQty>מיליליטרים</UnitQty>
      <Quantity>200.00</Quantity>
      <UnitOfMeasure>100 מ"ל</UnitOfMeasure>
      <bIsWeighted>0</bIsWeighted>
      <QtyInPackage>1</QtyInPackage>
      <ItemPrice>11.80</ItemPrice>
      <UnitOfMeasurePrice>5.9000</UnitOfMeasurePrice>
      <AllowDiscount>1</AllowDiscount>
      <ItemStatus>1</ItemStatus>
      <ItemId>62896</ItemId>
    </Item>
    <Item>
      <PriceUpdateDate>2015-10-01 06:14:39</PriceUpdateDate>
      <ItemCode>7290000288048</ItemCode>
      <ItemType>1</ItemType>
      <ItemName>לניקוי כללי סנוJAVEL</ItemName>
      <ManufacturerName>סנו</ManufacturerName>
      <ManufactureCountry>ישראל</ManufactureCountry>
      <ManufacturerItemDescription>לניקוי כללי סנו JAVELלבנדר1 ל</ManufacturerItemDescription>
      <UnitQty>ליטרים</UnitQty>
      <Quantity>1.00</Quantity>
      <UnitOfMeasure>ליטר</UnitOfMeasure>
      <bIsWeighted>0</bIsWeighted>
      <QtyInPackage>1</QtyInPackage>
      <ItemPrice>16.70</ItemPrice>
      <UnitOfMeasurePrice>16.7000</UnitOfMeasurePrice>
      <AllowDiscount>1</AllowDiscount>
      <ItemStatus>1</ItemStatus>
      <ItemId>63021</ItemId>
    </Item>
    <Item>
      <PriceUpdateDate>2015-10-01 06:16:29</PriceUpdateDate>
      <ItemCode>7290000189505</ItemCode>
      <ItemType>1</ItemType>
      <ItemName>תבניות אפייה אינגליש</ItemName>
      <ManufacturerName>דוקארט</ManufacturerName>
      <ManufactureCountry>ישראל</ManufactureCountry>
      <ManufacturerItemDescription>תבנית אפייה קרטון אינגליש 5 י</ManufacturerItemDescription>
      <UnitQty>Unknown </UnitQty>
      <Quantity>0.00</Quantity>
      <UnitOfMeasure>Unknown </UnitOfMeasure>
      <bIsWeighted>0</bIsWeighted>
      <QtyInPackage>1</QtyInPackage>
      <ItemPrice>10.80</ItemPrice>
      <UnitOfMeasurePrice>0.0000</UnitOfMeasurePrice>
      <AllowDiscount>1</AllowDiscount>
      <ItemStatus>1</ItemStatus>
      <ItemId>63084</ItemId>
    </Item>
    <Item>
      <PriceUpdateDate>2015-10-01 06:14:41</PriceUpdateDate>
      <ItemCode>7290012117091</ItemCode>
      <ItemType>1</ItemType>
      <ItemName>אבקת כביסה סנסטיב</ItemName>
      <ManufacturerName>סנו</ManufacturerName>
      <ManufactureCountry>ישראל</ManufactureCountry>
      <ManufacturerItemDescription>אבק.כביסה מקסימה סנסטיב 6 ק"ג</ManufacturerItemDescription>
      <UnitQty>קילוגרמים</UnitQty>
      <Quantity>6.00</Quantity>
      <UnitOfMeasure>ק"ג</UnitOfMeasure>
      <bIsWeighted>0</bIsWeighted>
      <QtyInPackage>1</QtyInPackage>
      <ItemPrice>52.40</ItemPrice>
      <UnitOfMeasurePrice>8.7333</UnitOfMeasurePrice>
      <AllowDiscount>1</AllowDiscount>
      <ItemStatus>1</ItemStatus>
      <ItemId>63071</ItemId>
    </Item>
    <Item>
      <PriceUpdateDate>2015-10-01 06:14:41</PriceUpdateDate>
      <ItemCode>7290000286921</ItemCode>
      <ItemType>1</ItemType>
      <ItemName>סנוקל רסס וכבס</ItemName>
      <ManufacturerName>סנו</ManufacturerName>
      <ManufactureCountry>ישראל</ManufactureCountry>
      <ManufacturerItemDescription>סנוקל רסס וכבס 750 מל</ManufacturerItemDescription>
      <UnitQty>מיליליטרים</UnitQty>
      <Quantity>750.00</Quantity>
      <UnitOfMeasure>100 מ"ל</UnitOfMeasure>
      <bIsWeighted>0</bIsWeighted>
      <QtyInPackage>1</QtyInPackage>
      <ItemPrice>19.70</ItemPrice>
      <UnitOfMeasurePrice>2.6267</UnitOfMeasurePrice>
      <AllowDiscount>1</AllowDiscount>
      <ItemStatus>1</ItemStatus>
      <ItemId>63092</ItemId>
    </Item>
    <Item>
      <PriceUpdateDate>2015-10-01 06:16:30</PriceUpdateDate>
      <ItemCode>5029053535210</ItemCode>
      <ItemType>1</ItemType>
      <ItemName>קוטקס טמפוני מיני</ItemName>
      <ManufacturerName>KC Czech</ManufacturerName>
      <ManufactureCountry>צ'כיה</ManufactureCountry>
      <ManufacturerItemDescription>קוטקס טמפוני מיני 16 יחידות</ManufacturerItemDescription>
      <UnitQty>Unknown </UnitQty>
      <Quantity>0.00</Quantity>
      <UnitOfMeasure>Unknown </UnitOfMeasure>
      <bIsWeighted>0</bIsWeighted>
      <QtyInPackage>1</QtyInPackage>
      <ItemPrice>24.70</ItemPrice>
      <UnitOfMeasurePrice>0.0000</UnitOfMeasurePrice>
      <AllowDiscount>1</AllowDiscount>
      <ItemStatus>1</ItemStatus>
      <ItemId>74984</ItemId>
    </Item>
    <Item>
      <PriceUpdateDate>2016-03-01 11:06:04</PriceUpdateDate>
      <ItemCode>8723900214538</ItemCode>
      <ItemType>1</ItemType>
      <ItemName>טבק גולדן וירג"יניה</ItemName>
      <ManufacturerName>BAT</ManufacturerName>
      <ManufactureCountry>הולנד</ManufactureCountry>
      <ManufacturerItemDescription>טבק גולדן וירג"יניה</ManufacturerItemDescription>
      <UnitQty>Unknown </UnitQty>
      <Quantity>0.00</Quantity>
      <UnitOfMeasure>Unknown </UnitOfMeasure>
      <bIsWeighted>0</bIsWeighted>
      <QtyInPackage>1</QtyInPackage>
      <ItemPrice>54.90</ItemPrice>
      <UnitOfMeasurePrice>0.0000</UnitOfMeasurePrice>
      <AllowDiscount>1</AllowDiscount>
      <ItemStatus>1</ItemStatus>
      <ItemId>105400</ItemId>
    </Item>
    <Item>
      <PriceUpdateDate>2015-01-01 00:00:00</PriceUpdateDate>
      <ItemCode>3178040682610</ItemCode>
      <ItemType>1</ItemType>
      <ItemName>דאו.רולאון מקס פרוטק</ItemName>
      <ManufacturerName>יושלם</ManufacturerName>
      <ManufactureCountry>יושלם</ManufactureCountry>
      <ManufacturerItemDescription>דאו.רולאון פה מקס פרוטקט לאישה</ManufacturerItemDescription>
      <UnitQty>Unknown </UnitQty>
      <Quantity>0.00</Quantity>
      <UnitOfMeasure>Unknown </UnitOfMeasure>
      <bIsWeighted>0</bIsWeighted>
      <QtyInPackage>1</QtyInPackage>
      <ItemPrice>17.90</ItemPrice>
      <UnitOfMeasurePrice>0.0000</UnitOfMeasurePrice>
      <AllowDiscount>1</AllowDiscount>
      <ItemStatus>1</ItemStatus>
      <ItemId>75720</ItemId>
    </Item>
    <Item>
      <PriceUpdateDate>2015-10-01 06:15:18</PriceUpdateDate>
      <ItemCode>7290012577079</ItemCode>
      <ItemType>1</ItemType>
      <ItemName>עוגיות סנדביץ וניל</ItemName>
      <ManufacturerName>אחים פפושדו</ManufacturerName>
      <ManufactureCountry>ישראל</ManufactureCountry>
      <ManufacturerItemDescription>עוגיות סנדביץ וניל מגה 150 גרם</ManufacturerItemDescription>
      <UnitQty>גרמים</UnitQty>
      <Quantity>150.00</Quantity>
      <UnitOfMeasure>100 גרם</UnitOfMeasure>
      <bIsWeighted>0</bIsWeighted>
      <QtyInPackage>1</QtyInPackage>
      <ItemPrice>5.70</ItemPrice>
      <UnitOfMeasurePrice>3.8000</UnitOfMeasurePrice>
      <AllowDiscount>1</AllowDiscount>
      <ItemStatus>1</ItemStatus>
      <ItemId>63614</ItemId>
    </Item>
    <Item>
      <PriceUpdateDate>2015-10-01 06:15:18</PriceUpdateDate>
      <ItemCode>7290012577628</ItemCode>
      <ItemType>1</ItemType>
      <ItemName>קרקר עם זעתר</ItemName>
      <ManufacturerName>מגדנית הדר</ManufacturerName>
      <ManufactureCountry>ישראל</ManufactureCountry>
      <ManufacturerItemDescription>קרקר עם זעתר מגה 220 גרם</ManufacturerItemDescription>
      <UnitQty>גרמים</UnitQty>
      <Quantity>220.00</Quantity>
      <UnitOfMeasure>100 גרם</UnitOfMeasure>
      <bIsWeighted>0</bIsWeighted>
      <QtyInPackage>1</QtyInPackage>
      <ItemPrice>6.80</ItemPrice>
      <UnitOfMeasurePrice>3.0909</UnitOfMeasurePrice>
      <AllowDiscount>1</AllowDiscount>
      <ItemStatus>1</ItemStatus>
      <ItemId>63628</ItemId>
    </Item>
    <Item>
      <PriceUpdateDate>2015-01-01 00:00:00</PriceUpdateDate>
      <ItemCode>7290012577758</ItemCode>
      <ItemType>1</ItemType>
      <ItemName>מלפפון בחומץ A2 7-9</ItemName>
      <ManufacturerName>קבוצת יבנה</ManufacturerName>
      <ManufactureCountry>ישראל</ManufactureCountry>
      <ManufacturerItemDescription>מלפפון בחומץ A2 7-9 מגה             540</ManufacturerItemDescription>
      <UnitQty>גרמים</UnitQty>
      <Quantity>540.00</Quantity>
      <UnitOfMeasure>100 גרם</UnitOfMeasure>
      <bIsWeighted>0</bIsWeighted>
      <QtyInPackage>1</QtyInPackage>
      <ItemPrice>5.50</ItemPrice>
      <UnitOfMeasurePrice>1.0185</UnitOfMeasurePrice>
      <AllowDiscount>1</AllowDiscount>
      <ItemStatus>1</ItemStatus>
      <ItemId>63704</ItemId>
    </Item>
    <Item>
      <PriceUpdateDate>2015-10-01 06:13:58</PriceUpdateDate>
      <ItemCode>7290012580550</ItemCode>
      <ItemType>1</ItemType>
      <ItemName>צמרונים בטיחותיים</ItemName>
      <ManufacturerName>עוזי אקספורט</ManufacturerName>
      <ManufactureCountry>ישראל</ManufactureCountry>
      <ManufacturerItemDescription>צמרונים בטיחותיים לתינוק-מגה</ManufacturerItemDescription>
      <UnitQty>Unknown </UnitQty>
      <Quantity>0.00</Quantity>
      <UnitOfMeasure>Unknown </UnitOfMeasure>
      <bIsWeighted>0</bIsWeighted>
      <QtyInPackage>1</QtyInPackage>
      <ItemPrice>6.00</ItemPrice>
      <UnitOfMeasurePrice>0.0000</UnitOfMeasurePrice>
      <AllowDiscount>1</AllowDiscount>
      <ItemStatus>1</ItemStatus>
      <ItemId>63725</ItemId>
    </Item>
    <Item>
      <PriceUpdateDate>2015-01-01 00:00:00</PriceUpdateDate>
      <ItemCode>7290104000522</ItemCode>
      <ItemType>1</ItemType>
      <ItemName>סוכר וניל</ItemName>
      <ManufacturerName>גלעם</ManufacturerName>
      <ManufactureCountry>ישראל</ManufactureCountry>
      <ManufacturerItemDescription>סוכר וניל מגה                    10X10</ManufacturerItemDescription>
      <UnitQty>גרמים</UnitQty>
      <Quantity>100.00</Quantity>
      <UnitOfMeasure>100 גרם</UnitOfMeasure>
      <bIsWeighted>0</bIsWeighted>
      <QtyInPackage>1</QtyInPackage>
      <ItemPrice>2.90</ItemPrice>
      <UnitOfMeasurePrice>2.9000</UnitOfMeasurePrice>
      <AllowDiscount>1</AllowDiscount>
      <ItemStatus>1</ItemStatus>
      <ItemId>63855</ItemId>
    </Item>
    <Item>
      <PriceUpdateDate>2015-10-01 06:17:36</PriceUpdateDate>
      <ItemCode>37600207256</ItemCode>
      <ItemType>1</ItemType>
      <ItemName>חמאת בוטנים</ItemName>
      <ManufacturerName>הורמל</ManufacturerName>
      <ManufactureCountry>ארצות הברית</ManufactureCountry>
      <ManufacturerItemDescription>חמאת בוטנים עם שברי בוטנים</ManufacturerItemDescription>
      <UnitQty>גרמים</UnitQty>
      <Quantity>462.00</Quantity>
      <UnitOfMeasure>100 גרם</UnitOfMeasure>
      <bIsWeighted>0</bIsWeighted>
      <QtyInPackage>1</QtyInPackage>
      <ItemPrice>24.70</ItemPrice>
      <UnitOfMeasurePrice>5.3463</UnitOfMeasurePrice>
      <AllowDiscount>1</AllowDiscount>
      <ItemStatus>1</ItemStatus>
      <ItemId>99005</ItemId>
    </Item>
    <Item>
      <PriceUpdateDate>2015-10-28 13:18:07</PriceUpdateDate>
      <ItemCode>42182115</ItemCode>
      <ItemType>1</ItemType>
      <ItemName>ספירמינט FIVE מסטיק</ItemName>
      <ManufacturerName>ריגלי</ManufacturerName>
      <ManufactureCountry>צרפת</ManufactureCountry>
      <ManufacturerItemDescription>בטעם מנטה עדינה                    five</ManufacturerItemDescription>
      <UnitQty>Unknown </UnitQty>
      <Quantity>0.00</Quantity>
      <UnitOfMeasure>Unknown </UnitOfMeasure>
      <bIsWeighted>0</bIsWeighted>
      <QtyInPackage>1</QtyInPackage>
      <ItemPrice>7.40</ItemPrice>
      <UnitOfMeasurePrice>0.0000</UnitOfMeasurePrice>
      <AllowDiscount>1</AllowDiscount>
      <ItemStatus>1</ItemStatus>
      <ItemId>64158</ItemId>
    </Item>
    <Item>
      <PriceUpdateDate>2015-10-01 06:15:19</PriceUpdateDate>
      <ItemCode>7290012581427</ItemCode>
      <ItemType>1</ItemType>
      <ItemName>כפות לבנות</ItemName>
      <ManufacturerName>ביירט</ManufacturerName>
      <ManufactureCountry>סין</ManufactureCountry>
      <ManufacturerItemDescription>כפות לבן 100 יח מגה</ManufacturerItemDescription>
      <UnitQty>Unknown </UnitQty>
      <Quantity>0.00</Quantity>
      <UnitOfMeasure>Unknown </UnitOfMeasure>
      <bIsWeighted>0</bIsWeighted>
      <QtyInPackage>1</QtyInPackage>
      <ItemPrice>6.80</ItemPrice>
      <UnitOfMeasurePrice>0.0000</UnitOfMeasurePrice>
      <AllowDiscount>1</AllowDiscount>
      <ItemStatus>1</ItemStatus>
      <ItemId>64190</ItemId>
    </Item>
    <Item>
      <PriceUpdateDate>2015-10-01 06:14:41</PriceUpdateDate>
      <ItemCode>7290012823251</ItemCode>
      <ItemType>1</ItemType>
      <ItemName>אלסבון כיף יסמין לבנ</ItemName>
      <ManufacturerName>קוסמופארם</ManufacturerName>
      <ManufactureCountry>לא ידוע</ManufactureCountry>
      <ManufacturerItemDescription>אלסבון כיף יסמין לבנדר 1 ליטר</ManufacturerItemDescription>
      <UnitQty>ליטרים</UnitQty>
      <Quantity>1.00</Quantity>
      <UnitOfMeasure>ליטר</UnitOfMeasure>
      <bIsWeighted>0</bIsWeighted>
      <QtyInPackage>1</QtyInPackage>
      <ItemPrice>13.80</ItemPrice>
      <UnitOfMeasurePrice>13.8000</UnitOfMeasurePrice>
      <AllowDiscount>1</AllowDiscount>
      <ItemStatus>1</ItemStatus>
      <ItemId>64196</ItemId>
    </Item>
    <Item>
      <PriceUpdateDate>2015-10-01 06:14:41</PriceUpdateDate>
      <ItemCode>7290012823541</ItemCode>
      <ItemType>1</ItemType>
      <ItemName>מטליות לחות לרצפה</ItemName>
      <ManufacturerName>סנו</ManufacturerName>
      <ManufactureCountry>ישראל</ManufactureCountry>
      <ManufacturerItemDescription>ריצפז מטליות לחות לרצפה 10 יחי</ManufacturerItemDescription>
      <UnitQty>Unknown </UnitQty>
      <Quantity>0.00</Quantity>
      <UnitOfMeasure>Unknown </UnitOfMeasure>
      <bIsWeighted>0</bIsWeighted>
      <QtyInPackage>1</QtyInPackage>
      <ItemPrice>13.80</ItemPrice>
      <UnitOfMeasurePrice>0.0000</UnitOfMeasurePrice>
      <AllowDiscount>1</AllowDiscount>
      <ItemStatus>1</ItemStatus>
      <ItemId>64197</ItemId>
    </Item>
    <Item>
      <PriceUpdateDate>2015-10-01 06:16:12</PriceUpdateDate>
      <ItemCode>7290102393039</ItemCode>
      <ItemType>1</ItemType>
      <ItemName>יוגורט מולר מיקס</ItemName>
      <ManufacturerName>טרה</ManufacturerName>
      <ManufactureCountry>ישראל</ManufactureCountry>
      <ManufacturerItemDescription>יוגורט מולר מיקס פצפוצי שוקולד</ManufacturerItemDescription>
      <UnitQty>גרמים</UnitQty>
      <Quantity>170.00</Quantity>
      <UnitOfMeasure>100 גרם</UnitOfMeasure>
      <bIsWeighted>0</bIsWeighted>
      <QtyInPackage>1</QtyInPackage>
      <ItemPrice>5.90</ItemPrice>
      <UnitOfMeasurePrice>3.4706</UnitOfMeasurePrice>
      <AllowDiscount>1</AllowDiscount>
      <ItemStatus>1</ItemStatus>
      <ItemId>64396</ItemId>
    </Item>
    <Item>
      <PriceUpdateDate>2015-10-01 06:16:12</PriceUpdateDate>
      <ItemCode>7290102393060</ItemCode>
      <ItemType>1</ItemType>
      <ItemName>יוגורט קרם אגוזים</ItemName>
      <ManufacturerName>טרה</ManufacturerName>
      <ManufactureCountry>ישראל</ManufactureCountry>
      <ManufacturerItemDescription>יוגורט קרם אגוזים מולר מיקס</ManufacturerItemDescription>
      <UnitQty>גרמים</UnitQty>
      <Quantity>170.00</Quantity>
      <UnitOfMeasure>100 גרם</UnitOfMeasure>
      <bIsWeighted>0</bIsWeighted>
      <QtyInPackage>1</QtyInPackage>
      <ItemPrice>5.90</ItemPrice>
      <UnitOfMeasurePrice>3.4706</UnitOfMeasurePrice>
      <AllowDiscount>1</AllowDiscount>
      <ItemStatus>1</ItemStatus>
      <ItemId>64397</ItemId>
    </Item>
    <Item>
      <PriceUpdateDate>2015-07-22 06:40:48</PriceUpdateDate>
      <ItemCode>7290000416076</ItemCode>
      <ItemType>1</ItemType>
      <ItemName>צימקאו השחר העולה</ItemName>
      <ManufacturerName>השחר</ManufacturerName>
      <ManufactureCountry>ישראל</ManufactureCountry>
      <ManufacturerItemDescription>צימקאו השחר העולה400 גר</ManufacturerItemDescription>
      <UnitQty>גרמים</UnitQty>
      <Quantity>400.00</Quantity>
      <UnitOfMeasure>100 גרם</UnitOfMeasure>
      <bIsWeighted>0</bIsWeighted>
      <QtyInPackage>1</QtyInPackage>
      <ItemPrice>14.70</ItemPrice>
      <UnitOfMeasurePrice>3.6750</UnitOfMeasurePrice>
      <AllowDiscount>1</AllowDiscount>
      <ItemStatus>1</ItemStatus>
      <ItemId>64468</ItemId>
    </Item>
    <Item>
      <PriceUpdateDate>2015-10-01 06:13:37</PriceUpdateDate>
      <ItemCode>7290003805501</ItemCode>
      <ItemType>1</ItemType>
      <ItemName>פתית שוודי חסכוני</ItemName>
      <ManufacturerName>אתר שפע - Food</ManufacturerName>
      <ManufactureCountry>ישראל</ManufactureCountry>
      <ManufacturerItemDescription>פתית שוודי חסכוני300 גר .בד"צ</ManufacturerItemDescription>
      <UnitQty>גרמים</UnitQty>
      <Quantity>300.00</Quantity>
      <UnitOfMeasure>100 גרם</UnitOfMeasure>
      <bIsWeighted>0</bIsWeighted>
      <QtyInPackage>1</QtyInPackage>
      <ItemPrice>18.00</ItemPrice>
      <UnitOfMeasurePrice>6.0000</UnitOfMeasurePrice>
      <AllowDiscount>1</AllowDiscount>
      <ItemStatus>1</ItemStatus>
      <ItemId>64431</ItemId>
    </Item>
    <Item>
      <PriceUpdateDate>2015-10-01 06:16:50</PriceUpdateDate>
      <ItemCode>7290005559549</ItemCode>
      <ItemType>1</ItemType>
      <ItemName>בלינצס גבינה</ItemName>
      <ManufacturerName>יושלם</ManufacturerName>
      <ManufactureCountry>יושלם</ManufactureCountry>
      <ManufacturerItemDescription>בלינצס גבינה</ManufacturerItemDescription>
      <UnitQty>גרמים</UnitQty>
      <Quantity>500.00</Quantity>
      <UnitOfMeasure>100 גרם</UnitOfMeasure>
      <bIsWeighted>0</bIsWeighted>
      <QtyInPackage>1</QtyInPackage>
      <ItemPrice>28.80</ItemPrice>
      <UnitOfMeasurePrice>5.7600</UnitOfMeasurePrice>
      <AllowDiscount>1</AllowDiscount>
      <ItemStatus>1</ItemStatus>
      <ItemId>64516</ItemId>
    </Item>
    <Item>
      <PriceUpdateDate>2015-10-01 06:13:55</PriceUpdateDate>
      <ItemCode>44164102385</ItemCode>
      <ItemType>1</ItemType>
      <ItemName>נרונים           72</ItemName>
      <ManufacturerName>יושלם</ManufacturerName>
      <ManufactureCountry>יושלם</ManufactureCountry>
      <ManufacturerItemDescription>נרונים 4 שעות 72 יח                    "</ManufacturerItemDescription>
      <UnitQty>Unknown </UnitQty>
      <Quantity>0.00</Quantity>
      <UnitOfMeasure>Unknown </UnitOfMeasure>
      <bIsWeighted>0</bIsWeighted>
      <QtyInPackage>1</QtyInPackage>
      <ItemPrice>31.60</ItemPrice>
      <UnitOfMeasurePrice>0.0000</UnitOfMeasurePrice>
      <AllowDiscount>1</AllowDiscount>
      <ItemStatus>1</ItemStatus>
      <ItemId>64555</ItemId>
    </Item>
    <Item>
      <PriceUpdateDate>2015-06-14 11:54:18</PriceUpdateDate>
      <ItemCode>7290104066016</ItemCode>
      <ItemType>1</ItemType>
      <ItemName>מילקי טופ עדשים</ItemName>
      <ManufacturerName>שטראוס גרופ</ManufacturerName>
      <ManufactureCountry>ישראל</ManufactureCountry>
      <ManufacturerItemDescription>מילקי טופ עדשים 170 מ"ל</ManufacturerItemDescription>
      <UnitQty>מיליליטרים</UnitQty>
      <Quantity>170.00</Quantity>
      <UnitOfMeasure>100 מ"ל</UnitOfMeasure>
      <bIsWeighted>0</bIsWeighted>
      <QtyInPackage>1</QtyInPackage>
      <ItemPrice>5.00</ItemPrice>
      <UnitOfMeasurePrice>2.9412</UnitOfMeasurePrice>
      <AllowDiscount>1</AllowDiscount>
      <ItemStatus>1</ItemStatus>
      <ItemId>64636</ItemId>
    </Item>
    <Item>
      <PriceUpdateDate>2016-06-15 07:40:01</PriceUpdateDate>
      <ItemCode>7290012525452</ItemCode>
      <ItemType>1</ItemType>
      <ItemName>טילון אקסטרים שוקו נ</ItemName>
      <ManufacturerName>נגה גלידות</ManufacturerName>
      <ManufactureCountry>ישראל</ManufactureCountry>
      <ManufacturerItemDescription>טילון אקסטרים שוקו ניל70 גר</ManufacturerItemDescription>
      <UnitQty>גרמים</UnitQty>
      <Quantity>70.00</Quantity>
      <UnitOfMeasure>100 גרם</UnitOfMeasure>
      <bIsWeighted>0</bIsWeighted>
      <QtyInPackage>1</QtyInPackage>
      <ItemPrice>8.80</ItemPrice>
      <UnitOfMeasurePrice>12.5714</UnitOfMeasurePrice>
      <AllowDiscount>1</AllowDiscount>
      <ItemStatus>1</ItemStatus>
      <ItemId>64755</ItemId>
    </Item>
    <Item>
      <PriceUpdateDate>2015-06-14 11:54:23</PriceUpdateDate>
      <ItemCode>7290000055343</ItemCode>
      <ItemType>1</ItemType>
      <ItemName>משקה יוגורט טרופי</ItemName>
      <ManufacturerName>תנובה מרכז שיתופי לש</ManufacturerName>
      <ManufactureCountry>ישראל</ManufactureCountry>
      <ManufacturerItemDescription>משקה יוגורט יופלה טרופי 250 מל</ManufacturerItemDescription>
      <UnitQty>מיליליטרים</UnitQty>
      <Quantity>250.00</Quantity>
      <UnitOfMeasure>100 מ"ל</UnitOfMeasure>
      <bIsWeighted>0</bIsWeighted>
      <QtyInPackage>1</QtyInPackage>
      <ItemPrice>5.70</ItemPrice>
      <UnitOfMeasurePrice>2.2800</UnitOfMeasurePrice>
      <AllowDiscount>1</AllowDiscount>
      <ItemStatus>1</ItemStatus>
      <ItemId>75782</ItemId>
    </Item>
    <Item>
      <PriceUpdateDate>2015-06-14 11:54:16</PriceUpdateDate>
      <ItemCode>7290004011338</ItemCode>
      <ItemType>1</ItemType>
      <ItemName>קצפת ריצ מיכל</ItemName>
      <ManufacturerName>קודאף</ManufacturerName>
      <ManufactureCountry>איטליה</ManufactureCountry>
      <ManufacturerItemDescription>קצפת ריצ במיכל 250 מל</ManufacturerItemDescription>
      <UnitQty>מיליליטרים</UnitQty>
      <Quantity>250.00</Quantity>
      <UnitOfMeasure>100 מ"ל</UnitOfMeasure>
      <bIsWeighted>0</bIsWeighted>
      <QtyInPackage>1</QtyInPackage>
      <ItemPrice>16.90</ItemPrice>
      <UnitOfMeasurePrice>6.7600</UnitOfMeasurePrice>
      <AllowDiscount>1</AllowDiscount>
      <ItemStatus>1</ItemStatus>
      <ItemId>64978</ItemId>
    </Item>
    <Item>
      <PriceUpdateDate>2015-11-01 09:42:22</PriceUpdateDate>
      <ItemCode>7290101864950</ItemCode>
      <ItemType>1</ItemType>
      <ItemName>אירוויק מכשיר פרסיה</ItemName>
      <ManufacturerName>אירוויק</ManufacturerName>
      <ManufactureCountry>הונגריה</ManufactureCountry>
      <ManufacturerItemDescription>אירוויק פרשמטיק מכשיר פרסיה</ManufacturerItemDescription>
      <UnitQty>Unknown </UnitQty>
      <Quantity>0.00</Quantity>
      <UnitOfMeasure>Unknown </UnitOfMeasure>
      <bIsWeighted>0</bIsWeighted>
      <QtyInPackage>1</QtyInPackage>
      <ItemPrice>55.90</ItemPrice>
      <UnitOfMeasurePrice>0.0000</UnitOfMeasurePrice>
      <AllowDiscount>1</AllowDiscount>
      <ItemStatus>1</ItemStatus>
      <ItemId>64993</ItemId>
    </Item>
    <Item>
      <PriceUpdateDate>2015-01-01 00:00:00</PriceUpdateDate>
      <ItemCode>7290103406806</ItemCode>
      <ItemType>1</ItemType>
      <ItemName>עוגת שוקולד</ItemName>
      <ManufacturerName>שטראוס גרופ</ManufacturerName>
      <ManufactureCountry>ישראל</ManufactureCountry>
      <ManufacturerItemDescription>עוגת שוקולד 330 גרם</ManufacturerItemDescription>
      <UnitQty>גרמים</UnitQty>
      <Quantity>330.00</Quantity>
      <UnitOfMeasure>100 גרם</UnitOfMeasure>
      <bIsWeighted>0</bIsWeighted>
      <QtyInPackage>1</QtyInPackage>
      <ItemPrice>11.60</ItemPrice>
      <UnitOfMeasurePrice>3.5152</UnitOfMeasurePrice>
      <AllowDiscount>1</AllowDiscount>
      <ItemStatus>1</ItemStatus>
      <ItemId>65009</ItemId>
    </Item>
    <Item>
      <PriceUpdateDate>2015-10-01 06:13:21</PriceUpdateDate>
      <ItemCode>7290104061127</ItemCode>
      <ItemType>1</ItemType>
      <ItemName>עוגת שוקוציפס</ItemName>
      <ManufacturerName>שטראוס גרופ</ManufacturerName>
      <ManufactureCountry>ישראל</ManufactureCountry>
      <ManufacturerItemDescription>עוגת שוקוציפס 330 גרם</ManufacturerItemDescription>
      <UnitQty>גרמים</UnitQty>
      <Quantity>330.00</Quantity>
      <UnitOfMeasure>100 גרם</UnitOfMeasure>
      <bIsWeighted>0</bIsWeighted>
      <QtyInPackage>1</QtyInPackage>
      <ItemPrice>11.50</ItemPrice>
      <UnitOfMeasurePrice>3.4848</UnitOfMeasurePrice>
      <AllowDiscount>1</AllowDiscount>
      <ItemStatus>1</ItemStatus>
      <ItemId>65011</ItemId>
    </Item>
    <Item>
      <PriceUpdateDate>2015-10-01 06:13:21</PriceUpdateDate>
      <ItemCode>7290104062681</ItemCode>
      <ItemType>1</ItemType>
      <ItemName>סוכריות MUST לימוןפט</ItemName>
      <ManufacturerName>MIESZKO S.A - MS. JO</ManufacturerName>
      <ManufactureCountry>פולין</ManufactureCountry>
      <ManufacturerItemDescription>סוכריות MUST לימון פטל</ManufacturerItemDescription>
      <UnitQty>גרמים</UnitQty>
      <Quantity>80.00</Quantity>
      <UnitOfMeasure>100 גרם</UnitOfMeasure>
      <bIsWeighted>0</bIsWeighted>
      <QtyInPackage>1</QtyInPackage>
      <ItemPrice>9.80</ItemPrice>
      <UnitOfMeasurePrice>12.2500</UnitOfMeasurePrice>
      <AllowDiscount>1</AllowDiscount>
      <ItemStatus>1</ItemStatus>
      <ItemId>65036</ItemId>
    </Item>
    <Item>
      <PriceUpdateDate>2016-07-20 07:59:37</PriceUpdateDate>
      <ItemCode>856591000109</ItemCode>
      <ItemType>1</ItemType>
      <ItemName>עוגיות מזרחיות</ItemName>
      <ManufacturerName>עבאדי</ManufacturerName>
      <ManufactureCountry>ישראל</ManufactureCountry>
      <ManufacturerItemDescription>עוגיות מזרחיות פריך במיוחד          400</ManufacturerItemDescription>
      <UnitQty>גרמים</UnitQty>
      <Quantity>400.00</Quantity>
      <UnitOfMeasure>100 גרם</UnitOfMeasure>
      <bIsWeighted>0</bIsWeighted>
      <QtyInPackage>1</QtyInPackage>
      <ItemPrice>19.90</ItemPrice>
      <UnitOfMeasurePrice>4.9750</UnitOfMeasurePrice>
      <AllowDiscount>1</AllowDiscount>
      <ItemStatus>1</ItemStatus>
      <ItemId>65052</ItemId>
    </Item>
    <Item>
      <PriceUpdateDate>2016-07-20 07:59:37</PriceUpdateDate>
      <ItemCode>856591000512</ItemCode>
      <ItemType>1</ItemType>
      <ItemName>עוגיות מזרחיות</ItemName>
      <ManufacturerName>עבאדי</ManufacturerName>
      <ManufactureCountry>ישראל</ManufactureCountry>
      <ManufacturerItemDescription>עוגיות מזרחיות ומקלות לניגוב</ManufacturerItemDescription>
      <UnitQty>גרמים</UnitQty>
      <Quantity>400.00</Quantity>
      <UnitOfMeasure>100 גרם</UnitOfMeasure>
      <bIsWeighted>0</bIsWeighted>
      <QtyInPackage>1</QtyInPackage>
      <ItemPrice>19.90</ItemPrice>
      <UnitOfMeasurePrice>4.9750</UnitOfMeasurePrice>
      <AllowDiscount>1</AllowDiscount>
      <ItemStatus>1</ItemStatus>
      <ItemId>65053</ItemId>
    </Item>
    <Item>
      <PriceUpdateDate>2015-10-01 06:14:41</PriceUpdateDate>
      <ItemCode>7290012117534</ItemCode>
      <ItemType>1</ItemType>
      <ItemName>מרכך כביסה מרוכז</ItemName>
      <ManufacturerName>סנו</ManufacturerName>
      <ManufactureCountry>לא ידוע</ManufactureCountry>
      <ManufacturerItemDescription>מקסימה מרכך כביסה מרוכז 1 ליטר</ManufacturerItemDescription>
      <UnitQty>ליטרים</UnitQty>
      <Quantity>1.00</Quantity>
      <UnitOfMeasure>ליטר</UnitOfMeasure>
      <bIsWeighted>0</bIsWeighted>
      <QtyInPackage>1</QtyInPackage>
      <ItemPrice>17.70</ItemPrice>
      <UnitOfMeasurePrice>17.7000</UnitOfMeasurePrice>
      <AllowDiscount>1</AllowDiscount>
      <ItemStatus>1</ItemStatus>
      <ItemId>65185</ItemId>
    </Item>
    <Item>
      <PriceUpdateDate>2016-08-09 08:18:03</PriceUpdateDate>
      <ItemCode>9110</ItemCode>
      <ItemType>0</ItemType>
      <ItemName>בטטה</ItemName>
      <ManufacturerName>חקלאי</ManufacturerName>
      <ManufactureCountry>ישראל</ManufactureCountry>
      <ManufacturerItemDescription>בטטה</ManufacturerItemDescription>
      <UnitQty>קילוגרמים</UnitQty>
      <Quantity>1.00</Quantity>
      <UnitOfMeasure>ק"ג</UnitOfMeasure>
      <bIsWeighted>1</bIsWeighted>
      <QtyInPackage>לא ידוע</QtyInPackage>
      <ItemPrice>9.90</ItemPrice>
      <UnitOfMeasurePrice>9.9000</UnitOfMeasurePrice>
      <AllowDiscount>1</AllowDiscount>
      <ItemStatus>1</ItemStatus>
      <ItemId>81386</ItemId>
    </Item>
    <Item>
      <PriceUpdateDate>2015-10-01 06:16:29</PriceUpdateDate>
      <ItemCode>7290000189499</ItemCode>
      <ItemType>1</ItemType>
      <ItemName>תבנית אפייה עגולה</ItemName>
      <ManufacturerName>דוקארט</ManufacturerName>
      <ManufactureCountry>ישראל</ManufactureCountry>
      <ManufacturerItemDescription>תבנית אפייה קרטון עגולה 3 יחיד</ManufacturerItemDescription>
      <UnitQty>Unknown </UnitQty>
      <Quantity>0.00</Quantity>
      <UnitOfMeasure>Unknown </UnitOfMeasure>
      <bIsWeighted>0</bIsWeighted>
      <QtyInPackage>1</QtyInPackage>
      <ItemPrice>10.80</ItemPrice>
      <UnitOfMeasurePrice>0.0000</UnitOfMeasurePrice>
      <AllowDiscount>1</AllowDiscount>
      <ItemStatus>1</ItemStatus>
      <ItemId>65237</ItemId>
    </Item>
    <Item>
      <PriceUpdateDate>2015-10-01 06:14:43</PriceUpdateDate>
      <ItemCode>7290013269560</ItemCode>
      <ItemType>1</ItemType>
      <ItemName>תחליב רחצה מאסק</ItemName>
      <ManufacturerName>קוסמופארם</ManufacturerName>
      <ManufactureCountry>ישראל</ManufactureCountry>
      <ManufacturerItemDescription>קרמה תחליב רחצה בניחוח מאסק          75</ManufacturerItemDescription>
      <UnitQty>מיליליטרים</UnitQty>
      <Quantity>750.00</Quantity>
      <UnitOfMeasure>100 מ"ל</UnitOfMeasure>
      <bIsWeighted>0</bIsWeighted>
      <QtyInPackage>1</QtyInPackage>
      <ItemPrice>21.50</ItemPrice>
      <UnitOfMeasurePrice>2.8667</UnitOfMeasurePrice>
      <AllowDiscount>1</AllowDiscount>
      <ItemStatus>1</ItemStatus>
      <ItemId>75359</ItemId>
    </Item>
    <Item>
      <PriceUpdateDate>2016-03-27 13:45:12</PriceUpdateDate>
      <ItemCode>7290013269263</ItemCode>
      <ItemType>1</ItemType>
      <ItemName>ג"ל כביסה קריסטל</ItemName>
      <ManufacturerName>סנו</ManufacturerName>
      <ManufactureCountry>ישראל</ManufactureCountry>
      <ManufacturerItemDescription>גל כביסה מקסימה קריסטל נואר          3</ManufacturerItemDescription>
      <UnitQty>ליטרים</UnitQty>
      <Quantity>3.00</Quantity>
      <UnitOfMeasure>ליטר</UnitOfMeasure>
      <bIsWeighted>0</bIsWeighted>
      <QtyInPackage>1</QtyInPackage>
      <ItemPrice>34.90</ItemPrice>
      <UnitOfMeasurePrice>11.6333</UnitOfMeasurePrice>
      <AllowDiscount>1</AllowDiscount>
      <ItemStatus>1</ItemStatus>
      <ItemId>75807</ItemId>
    </Item>
    <Item>
      <PriceUpdateDate>2016-04-11 13:46:36</PriceUpdateDate>
      <ItemCode>7290006267405</ItemCode>
      <ItemType>1</ItemType>
      <ItemName>יין שרדונה תבור 750</ItemName>
      <ManufacturerName>תבור</ManufacturerName>
      <ManufactureCountry>ישראל</ManufactureCountry>
      <ManufacturerItemDescription>יין שרדונה תבור</ManufacturerItemDescription>
      <UnitQty>מיליליטרים</UnitQty>
      <Quantity>750.00</Quantity>
      <UnitOfMeasure>100 מ"ל</UnitOfMeasure>
      <bIsWeighted>0</bIsWeighted>
      <QtyInPackage>1</QtyInPackage>
      <ItemPrice>45.90</ItemPrice>
      <UnitOfMeasurePrice>6.1200</UnitOfMeasurePrice>
      <AllowDiscount>1</AllowDiscount>
      <ItemStatus>1</ItemStatus>
      <ItemId>65353</ItemId>
    </Item>
    <Item>
      <PriceUpdateDate>2015-10-01 06:14:41</PriceUpdateDate>
      <ItemCode>7290012823381</ItemCode>
      <ItemType>1</ItemType>
      <ItemName>מרכך כביסה סנסטיב</ItemName>
      <ManufacturerName>סנו</ManufacturerName>
      <ManufactureCountry>ישראל</ManufactureCountry>
      <ManufacturerItemDescription>מקסימה מרכך כביסה מרוכז סנסטיב</ManufacturerItemDescription>
      <UnitQty>ליטרים</UnitQty>
      <Quantity>1.00</Quantity>
      <UnitOfMeasure>ליטר</UnitOfMeasure>
      <bIsWeighted>0</bIsWeighted>
      <QtyInPackage>1</QtyInPackage>
      <ItemPrice>17.70</ItemPrice>
      <UnitOfMeasurePrice>17.7000</UnitOfMeasurePrice>
      <AllowDiscount>1</AllowDiscount>
      <ItemStatus>1</ItemStatus>
      <ItemId>65356</ItemId>
    </Item>
    <Item>
      <PriceUpdateDate>2015-10-01 06:17:31</PriceUpdateDate>
      <ItemCode>7290008493482</ItemCode>
      <ItemType>1</ItemType>
      <ItemName>בייגלה ביגל"ה</ItemName>
      <ManufacturerName>מאיר בייגל</ManufacturerName>
      <ManufactureCountry>ישראל</ManufactureCountry>
      <ManufacturerItemDescription>בייגלה ביגל"ה 300 גרם</ManufacturerItemDescription>
      <UnitQty>גרמים</UnitQty>
      <Quantity>300.00</Quantity>
      <UnitOfMeasure>100 גרם</UnitOfMeasure>
      <bIsWeighted>0</bIsWeighted>
      <QtyInPackage>1</QtyInPackage>
      <ItemPrice>9.80</ItemPrice>
      <UnitOfMeasurePrice>3.2667</UnitOfMeasurePrice>
      <AllowDiscount>1</AllowDiscount>
      <ItemStatus>1</ItemStatus>
      <ItemId>76579</ItemId>
    </Item>
    <Item>
      <PriceUpdateDate>2015-11-02 13:27:54</PriceUpdateDate>
      <ItemCode>7290008493499</ItemCode>
      <ItemType>1</ItemType>
      <ItemName>בייגלה שטוחלה מלח</ItemName>
      <ManufacturerName>מאיר בייגל</ManufacturerName>
      <ManufactureCountry>ישראל</ManufactureCountry>
      <ManufacturerItemDescription>בייגלה שטוחלה מלח 350 גרם</ManufacturerItemDescription>
      <UnitQty>גרמים</UnitQty>
      <Quantity>350.00</Quantity>
      <UnitOfMeasure>100 גרם</UnitOfMeasure>
      <bIsWeighted>0</bIsWeighted>
      <QtyInPackage>1</QtyInPackage>
      <ItemPrice>10.90</ItemPrice>
      <UnitOfMeasurePrice>3.1143</UnitOfMeasurePrice>
      <AllowDiscount>1</AllowDiscount>
      <ItemStatus>1</ItemStatus>
      <ItemId>76580</ItemId>
    </Item>
    <Item>
      <PriceUpdateDate>2015-10-01 06:16:30</PriceUpdateDate>
      <ItemCode>7290000188560</ItemCode>
      <ItemType>1</ItemType>
      <ItemName>מגן תחתון סילק לארג</ItemName>
      <ManufacturerName>KC China</ManufacturerName>
      <ManufactureCountry>סין</ManufactureCountry>
      <ManufacturerItemDescription>קוטקס מגן תחתון סילק לארג           52 "</ManufacturerItemDescription>
      <UnitQty>Unknown </UnitQty>
      <Quantity>0.00</Quantity>
      <UnitOfMeasure>Unknown </UnitOfMeasure>
      <bIsWeighted>0</bIsWeighted>
      <QtyInPackage>1</QtyInPackage>
      <ItemPrice>22.70</ItemPrice>
      <UnitOfMeasurePrice>0.0000</UnitOfMeasurePrice>
      <AllowDiscount>1</AllowDiscount>
      <ItemStatus>1</ItemStatus>
      <ItemId>72237</ItemId>
    </Item>
    <Item>
      <PriceUpdateDate>2015-01-01 00:00:00</PriceUpdateDate>
      <ItemCode>7290013268037</ItemCode>
      <ItemType>1</ItemType>
      <ItemName>מרכך כביסה פצולי</ItemName>
      <ManufacturerName>סנו</ManufacturerName>
      <ManufactureCountry>לא ידוע</ManufactureCountry>
      <ManufacturerItemDescription>מקסימה מרכך כביסה מרוכז פצ"ולי</ManufacturerItemDescription>
      <UnitQty>ליטרים</UnitQty>
      <Quantity>1.00</Quantity>
      <UnitOfMeasure>ליטר</UnitOfMeasure>
      <bIsWeighted>0</bIsWeighted>
      <QtyInPackage>1</QtyInPackage>
      <ItemPrice>17.90</ItemPrice>
      <UnitOfMeasurePrice>17.9000</UnitOfMeasurePrice>
      <AllowDiscount>1</AllowDiscount>
      <ItemStatus>1</ItemStatus>
      <ItemId>65453</ItemId>
    </Item>
    <Item>
      <PriceUpdateDate>2015-10-01 06:17:51</PriceUpdateDate>
      <ItemCode>7290000364292</ItemCode>
      <ItemType>1</ItemType>
      <ItemName>סלסולי פסטרמה גחלים</ItemName>
      <ManufacturerName>טירת צבי</ManufacturerName>
      <ManufactureCountry>ישראל</ManufactureCountry>
      <ManufacturerItemDescription>סלסולי פסטרמה גחלים 120 גר</ManufacturerItemDescription>
      <UnitQty>גרמים</UnitQty>
      <Quantity>120.00</Quantity>
      <UnitOfMeasure>100 גרם</UnitOfMeasure>
      <bIsWeighted>0</bIsWeighted>
      <QtyInPackage>1</QtyInPackage>
      <ItemPrice>16.70</ItemPrice>
      <UnitOfMeasurePrice>13.9167</UnitOfMeasurePrice>
      <AllowDiscount>1</AllowDiscount>
      <ItemStatus>1</ItemStatus>
      <ItemId>71175</ItemId>
    </Item>
    <Item>
      <PriceUpdateDate>2015-10-01 06:19:30</PriceUpdateDate>
      <ItemCode>7290008409841</ItemCode>
      <ItemType>1</ItemType>
      <ItemName>רצועוף שומשום</ItemName>
      <ManufacturerName>יושלם</ManufacturerName>
      <ManufactureCountry>יושלם</ManufactureCountry>
      <ManufacturerItemDescription>רצועוף שומשום 650 גרם</ManufacturerItemDescription>
      <UnitQty>גרמים</UnitQty>
      <Quantity>650.00</Quantity>
      <UnitOfMeasure>100 גרם</UnitOfMeasure>
      <bIsWeighted>0</bIsWeighted>
      <QtyInPackage>1</QtyInPackage>
      <ItemPrice>47.50</ItemPrice>
      <UnitOfMeasurePrice>7.3077</UnitOfMeasurePrice>
      <AllowDiscount>1</AllowDiscount>
      <ItemStatus>1</ItemStatus>
      <ItemId>65545</ItemId>
    </Item>
    <Item>
      <PriceUpdateDate>2015-10-01 06:14:41</PriceUpdateDate>
      <ItemCode>7290013268020</ItemCode>
      <ItemType>1</ItemType>
      <ItemName>מרכך כביסה אולטרא</ItemName>
      <ManufacturerName>סנו</ManufacturerName>
      <ManufactureCountry>ישראל</ManufactureCountry>
      <ManufacturerItemDescription>מקסימה מרכך כביסה מרוכז אולטרא</ManufacturerItemDescription>
      <UnitQty>ליטרים</UnitQty>
      <Quantity>1.00</Quantity>
      <UnitOfMeasure>ליטר</UnitOfMeasure>
      <bIsWeighted>0</bIsWeighted>
      <QtyInPackage>1</QtyInPackage>
      <ItemPrice>17.70</ItemPrice>
      <UnitOfMeasurePrice>17.7000</UnitOfMeasurePrice>
      <AllowDiscount>1</AllowDiscount>
      <ItemStatus>1</ItemStatus>
      <ItemId>65606</ItemId>
    </Item>
    <Item>
      <PriceUpdateDate>2015-08-02 08:18:32</PriceUpdateDate>
      <ItemCode>8850632604266</ItemCode>
      <ItemType>1</ItemType>
      <ItemName>יוגטה ממתק קולה</ItemName>
      <ManufacturerName>סאאדת</ManufacturerName>
      <ManufactureCountry>לא ידוע</ManufactureCountry>
      <ManufacturerItemDescription>יוגטה ממתק קולה בצורת מקלות          50</ManufacturerItemDescription>
      <UnitQty>גרמים</UnitQty>
      <Quantity>50.00</Quantity>
      <UnitOfMeasure>100 גרם</UnitOfMeasure>
      <bIsWeighted>0</bIsWeighted>
      <QtyInPackage>1</QtyInPackage>
      <ItemPrice>4.90</ItemPrice>
      <UnitOfMeasurePrice>9.8000</UnitOfMeasurePrice>
      <AllowDiscount>1</AllowDiscount>
      <ItemStatus>1</ItemStatus>
      <ItemId>65635</ItemId>
    </Item>
    <Item>
      <PriceUpdateDate>2015-01-01 00:00:00</PriceUpdateDate>
      <ItemCode>7290104001741</ItemCode>
      <ItemType>1</ItemType>
      <ItemName>צמר גפן רפואי</ItemName>
      <ManufacturerName>ינא</ManufacturerName>
      <ManufactureCountry>ישראל</ManufactureCountry>
      <ManufacturerItemDescription>צמר גפן רפואי 100 גרם מגה</ManufacturerItemDescription>
      <UnitQty>גרמים</UnitQty>
      <Quantity>100.00</Quantity>
      <UnitOfMeasure>100 גרם</UnitOfMeasure>
      <bIsWeighted>0</bIsWeighted>
      <QtyInPackage>1</QtyInPackage>
      <ItemPrice>5.40</ItemPrice>
      <UnitOfMeasurePrice>5.4000</UnitOfMeasurePrice>
      <AllowDiscount>1</AllowDiscount>
      <ItemStatus>1</ItemStatus>
      <ItemId>65816</ItemId>
    </Item>
    <Item>
      <PriceUpdateDate>2015-10-01 06:13:21</PriceUpdateDate>
      <ItemCode>7290104066566</ItemCode>
      <ItemType>1</ItemType>
      <ItemName>טחינה משומשום מלא</ItemName>
      <ManufacturerName>שטראוס גרופ</ManufacturerName>
      <ManufactureCountry>ישראל</ManufactureCountry>
      <ManufacturerItemDescription>טחינה משומשום מלא 500 גרם</ManufacturerItemDescription>
      <UnitQty>גרמים</UnitQty>
      <Quantity>500.00</Quantity>
      <UnitOfMeasure>100 גרם</UnitOfMeasure>
      <bIsWeighted>0</bIsWeighted>
      <QtyInPackage>1</QtyInPackage>
      <ItemPrice>15.60</ItemPrice>
      <UnitOfMeasurePrice>3.1200</UnitOfMeasurePrice>
      <AllowDiscount>1</AllowDiscount>
      <ItemStatus>1</ItemStatus>
      <ItemId>65820</ItemId>
    </Item>
    <Item>
      <PriceUpdateDate>2015-01-01 00:00:00</PriceUpdateDate>
      <ItemCode>7290011348267</ItemCode>
      <ItemType>1</ItemType>
      <ItemName>קציצות עדשים כתומות</ItemName>
      <ManufacturerName>טבעול</ManufacturerName>
      <ManufactureCountry>לא ידוע</ManufactureCountry>
      <ManufacturerItemDescription>קציצות עדשים כתומות 500 גר  "ה</ManufacturerItemDescription>
      <UnitQty>גרמים</UnitQty>
      <Quantity>500.00</Quantity>
      <UnitOfMeasure>100 גרם</UnitOfMeasure>
      <bIsWeighted>0</bIsWeighted>
      <QtyInPackage>1</QtyInPackage>
      <ItemPrice>35.30</ItemPrice>
      <UnitOfMeasurePrice>7.0600</UnitOfMeasurePrice>
      <AllowDiscount>1</AllowDiscount>
      <ItemStatus>1</ItemStatus>
      <ItemId>65885</ItemId>
    </Item>
    <Item>
      <PriceUpdateDate>2015-10-01 06:18:41</PriceUpdateDate>
      <ItemCode>7290000052298</ItemCode>
      <ItemType>1</ItemType>
      <ItemName>משקה מוקה</ItemName>
      <ManufacturerName>תנובה מרכז שיתופי לש</ManufacturerName>
      <ManufactureCountry>ישראל</ManufactureCountry>
      <ManufacturerItemDescription>משקה מוקה 1 ליטר בבקבוק</ManufacturerItemDescription>
      <UnitQty>ליטרים</UnitQty>
      <Quantity>1.00</Quantity>
      <UnitOfMeasure>ליטר</UnitOfMeasure>
      <bIsWeighted>0</bIsWeighted>
      <QtyInPackage>1</QtyInPackage>
      <ItemPrice>12.50</ItemPrice>
      <UnitOfMeasurePrice>12.5000</UnitOfMeasurePrice>
      <AllowDiscount>1</AllowDiscount>
      <ItemStatus>1</ItemStatus>
      <ItemId>65936</ItemId>
    </Item>
    <Item>
      <PriceUpdateDate>2015-10-01 06:17:24</PriceUpdateDate>
      <ItemCode>7290100235478</ItemCode>
      <ItemType>1</ItemType>
      <ItemName>לחם טבע דגנים</ItemName>
      <ManufacturerName>בונזור</ManufacturerName>
      <ManufactureCountry>ישראל</ManufactureCountry>
      <ManufacturerItemDescription>לחם טבע דגנים אפוי חלקי</ManufacturerItemDescription>
      <UnitQty>Unknown </UnitQty>
      <Quantity>0.00</Quantity>
      <UnitOfMeasure>Unknown </UnitOfMeasure>
      <bIsWeighted>0</bIsWeighted>
      <QtyInPackage>1</QtyInPackage>
      <ItemPrice>14.70</ItemPrice>
      <UnitOfMeasurePrice>0.0000</UnitOfMeasurePrice>
      <AllowDiscount>1</AllowDiscount>
      <ItemStatus>1</ItemStatus>
      <ItemId>65959</ItemId>
    </Item>
    <Item>
      <PriceUpdateDate>2015-10-01 06:13:45</PriceUpdateDate>
      <ItemCode>7290000168425</ItemCode>
      <ItemType>1</ItemType>
      <ItemName>רוטב סויה צילי</ItemName>
      <ManufacturerName>יוניליוור</ManufacturerName>
      <ManufactureCountry>ישראל</ManufactureCountry>
      <ManufacturerItemDescription>רוטב סויה צ"ילי 50% פחות סוכר</ManufacturerItemDescription>
      <UnitQty>מיליליטרים</UnitQty>
      <Quantity>300.00</Quantity>
      <UnitOfMeasure>100 מ"ל</UnitOfMeasure>
      <bIsWeighted>0</bIsWeighted>
      <QtyInPackage>1</QtyInPackage>
      <ItemPrice>13.40</ItemPrice>
      <UnitOfMeasurePrice>4.4667</UnitOfMeasurePrice>
      <AllowDiscount>1</AllowDiscount>
      <ItemStatus>1</ItemStatus>
      <ItemId>91466</ItemId>
    </Item>
    <Item>
      <PriceUpdateDate>2015-10-01 06:17:51</PriceUpdateDate>
      <ItemCode>7290000364261</ItemCode>
      <ItemType>1</ItemType>
      <ItemName>סלסולי כתף בקר</ItemName>
      <ManufacturerName>טירת צבי</ManufacturerName>
      <ManufactureCountry>ישראל</ManufactureCountry>
      <ManufacturerItemDescription>סלסולי כתף בקר 120 גרם</ManufacturerItemDescription>
      <UnitQty>גרמים</UnitQty>
      <Quantity>120.00</Quantity>
      <UnitOfMeasure>100 גרם</UnitOfMeasure>
      <bIsWeighted>0</bIsWeighted>
      <QtyInPackage>1</QtyInPackage>
      <ItemPrice>16.70</ItemPrice>
      <UnitOfMeasurePrice>13.9167</UnitOfMeasurePrice>
      <AllowDiscount>1</AllowDiscount>
      <ItemStatus>1</ItemStatus>
      <ItemId>66017</ItemId>
    </Item>
    <Item>
      <PriceUpdateDate>2015-10-01 06:17:51</PriceUpdateDate>
      <ItemCode>7290000364285</ItemCode>
      <ItemType>1</ItemType>
      <ItemName>סלסולי פסטרמה</ItemName>
      <ManufacturerName>טירת צבי</ManufacturerName>
      <ManufactureCountry>ישראל</ManufactureCountry>
      <ManufacturerItemDescription>סלסולי פסטרמה הודו 120 גרם</ManufacturerItemDescription>
      <UnitQty>גרמים</UnitQty>
      <Quantity>120.00</Quantity>
      <UnitOfMeasure>100 גרם</UnitOfMeasure>
      <bIsWeighted>0</bIsWeighted>
      <QtyInPackage>1</QtyInPackage>
      <ItemPrice>16.70</ItemPrice>
      <UnitOfMeasurePrice>13.9167</UnitOfMeasurePrice>
      <AllowDiscount>1</AllowDiscount>
      <ItemStatus>1</ItemStatus>
      <ItemId>66019</ItemId>
    </Item>
    <Item>
      <PriceUpdateDate>2016-06-07 08:19:35</PriceUpdateDate>
      <ItemCode>7290011964689</ItemCode>
      <ItemType>1</ItemType>
      <ItemName>תבלין על האש מיכל</ItemName>
      <ManufacturerName>תבליני טעם וריח</ManufacturerName>
      <ManufactureCountry>לא ידוע</ManufactureCountry>
      <ManufacturerItemDescription>תבלין על האש ללא מונוסודיום          100</ManufacturerItemDescription>
      <UnitQty>Unknown </UnitQty>
      <Quantity>0.00</Quantity>
      <UnitOfMeasure>Unknown </UnitOfMeasure>
      <bIsWeighted>0</bIsWeighted>
      <QtyInPackage>1</QtyInPackage>
      <ItemPrice>9.40</ItemPrice>
      <UnitOfMeasurePrice>0.0000</UnitOfMeasurePrice>
      <AllowDiscount>1</AllowDiscount>
      <ItemStatus>1</ItemStatus>
      <ItemId>66056</ItemId>
    </Item>
    <Item>
      <PriceUpdateDate>2015-10-01 06:20:18</PriceUpdateDate>
      <ItemCode>7290011964696</ItemCode>
      <ItemType>1</ItemType>
      <ItemName>תבלין לסטייק מיכל</ItemName>
      <ManufacturerName>תבליני טעם וריח</ManufacturerName>
      <ManufactureCountry>ישראל</ManufactureCountry>
      <ManufacturerItemDescription>תבלין לסטייק ללא מונוסודיום          100</ManufacturerItemDescription>
      <UnitQty>Unknown </UnitQty>
      <Quantity>0.00</Quantity>
      <UnitOfMeasure>Unknown </UnitOfMeasure>
      <bIsWeighted>0</bIsWeighted>
      <QtyInPackage>1</QtyInPackage>
      <ItemPrice>12.90</ItemPrice>
      <UnitOfMeasurePrice>0.0000</UnitOfMeasurePrice>
      <AllowDiscount>1</AllowDiscount>
      <ItemStatus>1</ItemStatus>
      <ItemId>66057</ItemId>
    </Item>
    <Item>
      <PriceUpdateDate>2016-06-07 08:19:35</PriceUpdateDate>
      <ItemCode>7290011964702</ItemCode>
      <ItemType>1</ItemType>
      <ItemName>תבלין לשווארמה מיכל</ItemName>
      <ManufacturerName>תבליני טעם וריח</ManufacturerName>
      <ManufactureCountry>לא ידוע</ManufactureCountry>
      <ManufacturerItemDescription>תבלין לשווארמה ללא מונוסודיום</ManufacturerItemDescription>
      <UnitQty>גרמים</UnitQty>
      <Quantity>110.00</Quantity>
      <UnitOfMeasure>100 גרם</UnitOfMeasure>
      <bIsWeighted>0</bIsWeighted>
      <QtyInPackage>1</QtyInPackage>
      <ItemPrice>9.40</ItemPrice>
      <UnitOfMeasurePrice>8.5455</UnitOfMeasurePrice>
      <AllowDiscount>1</AllowDiscount>
      <ItemStatus>1</ItemStatus>
      <ItemId>66058</ItemId>
    </Item>
    <Item>
      <PriceUpdateDate>2015-11-02 13:27:53</PriceUpdateDate>
      <ItemCode>7290012001994</ItemCode>
      <ItemType>1</ItemType>
      <ItemName>חרדל דיז"ון גרגירים</ItemName>
      <ManufacturerName>ריין דה דיזון</ManufacturerName>
      <ManufactureCountry>צרפת</ManufactureCountry>
      <ManufacturerItemDescription>חרדל דיז"ון גרגירים 350 גרם</ManufacturerItemDescription>
      <UnitQty>גרמים</UnitQty>
      <Quantity>350.00</Quantity>
      <UnitOfMeasure>100 גרם</UnitOfMeasure>
      <bIsWeighted>0</bIsWeighted>
      <QtyInPackage>1</QtyInPackage>
      <ItemPrice>14.70</ItemPrice>
      <UnitOfMeasurePrice>4.2000</UnitOfMeasurePrice>
      <AllowDiscount>1</AllowDiscount>
      <ItemStatus>1</ItemStatus>
      <ItemId>66061</ItemId>
    </Item>
    <Item>
      <PriceUpdateDate>2015-10-01 08:05:53</PriceUpdateDate>
      <ItemCode>4033100014499</ItemCode>
      <ItemType>1</ItemType>
      <ItemName>סיגריות אל די כחול ח</ItemName>
      <ManufacturerName>JTI</ManufacturerName>
      <ManufactureCountry>לא ידוע</ManufactureCountry>
      <ManufacturerItemDescription>סיגריות אל די כחול בודד</ManufacturerItemDescription>
      <UnitQty>Unknown </UnitQty>
      <Quantity>0.00</Quantity>
      <UnitOfMeasure>Unknown </UnitOfMeasure>
      <bIsWeighted>0</bIsWeighted>
      <QtyInPackage>1</QtyInPackage>
      <ItemPrice>27.90</ItemPrice>
      <UnitOfMeasurePrice>0.0000</UnitOfMeasurePrice>
      <AllowDiscount>0</AllowDiscount>
      <ItemStatus>1</ItemStatus>
      <ItemId>66130</ItemId>
    </Item>
    <Item>
      <PriceUpdateDate>2015-10-01 06:14:41</PriceUpdateDate>
      <ItemCode>7290012823374</ItemCode>
      <ItemType>1</ItemType>
      <ItemName>מטליות לניקוי כללי</ItemName>
      <ManufacturerName>יושלם</ManufacturerName>
      <ManufactureCountry>יושלם</ManufactureCountry>
      <ManufacturerItemDescription>סנו אנטי קאלק מטליות לניקוי כל</ManufacturerItemDescription>
      <UnitQty>Unknown </UnitQty>
      <Quantity>0.00</Quantity>
      <UnitOfMeasure>Unknown </UnitOfMeasure>
      <bIsWeighted>0</bIsWeighted>
      <QtyInPackage>1</QtyInPackage>
      <ItemPrice>14.80</ItemPrice>
      <UnitOfMeasurePrice>0.0000</UnitOfMeasurePrice>
      <AllowDiscount>1</AllowDiscount>
      <ItemStatus>1</ItemStatus>
      <ItemId>66157</ItemId>
    </Item>
    <Item>
      <PriceUpdateDate>2015-10-01 06:14:00</PriceUpdateDate>
      <ItemCode>7290013054517</ItemCode>
      <ItemType>1</ItemType>
      <ItemName>שעווה לפנים 100 ג  "</ItemName>
      <ManufacturerName>יושלם</ManufacturerName>
      <ManufactureCountry>יושלם</ManufactureCountry>
      <ManufacturerItemDescription>שעווה להסרת שיער לפנים 100 גרם</ManufacturerItemDescription>
      <UnitQty>גרמים</UnitQty>
      <Quantity>100.00</Quantity>
      <UnitOfMeasure>100 גרם</UnitOfMeasure>
      <bIsWeighted>0</bIsWeighted>
      <QtyInPackage>1</QtyInPackage>
      <ItemPrice>14.80</ItemPrice>
      <UnitOfMeasurePrice>14.8000</UnitOfMeasurePrice>
      <AllowDiscount>1</AllowDiscount>
      <ItemStatus>1</ItemStatus>
      <ItemId>66160</ItemId>
    </Item>
    <Item>
      <PriceUpdateDate>2015-10-15 09:10:00</PriceUpdateDate>
      <ItemCode>7290103722005</ItemCode>
      <ItemType>1</ItemType>
      <ItemName>נייר טואלט לובלי לבן</ItemName>
      <ManufacturerName>שניב תעשיות נייר בע"</ManufacturerName>
      <ManufactureCountry>ישראל</ManufactureCountry>
      <ManufacturerItemDescription>נייר טואלט לובלי לבן 32 יחידות</ManufacturerItemDescription>
      <UnitQty>Unknown </UnitQty>
      <Quantity>0.00</Quantity>
      <UnitOfMeasure>Unknown </UnitOfMeasure>
      <bIsWeighted>0</bIsWeighted>
      <QtyInPackage>1</QtyInPackage>
      <ItemPrice>36.90</ItemPrice>
      <UnitOfMeasurePrice>0.0000</UnitOfMeasurePrice>
      <AllowDiscount>1</AllowDiscount>
      <ItemStatus>1</ItemStatus>
      <ItemId>66194</ItemId>
    </Item>
    <Item>
      <PriceUpdateDate>2015-11-02 13:27:54</PriceUpdateDate>
      <ItemCode>7290008493505</ItemCode>
      <ItemType>1</ItemType>
      <ItemName>בייגלה שטוחלה שומשום</ItemName>
      <ManufacturerName>מאיר בייגל</ManufacturerName>
      <ManufactureCountry>ישראל</ManufactureCountry>
      <ManufacturerItemDescription>בייגלה שטוחלה שומשום 300 גרם</ManufacturerItemDescription>
      <UnitQty>גרמים</UnitQty>
      <Quantity>300.00</Quantity>
      <UnitOfMeasure>100 גרם</UnitOfMeasure>
      <bIsWeighted>0</bIsWeighted>
      <QtyInPackage>1</QtyInPackage>
      <ItemPrice>10.90</ItemPrice>
      <UnitOfMeasurePrice>3.6333</UnitOfMeasurePrice>
      <AllowDiscount>1</AllowDiscount>
      <ItemStatus>1</ItemStatus>
      <ItemId>76581</ItemId>
    </Item>
    <Item>
      <PriceUpdateDate>2015-06-01 07:52:24</PriceUpdateDate>
      <ItemCode>8008920150104</ItemCode>
      <ItemType>1</ItemType>
      <ItemName>למברוסקו אדום חצי יב</ItemName>
      <ManufacturerName>דונלי גאטטיקו</ManufacturerName>
      <ManufactureCountry>לא ידוע</ManufactureCountry>
      <ManufacturerItemDescription>למברוסקו אדום חצי יבש אמראדורי</ManufacturerItemDescription>
      <UnitQty>מיליליטרים</UnitQty>
      <Quantity>750.00</Quantity>
      <UnitOfMeasure>100 מ"ל</UnitOfMeasure>
      <bIsWeighted>0</bIsWeighted>
      <QtyInPackage>1</QtyInPackage>
      <ItemPrice>29.90</ItemPrice>
      <UnitOfMeasurePrice>3.9867</UnitOfMeasurePrice>
      <AllowDiscount>1</AllowDiscount>
      <ItemStatus>1</ItemStatus>
      <ItemId>66253</ItemId>
    </Item>
    <Item>
      <PriceUpdateDate>2016-03-29 10:13:51</PriceUpdateDate>
      <ItemCode>7290002830207</ItemCode>
      <ItemType>1</ItemType>
      <ItemName>גפילטע פיש בצנצנת 52</ItemName>
      <ManufacturerName>יושלם</ManufacturerName>
      <ManufactureCountry>יושלם</ManufactureCountry>
      <ManufacturerItemDescription>גפילטע פיש בצנצנת 520 גרם</ManufacturerItemDescription>
      <UnitQty>גרמים</UnitQty>
      <Quantity>520.00</Quantity>
      <UnitOfMeasure>100 גרם</UnitOfMeasure>
      <bIsWeighted>0</bIsWeighted>
      <QtyInPackage>1</QtyInPackage>
      <ItemPrice>13.70</ItemPrice>
      <UnitOfMeasurePrice>2.6346</UnitOfMeasurePrice>
      <AllowDiscount>1</AllowDiscount>
      <ItemStatus>1</ItemStatus>
      <ItemId>66329</ItemId>
    </Item>
    <Item>
      <PriceUpdateDate>2015-10-01 06:13:39</PriceUpdateDate>
      <ItemCode>4800888148957</ItemCode>
      <ItemType>1</ItemType>
      <ItemName>דאודורנט רקסונה רול</ItemName>
      <ManufacturerName>יוניליוור  פיליפינים</ManufacturerName>
      <ManufactureCountry>לא ידוע</ManufactureCountry>
      <ManufacturerItemDescription>רקסונה דאו "רולאון טלק 50 מ"ל</ManufacturerItemDescription>
      <UnitQty>מיליליטרים</UnitQty>
      <Quantity>50.00</Quantity>
      <UnitOfMeasure>100 מ"ל</UnitOfMeasure>
      <bIsWeighted>0</bIsWeighted>
      <QtyInPackage>1</QtyInPackage>
      <ItemPrice>19.70</ItemPrice>
      <UnitOfMeasurePrice>39.4000</UnitOfMeasurePrice>
      <AllowDiscount>1</AllowDiscount>
      <ItemStatus>1</ItemStatus>
      <ItemId>66333</ItemId>
    </Item>
    <Item>
      <PriceUpdateDate>2015-10-01 06:17:24</PriceUpdateDate>
      <ItemCode>7290100235492</ItemCode>
      <ItemType>1</ItemType>
      <ItemName>לחם שיפון רוסי</ItemName>
      <ManufacturerName>בונזור</ManufacturerName>
      <ManufactureCountry>ישראל</ManufactureCountry>
      <ManufacturerItemDescription>לחם שיפון רוסי אפוי חלקי</ManufacturerItemDescription>
      <UnitQty>Unknown </UnitQty>
      <Quantity>0.00</Quantity>
      <UnitOfMeasure>Unknown </UnitOfMeasure>
      <bIsWeighted>0</bIsWeighted>
      <QtyInPackage>1</QtyInPackage>
      <ItemPrice>14.70</ItemPrice>
      <UnitOfMeasurePrice>0.0000</UnitOfMeasurePrice>
      <AllowDiscount>1</AllowDiscount>
      <ItemStatus>1</ItemStatus>
      <ItemId>66484</ItemId>
    </Item>
    <Item>
      <PriceUpdateDate>2015-10-01 06:13:21</PriceUpdateDate>
      <ItemCode>7290104067198</ItemCode>
      <ItemType>1</ItemType>
      <ItemName>שוקולד ספלנדיד תפוז</ItemName>
      <ManufacturerName>שטראוס גרופ</ManufacturerName>
      <ManufactureCountry>ישראל</ManufactureCountry>
      <ManufacturerItemDescription>שוקולד ספלנדיד מריר תפוז</ManufacturerItemDescription>
      <UnitQty>Unknown </UnitQty>
      <Quantity>0.00</Quantity>
      <UnitOfMeasure>Unknown </UnitOfMeasure>
      <bIsWeighted>0</bIsWeighted>
      <QtyInPackage>1</QtyInPackage>
      <ItemPrice>11.60</ItemPrice>
      <UnitOfMeasurePrice>0.0000</UnitOfMeasurePrice>
      <AllowDiscount>1</AllowDiscount>
      <ItemStatus>1</ItemStatus>
      <ItemId>66502</ItemId>
    </Item>
    <Item>
      <PriceUpdateDate>2015-08-05 17:31:11</PriceUpdateDate>
      <ItemCode>7290104068676</ItemCode>
      <ItemType>1</ItemType>
      <ItemName>תפוציפס קידס</ItemName>
      <ManufacturerName>שטראוס גרופ</ManufacturerName>
      <ManufactureCountry>ישראל</ManufactureCountry>
      <ManufacturerItemDescription>תפוציפס קידס 45 גרם</ManufacturerItemDescription>
      <UnitQty>גרמים</UnitQty>
      <Quantity>45.00</Quantity>
      <UnitOfMeasure>100 גרם</UnitOfMeasure>
      <bIsWeighted>0</bIsWeighted>
      <QtyInPackage>1</QtyInPackage>
      <ItemPrice>3.90</ItemPrice>
      <UnitOfMeasurePrice>8.6667</UnitOfMeasurePrice>
      <AllowDiscount>1</AllowDiscount>
      <ItemStatus>1</ItemStatus>
      <ItemId>66504</ItemId>
    </Item>
    <Item>
      <PriceUpdateDate>2015-01-01 00:00:00</PriceUpdateDate>
      <ItemCode>9002859042799</ItemCode>
      <ItemType>1</ItemType>
      <ItemName>בונבונירה גונץ מוצרט</ItemName>
      <ManufacturerName>גונץ</ManufacturerName>
      <ManufactureCountry>אוסטריה</ManufactureCountry>
      <ManufacturerItemDescription>בונבונירה גונץ מוצרט כשל"פ          300</ManufacturerItemDescription>
      <UnitQty>גרמים</UnitQty>
      <Quantity>300.00</Quantity>
      <UnitOfMeasure>100 גרם</UnitOfMeasure>
      <bIsWeighted>0</bIsWeighted>
      <QtyInPackage>1</QtyInPackage>
      <ItemPrice>29.90</ItemPrice>
      <UnitOfMeasurePrice>9.9667</UnitOfMeasurePrice>
      <AllowDiscount>1</AllowDiscount>
      <ItemStatus>1</ItemStatus>
      <ItemId>86954</ItemId>
    </Item>
    <Item>
      <PriceUpdateDate>2015-08-09 08:03:32</PriceUpdateDate>
      <ItemCode>7290104508943</ItemCode>
      <ItemType>1</ItemType>
      <ItemName>במבה קלאסי 200 גרם</ItemName>
      <ManufacturerName>אסם</ManufacturerName>
      <ManufactureCountry>לא ידוע</ManufactureCountry>
      <ManufacturerItemDescription>במבה קלאסי 200 גר</ManufacturerItemDescription>
      <UnitQty>גרמים</UnitQty>
      <Quantity>200.00</Quantity>
      <UnitOfMeasure>100 גרם</UnitOfMeasure>
      <bIsWeighted>0</bIsWeighted>
      <QtyInPackage>1</QtyInPackage>
      <ItemPrice>11.90</ItemPrice>
      <UnitOfMeasurePrice>5.9500</UnitOfMeasurePrice>
      <AllowDiscount>1</AllowDiscount>
      <ItemStatus>1</ItemStatus>
      <ItemId>79033</ItemId>
    </Item>
    <Item>
      <PriceUpdateDate>2015-07-30 07:04:11</PriceUpdateDate>
      <ItemCode>7290000052649</ItemCode>
      <ItemType>1</ItemType>
      <ItemName>פיראוס לאבנה     %5</ItemName>
      <ManufacturerName>תנובה מרכז שיתופי לש</ManufacturerName>
      <ManufactureCountry>ישראל</ManufactureCountry>
      <ManufacturerItemDescription>פיראוס לאבנה 500 %5 גרם</ManufacturerItemDescription>
      <UnitQty>גרמים</UnitQty>
      <Quantity>500.00</Quantity>
      <UnitOfMeasure>100 גרם</UnitOfMeasure>
      <bIsWeighted>0</bIsWeighted>
      <QtyInPackage>1</QtyInPackage>
      <ItemPrice>20.40</ItemPrice>
      <UnitOfMeasurePrice>4.0800</UnitOfMeasurePrice>
      <AllowDiscount>1</AllowDiscount>
      <ItemStatus>1</ItemStatus>
      <ItemId>66627</ItemId>
    </Item>
    <Item>
      <PriceUpdateDate>2015-06-08 13:31:54</PriceUpdateDate>
      <ItemCode>7290101982098</ItemCode>
      <ItemType>1</ItemType>
      <ItemName>בועות סבון 300 מל</ItemName>
      <ManufacturerName>יושלם</ManufacturerName>
      <ManufactureCountry>יושלם</ManufactureCountry>
      <ManufacturerItemDescription>בועות סבון 300 מל</ManufacturerItemDescription>
      <UnitQty>Unknown </UnitQty>
      <Quantity>0.00</Quantity>
      <UnitOfMeasure>Unknown </UnitOfMeasure>
      <bIsWeighted>0</bIsWeighted>
      <QtyInPackage>1</QtyInPackage>
      <ItemPrice>12.00</ItemPrice>
      <UnitOfMeasurePrice>0.0000</UnitOfMeasurePrice>
      <AllowDiscount>1</AllowDiscount>
      <ItemStatus>1</ItemStatus>
      <ItemId>66680</ItemId>
    </Item>
    <Item>
      <PriceUpdateDate>2015-08-09 08:03:32</PriceUpdateDate>
      <ItemCode>7290000077253</ItemCode>
      <ItemType>1</ItemType>
      <ItemName>לחמית כפרית</ItemName>
      <ManufacturerName>אסם</ManufacturerName>
      <ManufactureCountry>ישראל</ManufactureCountry>
      <ManufacturerItemDescription>לחמית כפרית 190 גרם</ManufacturerItemDescription>
      <UnitQty>גרמים</UnitQty>
      <Quantity>190.00</Quantity>
      <UnitOfMeasure>100 גרם</UnitOfMeasure>
      <bIsWeighted>0</bIsWeighted>
      <QtyInPackage>1</QtyInPackage>
      <ItemPrice>11.30</ItemPrice>
      <UnitOfMeasurePrice>5.9474</UnitOfMeasurePrice>
      <AllowDiscount>1</AllowDiscount>
      <ItemStatus>1</ItemStatus>
      <ItemId>66681</ItemId>
    </Item>
    <Item>
      <PriceUpdateDate>2015-10-01 06:18:45</PriceUpdateDate>
      <ItemCode>7290003208586</ItemCode>
      <ItemType>1</ItemType>
      <ItemName>מרטיני לבן      750</ItemName>
      <ManufacturerName>מרטיני ורוסי</ManufacturerName>
      <ManufactureCountry>איטליה</ManufactureCountry>
      <ManufacturerItemDescription>מרטיני לבן 750 מל</ManufacturerItemDescription>
      <UnitQty>מיליליטרים</UnitQty>
      <Quantity>750.00</Quantity>
      <UnitOfMeasure>100 מ"ל</UnitOfMeasure>
      <bIsWeighted>0</bIsWeighted>
      <QtyInPackage>1</QtyInPackage>
      <ItemPrice>51.40</ItemPrice>
      <UnitOfMeasurePrice>6.8533</UnitOfMeasurePrice>
      <AllowDiscount>1</AllowDiscount>
      <ItemStatus>1</ItemStatus>
      <ItemId>66687</ItemId>
    </Item>
    <Item>
      <PriceUpdateDate>2015-01-01 00:00:00</PriceUpdateDate>
      <ItemCode>7290012309939</ItemCode>
      <ItemType>1</ItemType>
      <ItemName>חלבה מסולסלת 500 גר</ItemName>
      <ManufacturerName>חפז עקר</ManufacturerName>
      <ManufactureCountry>ישראל</ManufactureCountry>
      <ManufacturerItemDescription>חלבה מסולסלת 500 גר</ManufacturerItemDescription>
      <UnitQty>גרמים</UnitQty>
      <Quantity>500.00</Quantity>
      <UnitOfMeasure>100 גרם</UnitOfMeasure>
      <bIsWeighted>0</bIsWeighted>
      <QtyInPackage>1</QtyInPackage>
      <ItemPrice>16.70</ItemPrice>
      <UnitOfMeasurePrice>3.3400</UnitOfMeasurePrice>
      <AllowDiscount>1</AllowDiscount>
      <ItemStatus>1</ItemStatus>
      <ItemId>95889</ItemId>
    </Item>
    <Item>
      <PriceUpdateDate>2015-07-08 06:55:31</PriceUpdateDate>
      <ItemCode>7290011969141</ItemCode>
      <ItemType>1</ItemType>
      <ItemName>מגבון בייבי בודד</ItemName>
      <ManufacturerName>פאלאס תעשיות בע"מ</ManufacturerName>
      <ManufactureCountry>לא ידוע</ManufactureCountry>
      <ManufacturerItemDescription>מגבון בייבי בודד</ManufacturerItemDescription>
      <UnitQty>Unknown </UnitQty>
      <Quantity>0.00</Quantity>
      <UnitOfMeasure>Unknown </UnitOfMeasure>
      <bIsWeighted>0</bIsWeighted>
      <QtyInPackage>1</QtyInPackage>
      <ItemPrice>4.90</ItemPrice>
      <UnitOfMeasurePrice>0.0000</UnitOfMeasurePrice>
      <AllowDiscount>1</AllowDiscount>
      <ItemStatus>1</ItemStatus>
      <ItemId>78737</ItemId>
    </Item>
    <Item>
      <PriceUpdateDate>2015-01-01 00:00:00</PriceUpdateDate>
      <ItemCode>7290012580598</ItemCode>
      <ItemType>1</ItemType>
      <ItemName>פסטה פנה ריגטה</ItemName>
      <ManufacturerName>פסטיפיציו</ManufacturerName>
      <ManufactureCountry>איטליה</ManufactureCountry>
      <ManufacturerItemDescription>פסטה פנה ריגטה מגה 500 גרם</ManufacturerItemDescription>
      <UnitQty>גרמים</UnitQty>
      <Quantity>500.00</Quantity>
      <UnitOfMeasure>100 גרם</UnitOfMeasure>
      <bIsWeighted>0</bIsWeighted>
      <QtyInPackage>1</QtyInPackage>
      <ItemPrice>5.00</ItemPrice>
      <UnitOfMeasurePrice>1.0000</UnitOfMeasurePrice>
      <AllowDiscount>1</AllowDiscount>
      <ItemStatus>1</ItemStatus>
      <ItemId>66933</ItemId>
    </Item>
    <Item>
      <PriceUpdateDate>2015-07-17 07:33:06</PriceUpdateDate>
      <ItemCode>7290100700587</ItemCode>
      <ItemType>1</ItemType>
      <ItemName>בורגול 500 גרם</ItemName>
      <ManufacturerName>סוגת</ManufacturerName>
      <ManufactureCountry>לא ידוע</ManufactureCountry>
      <ManufacturerItemDescription>בורגול 500 גרם</ManufacturerItemDescription>
      <UnitQty>גרמים</UnitQty>
      <Quantity>500.00</Quantity>
      <UnitOfMeasure>100 גרם</UnitOfMeasure>
      <bIsWeighted>0</bIsWeighted>
      <QtyInPackage>1</QtyInPackage>
      <ItemPrice>5.40</ItemPrice>
      <UnitOfMeasurePrice>1.0800</UnitOfMeasurePrice>
      <AllowDiscount>1</AllowDiscount>
      <ItemStatus>1</ItemStatus>
      <ItemId>67070</ItemId>
    </Item>
    <Item>
      <PriceUpdateDate>2015-10-15 09:10:01</PriceUpdateDate>
      <ItemCode>7290002542506</ItemCode>
      <ItemType>1</ItemType>
      <ItemName>בירה קורונה     355</ItemName>
      <ManufacturerName>סרבסריה מידלו</ManufacturerName>
      <ManufactureCountry>מקסיקו</ManufactureCountry>
      <ManufacturerItemDescription>בירה קורונה 355 מ"ל בקבוק</ManufacturerItemDescription>
      <UnitQty>מיליליטרים</UnitQty>
      <Quantity>355.00</Quantity>
      <UnitOfMeasure>100 מ"ל</UnitOfMeasure>
      <bIsWeighted>0</bIsWeighted>
      <QtyInPackage>1</QtyInPackage>
      <ItemPrice>15.00</ItemPrice>
      <UnitOfMeasurePrice>4.2254</UnitOfMeasurePrice>
      <AllowDiscount>1</AllowDiscount>
      <ItemStatus>1</ItemStatus>
      <ItemId>67109</ItemId>
    </Item>
    <Item>
      <PriceUpdateDate>2015-01-01 00:00:00</PriceUpdateDate>
      <ItemCode>7290012117558</ItemCode>
      <ItemType>1</ItemType>
      <ItemName>מרכך מקסימה</ItemName>
      <ManufacturerName>סנו</ManufacturerName>
      <ManufactureCountry>ישראל</ManufactureCountry>
      <ManufacturerItemDescription>מקסימה מרכך כביסה מרוכז מאסק          1</ManufacturerItemDescription>
      <UnitQty>ליטרים</UnitQty>
      <Quantity>1.00</Quantity>
      <UnitOfMeasure>ליטר</UnitOfMeasure>
      <bIsWeighted>0</bIsWeighted>
      <QtyInPackage>1</QtyInPackage>
      <ItemPrice>17.90</ItemPrice>
      <UnitOfMeasurePrice>17.9000</UnitOfMeasurePrice>
      <AllowDiscount>1</AllowDiscount>
      <ItemStatus>1</ItemStatus>
      <ItemId>67110</ItemId>
    </Item>
    <Item>
      <PriceUpdateDate>2016-04-14 07:35:05</PriceUpdateDate>
      <ItemCode>7290012996450</ItemCode>
      <ItemType>1</ItemType>
      <ItemName>מרכך כביסה מרוכז</ItemName>
      <ManufacturerName>מיפא</ManufacturerName>
      <ManufactureCountry>שוויץ</ManufactureCountry>
      <ManufacturerItemDescription>מרכך כביסה הפי מרוכז 1 ליטר</ManufacturerItemDescription>
      <UnitQty>ליטרים</UnitQty>
      <Quantity>1.00</Quantity>
      <UnitOfMeasure>ליטר</UnitOfMeasure>
      <bIsWeighted>0</bIsWeighted>
      <QtyInPackage>1</QtyInPackage>
      <ItemPrice>16.70</ItemPrice>
      <UnitOfMeasurePrice>16.7000</UnitOfMeasurePrice>
      <AllowDiscount>1</AllowDiscount>
      <ItemStatus>1</ItemStatus>
      <ItemId>67114</ItemId>
    </Item>
    <Item>
      <PriceUpdateDate>2015-10-01 06:13:04</PriceUpdateDate>
      <ItemCode>3661163990323</ItemCode>
      <ItemType>1</ItemType>
      <ItemName>ספרי גברים דריי מקס</ItemName>
      <ManufacturerName>COLEPCCL</ManufacturerName>
      <ManufactureCountry>פורטוגל</ManufactureCountry>
      <ManufacturerItemDescription>ספרי גברים דריי מקס A3 אדידס</ManufacturerItemDescription>
      <UnitQty>מיליליטרים</UnitQty>
      <Quantity>200.00</Quantity>
      <UnitOfMeasure>100 מ"ל</UnitOfMeasure>
      <bIsWeighted>0</bIsWeighted>
      <QtyInPackage>1</QtyInPackage>
      <ItemPrice>26.60</ItemPrice>
      <UnitOfMeasurePrice>13.3000</UnitOfMeasurePrice>
      <AllowDiscount>1</AllowDiscount>
      <ItemStatus>1</ItemStatus>
      <ItemId>67318</ItemId>
    </Item>
    <Item>
      <PriceUpdateDate>2016-04-14 07:35:07</PriceUpdateDate>
      <ItemCode>42247722</ItemCode>
      <ItemType>1</ItemType>
      <ItemName>מסטיק FIVE  אסנשיאל</ItemName>
      <ManufacturerName>ריגלי</ManufacturerName>
      <ManufactureCountry>צרפת</ManufactureCountry>
      <ManufacturerItemDescription>מסטיק פייב אסנשיאל אבטיח</ManufacturerItemDescription>
      <UnitQty>גרמים</UnitQty>
      <Quantity>31.00</Quantity>
      <UnitOfMeasure>100 גרם</UnitOfMeasure>
      <bIsWeighted>0</bIsWeighted>
      <QtyInPackage>1</QtyInPackage>
      <ItemPrice>4.90</ItemPrice>
      <UnitOfMeasurePrice>15.8065</UnitOfMeasurePrice>
      <AllowDiscount>1</AllowDiscount>
      <ItemStatus>1</ItemStatus>
      <ItemId>98329</ItemId>
    </Item>
    <Item>
      <PriceUpdateDate>2016-05-16 09:25:28</PriceUpdateDate>
      <ItemCode>29424002513</ItemCode>
      <ItemType>1</ItemType>
      <ItemName>ופל קוביות אגוז</ItemName>
      <ManufacturerName>מנעמים תעשיות מזון ב</ManufacturerName>
      <ManufactureCountry>ישראל</ManufactureCountry>
      <ManufacturerItemDescription>ופל קוביות אגוז 200 גרם</ManufacturerItemDescription>
      <UnitQty>גרמים</UnitQty>
      <Quantity>200.00</Quantity>
      <UnitOfMeasure>100 גרם</UnitOfMeasure>
      <bIsWeighted>0</bIsWeighted>
      <QtyInPackage>1</QtyInPackage>
      <ItemPrice>6.90</ItemPrice>
      <UnitOfMeasurePrice>3.4500</UnitOfMeasurePrice>
      <AllowDiscount>1</AllowDiscount>
      <ItemStatus>1</ItemStatus>
      <ItemId>67392</ItemId>
    </Item>
    <Item>
      <PriceUpdateDate>2015-10-01 06:18:41</PriceUpdateDate>
      <ItemCode>7290000052311</ItemCode>
      <ItemType>1</ItemType>
      <ItemName>גבינה עמק       15%</ItemName>
      <ManufacturerName>תנובה מרכז שיתופי לש</ManufacturerName>
      <ManufactureCountry>ישראל</ManufactureCountry>
      <ManufacturerItemDescription>גבינה עמק 200 15% גרם פרוס</ManufacturerItemDescription>
      <UnitQty>גרמים</UnitQty>
      <Quantity>200.00</Quantity>
      <UnitOfMeasure>100 גרם</UnitOfMeasure>
      <bIsWeighted>0</bIsWeighted>
      <QtyInPackage>1</QtyInPackage>
      <ItemPrice>15.90</ItemPrice>
      <UnitOfMeasurePrice>7.9500</UnitOfMeasurePrice>
      <AllowDiscount>1</AllowDiscount>
      <ItemStatus>1</ItemStatus>
      <ItemId>67400</ItemId>
    </Item>
    <Item>
      <PriceUpdateDate>2016-03-27 13:45:11</PriceUpdateDate>
      <ItemCode>7290106574120</ItemCode>
      <ItemType>1</ItemType>
      <ItemName>שלגון גומיגם</ItemName>
      <ManufacturerName>נגה גלידות</ManufacturerName>
      <ManufactureCountry>ישראל</ManufactureCountry>
      <ManufacturerItemDescription>שלגון גומיגם</ManufacturerItemDescription>
      <UnitQty>גרמים</UnitQty>
      <Quantity>90.00</Quantity>
      <UnitOfMeasure>100 גרם</UnitOfMeasure>
      <bIsWeighted>0</bIsWeighted>
      <QtyInPackage>1</QtyInPackage>
      <ItemPrice>7.90</ItemPrice>
      <UnitOfMeasurePrice>8.7778</UnitOfMeasurePrice>
      <AllowDiscount>1</AllowDiscount>
      <ItemStatus>1</ItemStatus>
      <ItemId>94022</ItemId>
    </Item>
    <Item>
      <PriceUpdateDate>2015-10-01 06:14:00</PriceUpdateDate>
      <ItemCode>7290003427178</ItemCode>
      <ItemType>1</ItemType>
      <ItemName>שמן זית כתית מעולה</ItemName>
      <ManufacturerName>זיתא</ManufacturerName>
      <ManufactureCountry>לא ידוע</ManufactureCountry>
      <ManufacturerItemDescription>שמן זית כתית מעולה 500 מל</ManufacturerItemDescription>
      <UnitQty>מיליליטרים</UnitQty>
      <Quantity>500.00</Quantity>
      <UnitOfMeasure>100 מ"ל</UnitOfMeasure>
      <bIsWeighted>0</bIsWeighted>
      <QtyInPackage>1</QtyInPackage>
      <ItemPrice>31.60</ItemPrice>
      <UnitOfMeasurePrice>6.3200</UnitOfMeasurePrice>
      <AllowDiscount>1</AllowDiscount>
      <ItemStatus>1</ItemStatus>
      <ItemId>67587</ItemId>
    </Item>
    <Item>
      <PriceUpdateDate>2015-10-01 06:15:21</PriceUpdateDate>
      <ItemCode>7290010328468</ItemCode>
      <ItemType>1</ItemType>
      <ItemName>חטיפי חלבה בטעמים</ItemName>
      <ManufacturerName>אחווה</ManufacturerName>
      <ManufactureCountry>ישראל</ManufactureCountry>
      <ManufacturerItemDescription>חטיפי חלבה בטעמים 12 גר             18*"</ManufacturerItemDescription>
      <UnitQty>גרמים</UnitQty>
      <Quantity>216.00</Quantity>
      <UnitOfMeasure>100 גרם</UnitOfMeasure>
      <bIsWeighted>0</bIsWeighted>
      <QtyInPackage>1</QtyInPackage>
      <ItemPrice>9.90</ItemPrice>
      <UnitOfMeasurePrice>4.5833</UnitOfMeasurePrice>
      <AllowDiscount>1</AllowDiscount>
      <ItemStatus>1</ItemStatus>
      <ItemId>96891</ItemId>
    </Item>
    <Item>
      <PriceUpdateDate>2015-10-01 06:16:30</PriceUpdateDate>
      <ItemCode>7290000189673</ItemCode>
      <ItemType>1</ItemType>
      <ItemName>מגבוני נייר לניקוי מ</ItemName>
      <ManufacturerName>יושלם</ManufacturerName>
      <ManufactureCountry>יושלם</ManufactureCountry>
      <ManufacturerItemDescription>מגבוני נייר לניקוי משטחי זכוכי</ManufacturerItemDescription>
      <UnitQty>Unknown </UnitQty>
      <Quantity>0.00</Quantity>
      <UnitOfMeasure>Unknown </UnitOfMeasure>
      <bIsWeighted>0</bIsWeighted>
      <QtyInPackage>1</QtyInPackage>
      <ItemPrice>14.90</ItemPrice>
      <UnitOfMeasurePrice>0.0000</UnitOfMeasurePrice>
      <AllowDiscount>1</AllowDiscount>
      <ItemStatus>1</ItemStatus>
      <ItemId>68003</ItemId>
    </Item>
    <Item>
      <PriceUpdateDate>2015-10-01 06:13:04</PriceUpdateDate>
      <ItemCode>7290012803352</ItemCode>
      <ItemType>1</ItemType>
      <ItemName>רייד ק.חרקים מעופפים</ItemName>
      <ManufacturerName>SC Jonson</ManufacturerName>
      <ManufactureCountry>הולנד</ManufactureCountry>
      <ManufacturerItemDescription>רייד קוטל חרקים מעופפים 300 מ</ManufacturerItemDescription>
      <UnitQty>מיליליטרים</UnitQty>
      <Quantity>300.00</Quantity>
      <UnitOfMeasure>100 מ"ל</UnitOfMeasure>
      <bIsWeighted>0</bIsWeighted>
      <QtyInPackage>1</QtyInPackage>
      <ItemPrice>18.70</ItemPrice>
      <UnitOfMeasurePrice>6.2333</UnitOfMeasurePrice>
      <AllowDiscount>1</AllowDiscount>
      <ItemStatus>1</ItemStatus>
      <ItemId>68016</ItemId>
    </Item>
    <Item>
      <PriceUpdateDate>2015-06-19 07:59:22</PriceUpdateDate>
      <ItemCode>3073780828628</ItemCode>
      <ItemType>1</ItemType>
      <ItemName>גב.בייבי בל-אדום</ItemName>
      <ManufacturerName>בייביבל</ManufacturerName>
      <ManufactureCountry>צרפת</ManufactureCountry>
      <ManufacturerItemDescription>גבינת בייבי בל-אדום 120 גרם</ManufacturerItemDescription>
      <UnitQty>גרמים</UnitQty>
      <Quantity>120.00</Quantity>
      <UnitOfMeasure>100 גרם</UnitOfMeasure>
      <bIsWeighted>0</bIsWeighted>
      <QtyInPackage>1</QtyInPackage>
      <ItemPrice>18.40</ItemPrice>
      <UnitOfMeasurePrice>15.3333</UnitOfMeasurePrice>
      <AllowDiscount>1</AllowDiscount>
      <ItemStatus>1</ItemStatus>
      <ItemId>68046</ItemId>
    </Item>
    <Item>
      <PriceUpdateDate>2015-07-26 13:18:36</PriceUpdateDate>
      <ItemCode>7290002410874</ItemCode>
      <ItemType>1</ItemType>
      <ItemName>פרגיות ממולאות</ItemName>
      <ManufacturerName>לאטי עזרא גלם ודגים</ManufacturerName>
      <ManufactureCountry>לא ידוע</ManufactureCountry>
      <ManufacturerItemDescription>פרגיות ממולאות לק"ג</ManufacturerItemDescription>
      <UnitQty>קילוגרמים</UnitQty>
      <Quantity>1.00</Quantity>
      <UnitOfMeasure>ק"ג</UnitOfMeasure>
      <bIsWeighted>1</bIsWeighted>
      <QtyInPackage>לא ידוע</QtyInPackage>
      <ItemPrice>55.90</ItemPrice>
      <UnitOfMeasurePrice>55.9000</UnitOfMeasurePrice>
      <AllowDiscount>1</AllowDiscount>
      <ItemStatus>1</ItemStatus>
      <ItemId>68193</ItemId>
    </Item>
    <Item>
      <PriceUpdateDate>2015-10-01 06:17:31</PriceUpdateDate>
      <ItemCode>5200351240017</ItemCode>
      <ItemType>1</ItemType>
      <ItemName>גליליות וופלים עם קר</ItemName>
      <ManufacturerName>ד.פ.מ בע"מ</ManufacturerName>
      <ManufactureCountry>יוון</ManufactureCountry>
      <ManufacturerItemDescription>גליליות וופלים עם קרם אגוזים</ManufacturerItemDescription>
      <UnitQty>גרמים</UnitQty>
      <Quantity>400.00</Quantity>
      <UnitOfMeasure>100 גרם</UnitOfMeasure>
      <bIsWeighted>0</bIsWeighted>
      <QtyInPackage>1</QtyInPackage>
      <ItemPrice>18.70</ItemPrice>
      <UnitOfMeasurePrice>4.6750</UnitOfMeasurePrice>
      <AllowDiscount>1</AllowDiscount>
      <ItemStatus>1</ItemStatus>
      <ItemId>68341</ItemId>
    </Item>
    <Item>
      <PriceUpdateDate>2015-10-01 06:13:40</PriceUpdateDate>
      <ItemCode>7290100247761</ItemCode>
      <ItemType>1</ItemType>
      <ItemName>מרק עגבניות עם אורז</ItemName>
      <ManufacturerName>אתר חיפה אבקות - Foo</ManufacturerName>
      <ManufactureCountry>ישראל</ManufactureCountry>
      <ManufacturerItemDescription>מרק עגבניות עם אורז 105 גרם</ManufacturerItemDescription>
      <UnitQty>גרמים</UnitQty>
      <Quantity>105.00</Quantity>
      <UnitOfMeasure>100 גרם</UnitOfMeasure>
      <bIsWeighted>0</bIsWeighted>
      <QtyInPackage>1</QtyInPackage>
      <ItemPrice>10.80</ItemPrice>
      <UnitOfMeasurePrice>10.2857</UnitOfMeasurePrice>
      <AllowDiscount>1</AllowDiscount>
      <ItemStatus>1</ItemStatus>
      <ItemId>68676</ItemId>
    </Item>
    <Item>
      <PriceUpdateDate>2015-10-01 06:13:21</PriceUpdateDate>
      <ItemCode>7290104061219</ItemCode>
      <ItemType>1</ItemType>
      <ItemName>רבע לשבע אגוזים</ItemName>
      <ManufacturerName>שטראוס גרופ</ManufacturerName>
      <ManufactureCountry>ישראל</ManufactureCountry>
      <ManufacturerItemDescription>רבע לשבע אגוזים 120 גרם</ManufacturerItemDescription>
      <UnitQty>גרמים</UnitQty>
      <Quantity>120.00</Quantity>
      <UnitOfMeasure>100 גרם</UnitOfMeasure>
      <bIsWeighted>0</bIsWeighted>
      <QtyInPackage>1</QtyInPackage>
      <ItemPrice>13.70</ItemPrice>
      <UnitOfMeasurePrice>11.4167</UnitOfMeasurePrice>
      <AllowDiscount>1</AllowDiscount>
      <ItemStatus>1</ItemStatus>
      <ItemId>68712</ItemId>
    </Item>
    <Item>
      <PriceUpdateDate>2015-08-12 06:10:47</PriceUpdateDate>
      <ItemCode>7290104068546</ItemCode>
      <ItemType>1</ItemType>
      <ItemName>מסטיק מאסט קולה</ItemName>
      <ManufacturerName>שטראוס גרופ</ManufacturerName>
      <ManufactureCountry>ישראל</ManufactureCountry>
      <ManufacturerItemDescription>מסטיק מאסט בטעם קולה קרח ולימו</ManufacturerItemDescription>
      <UnitQty>גרמים</UnitQty>
      <Quantity>28.00</Quantity>
      <UnitOfMeasure>100 גרם</UnitOfMeasure>
      <bIsWeighted>0</bIsWeighted>
      <QtyInPackage>1</QtyInPackage>
      <ItemPrice>4.50</ItemPrice>
      <UnitOfMeasurePrice>16.0714</UnitOfMeasurePrice>
      <AllowDiscount>1</AllowDiscount>
      <ItemStatus>1</ItemStatus>
      <ItemId>68716</ItemId>
    </Item>
    <Item>
      <PriceUpdateDate>2015-08-05 17:31:11</PriceUpdateDate>
      <ItemCode>7290104722530</ItemCode>
      <ItemType>1</ItemType>
      <ItemName>תפוציפס שמנת בצל200</ItemName>
      <ManufacturerName>שטראוס גרופ</ManufacturerName>
      <ManufactureCountry>ישראל</ManufactureCountry>
      <ManufacturerItemDescription>תפוציפס שמנת בצל 200 גרם</ManufacturerItemDescription>
      <UnitQty>גרמים</UnitQty>
      <Quantity>200.00</Quantity>
      <UnitOfMeasure>100 גרם</UnitOfMeasure>
      <bIsWeighted>0</bIsWeighted>
      <QtyInPackage>1</QtyInPackage>
      <ItemPrice>11.30</ItemPrice>
      <UnitOfMeasurePrice>5.6500</UnitOfMeasurePrice>
      <AllowDiscount>1</AllowDiscount>
      <ItemStatus>1</ItemStatus>
      <ItemId>68722</ItemId>
    </Item>
    <Item>
      <PriceUpdateDate>2016-08-05 06:31:49</PriceUpdateDate>
      <ItemCode>7290000644783</ItemCode>
      <ItemType>1</ItemType>
      <ItemName>מנות סלמון בואק</ItemName>
      <ManufacturerName>X MAK</ManufacturerName>
      <ManufactureCountry>נורווגיה</ManufactureCountry>
      <ManufacturerItemDescription>מנות סלמון בואקום לקג</ManufacturerItemDescription>
      <UnitQty>קילוגרמים</UnitQty>
      <Quantity>1.00</Quantity>
      <UnitOfMeasure>ק"ג</UnitOfMeasure>
      <bIsWeighted>1</bIsWeighted>
      <QtyInPackage>1</QtyInPackage>
      <ItemPrice>89.70</ItemPrice>
      <UnitOfMeasurePrice>89.7000</UnitOfMeasurePrice>
      <AllowDiscount>1</AllowDiscount>
      <ItemStatus>1</ItemStatus>
      <ItemId>68817</ItemId>
    </Item>
    <Item>
      <PriceUpdateDate>2015-01-01 00:00:00</PriceUpdateDate>
      <ItemCode>7290013054692</ItemCode>
      <ItemType>1</ItemType>
      <ItemName>גפרורים</ItemName>
      <ManufacturerName>סווידיש מטש</ManufacturerName>
      <ManufactureCountry>שוודיה</ManufactureCountry>
      <ManufacturerItemDescription>גפרורים מותג מגה</ManufacturerItemDescription>
      <UnitQty>גרמים</UnitQty>
      <Quantity>200.00</Quantity>
      <UnitOfMeasure>100 גרם</UnitOfMeasure>
      <bIsWeighted>0</bIsWeighted>
      <QtyInPackage>1</QtyInPackage>
      <ItemPrice>2.90</ItemPrice>
      <UnitOfMeasurePrice>1.4500</UnitOfMeasurePrice>
      <AllowDiscount>1</AllowDiscount>
      <ItemStatus>1</ItemStatus>
      <ItemId>68860</ItemId>
    </Item>
    <Item>
      <PriceUpdateDate>2015-10-01 06:17:31</PriceUpdateDate>
      <ItemCode>5010622010795</ItemCode>
      <ItemType>1</ItemType>
      <ItemName>מברשת שיניים ילדים5</ItemName>
      <ManufacturerName>פרוקטר אנד גמבל</ManufacturerName>
      <ManufactureCountry>אירלנד</ManufactureCountry>
      <ManufacturerItemDescription>מברשת שיניים ילדים 5-7 שנים</ManufacturerItemDescription>
      <UnitQty>Unknown </UnitQty>
      <Quantity>0.00</Quantity>
      <UnitOfMeasure>Unknown </UnitOfMeasure>
      <bIsWeighted>0</bIsWeighted>
      <QtyInPackage>1</QtyInPackage>
      <ItemPrice>17.70</ItemPrice>
      <UnitOfMeasurePrice>0.0000</UnitOfMeasurePrice>
      <AllowDiscount>1</AllowDiscount>
      <ItemStatus>1</ItemStatus>
      <ItemId>68883</ItemId>
    </Item>
    <Item>
      <PriceUpdateDate>2015-10-01 06:14:42</PriceUpdateDate>
      <ItemCode>7290012823657</ItemCode>
      <ItemType>1</ItemType>
      <ItemName>רסס וכבס מילוי</ItemName>
      <ManufacturerName>סנו</ManufacturerName>
      <ManufactureCountry>ישראל</ManufactureCountry>
      <ManufacturerItemDescription>סנוקל רסס וכבס מילוי 750 מל</ManufacturerItemDescription>
      <UnitQty>מיליליטרים</UnitQty>
      <Quantity>750.00</Quantity>
      <UnitOfMeasure>100 מ"ל</UnitOfMeasure>
      <bIsWeighted>0</bIsWeighted>
      <QtyInPackage>1</QtyInPackage>
      <ItemPrice>13.80</ItemPrice>
      <UnitOfMeasurePrice>1.8400</UnitOfMeasurePrice>
      <AllowDiscount>1</AllowDiscount>
      <ItemStatus>1</ItemStatus>
      <ItemId>68898</ItemId>
    </Item>
    <Item>
      <PriceUpdateDate>2015-01-01 00:00:00</PriceUpdateDate>
      <ItemCode>8850389105825</ItemCode>
      <ItemType>1</ItemType>
      <ItemName>סאפה ענבים         .</ItemName>
      <ManufacturerName>SAPPE PUBLIC COMPANY</ManufacturerName>
      <ManufactureCountry>תאילנד</ManufactureCountry>
      <ManufacturerItemDescription>סאפה ענבים ליטר</ManufacturerItemDescription>
      <UnitQty>ליטרים</UnitQty>
      <Quantity>1.00</Quantity>
      <UnitOfMeasure>ליטר</UnitOfMeasure>
      <bIsWeighted>0</bIsWeighted>
      <QtyInPackage>1</QtyInPackage>
      <ItemPrice>13.90</ItemPrice>
      <UnitOfMeasurePrice>13.9000</UnitOfMeasurePrice>
      <AllowDiscount>1</AllowDiscount>
      <ItemStatus>1</ItemStatus>
      <ItemId>69009</ItemId>
    </Item>
    <Item>
      <PriceUpdateDate>2015-01-01 00:00:00</PriceUpdateDate>
      <ItemCode>6001067022558</ItemCode>
      <ItemType>1</ItemType>
      <ItemName>מברשת שיניים אקסטרה</ItemName>
      <ManufacturerName>COLGATE ($) -PALMOLI</ManufacturerName>
      <ManufactureCountry>וייטנאם</ManufactureCountry>
      <ManufacturerItemDescription>מברשת שיניים קולגייט אקסטרה</ManufacturerItemDescription>
      <UnitQty>Unknown </UnitQty>
      <Quantity>0.00</Quantity>
      <UnitOfMeasure>Unknown </UnitOfMeasure>
      <bIsWeighted>0</bIsWeighted>
      <QtyInPackage>1</QtyInPackage>
      <ItemPrice>6.90</ItemPrice>
      <UnitOfMeasurePrice>0.0000</UnitOfMeasurePrice>
      <AllowDiscount>1</AllowDiscount>
      <ItemStatus>1</ItemStatus>
      <ItemId>93098</ItemId>
    </Item>
    <Item>
      <PriceUpdateDate>2015-10-01 06:14:42</PriceUpdateDate>
      <ItemCode>7290013268884</ItemCode>
      <ItemType>1</ItemType>
      <ItemName>סנופרש מאסק</ItemName>
      <ManufacturerName>סנו</ManufacturerName>
      <ManufactureCountry>ישראל</ManufactureCountry>
      <ManufacturerItemDescription>ריצפז סנופרש מאסק 2 ליטר</ManufacturerItemDescription>
      <UnitQty>ליטרים</UnitQty>
      <Quantity>2.00</Quantity>
      <UnitOfMeasure>ליטר</UnitOfMeasure>
      <bIsWeighted>0</bIsWeighted>
      <QtyInPackage>1</QtyInPackage>
      <ItemPrice>19.70</ItemPrice>
      <UnitOfMeasurePrice>9.8500</UnitOfMeasurePrice>
      <AllowDiscount>1</AllowDiscount>
      <ItemStatus>1</ItemStatus>
      <ItemId>69363</ItemId>
    </Item>
    <Item>
      <PriceUpdateDate>2015-01-01 00:00:00</PriceUpdateDate>
      <ItemCode>812319012410</ItemCode>
      <ItemType>1</ItemType>
      <ItemName>סיגר בודד וניל</ItemName>
      <ManufacturerName>Rolida</ManufacturerName>
      <ManufactureCountry>הרפובליקה הדומניקני</ManufactureCountry>
      <ManufacturerItemDescription>סיגר בודד וניל</ManufacturerItemDescription>
      <UnitQty>Unknown </UnitQty>
      <Quantity>0.00</Quantity>
      <UnitOfMeasure>Unknown </UnitOfMeasure>
      <bIsWeighted>0</bIsWeighted>
      <QtyInPackage>1</QtyInPackage>
      <ItemPrice>7.90</ItemPrice>
      <UnitOfMeasurePrice>0.0000</UnitOfMeasurePrice>
      <AllowDiscount>0</AllowDiscount>
      <ItemStatus>1</ItemStatus>
      <ItemId>69381</ItemId>
    </Item>
    <Item>
      <PriceUpdateDate>2015-10-01 06:13:40</PriceUpdateDate>
      <ItemCode>7290100249352</ItemCode>
      <ItemType>1</ItemType>
      <ItemName>מרק קנור בטעם עוף בד</ItemName>
      <ManufacturerName>אתר חיפה אבקות - Foo</ManufacturerName>
      <ManufactureCountry>ישראל</ManufactureCountry>
      <ManufacturerItemDescription>מרק קנור בטעם עוף 400 גרם בד"ץ</ManufacturerItemDescription>
      <UnitQty>גרמים</UnitQty>
      <Quantity>400.00</Quantity>
      <UnitOfMeasure>100 גרם</UnitOfMeasure>
      <bIsWeighted>0</bIsWeighted>
      <QtyInPackage>1</QtyInPackage>
      <ItemPrice>17.50</ItemPrice>
      <UnitOfMeasurePrice>4.3750</UnitOfMeasurePrice>
      <AllowDiscount>1</AllowDiscount>
      <ItemStatus>1</ItemStatus>
      <ItemId>69460</ItemId>
    </Item>
    <Item>
      <PriceUpdateDate>2015-10-01 06:13:40</PriceUpdateDate>
      <ItemCode>7290100249383</ItemCode>
      <ItemType>1</ItemType>
      <ItemName>מרק קנור פטריות בד"ץ</ItemName>
      <ManufacturerName>אתר חיפה אבקות - Foo</ManufacturerName>
      <ManufactureCountry>ישראל</ManufactureCountry>
      <ManufacturerItemDescription>מרק קנור פטריות 400 גרם בד"ץ</ManufacturerItemDescription>
      <UnitQty>גרמים</UnitQty>
      <Quantity>400.00</Quantity>
      <UnitOfMeasure>100 גרם</UnitOfMeasure>
      <bIsWeighted>0</bIsWeighted>
      <QtyInPackage>1</QtyInPackage>
      <ItemPrice>27.50</ItemPrice>
      <UnitOfMeasurePrice>6.8750</UnitOfMeasurePrice>
      <AllowDiscount>1</AllowDiscount>
      <ItemStatus>1</ItemStatus>
      <ItemId>69463</ItemId>
    </Item>
    <Item>
      <PriceUpdateDate>2015-10-01 06:13:40</PriceUpdateDate>
      <ItemCode>7290100249390</ItemCode>
      <ItemType>1</ItemType>
      <ItemName>מרק קנור טעם עוף</ItemName>
      <ManufacturerName>אתר חיפה אבקות - Foo</ManufacturerName>
      <ManufactureCountry>ישראל</ManufactureCountry>
      <ManufacturerItemDescription>מרק טעם עוף רכיבים טבעיים           400</ManufacturerItemDescription>
      <UnitQty>גרמים</UnitQty>
      <Quantity>400.00</Quantity>
      <UnitOfMeasure>100 גרם</UnitOfMeasure>
      <bIsWeighted>0</bIsWeighted>
      <QtyInPackage>1</QtyInPackage>
      <ItemPrice>22.10</ItemPrice>
      <UnitOfMeasurePrice>5.5250</UnitOfMeasurePrice>
      <AllowDiscount>1</AllowDiscount>
      <ItemStatus>1</ItemStatus>
      <ItemId>69464</ItemId>
    </Item>
    <Item>
      <PriceUpdateDate>2015-10-01 06:13:40</PriceUpdateDate>
      <ItemCode>7290100249512</ItemCode>
      <ItemType>1</ItemType>
      <ItemName>פירה בטעם ביתי בד"ץ</ItemName>
      <ManufacturerName>אתר חיפה אבקות - Foo</ManufacturerName>
      <ManufactureCountry>ישראל</ManufactureCountry>
      <ManufacturerItemDescription>פירה בטעם ביתי 260 גרם בד"ץ</ManufacturerItemDescription>
      <UnitQty>גרמים</UnitQty>
      <Quantity>260.00</Quantity>
      <UnitOfMeasure>100 גרם</UnitOfMeasure>
      <bIsWeighted>0</bIsWeighted>
      <QtyInPackage>1</QtyInPackage>
      <ItemPrice>14.90</ItemPrice>
      <UnitOfMeasurePrice>5.7308</UnitOfMeasurePrice>
      <AllowDiscount>1</AllowDiscount>
      <ItemStatus>1</ItemStatus>
      <ItemId>69467</ItemId>
    </Item>
    <Item>
      <PriceUpdateDate>2016-01-10 09:02:45</PriceUpdateDate>
      <ItemCode>7290011223205</ItemCode>
      <ItemType>1</ItemType>
      <ItemName>ריבת חלב ארגנטינאית</ItemName>
      <ManufacturerName>DULCOR</ManufacturerName>
      <ManufactureCountry>ארגנטינה</ManufactureCountry>
      <ManufacturerItemDescription>ריבת חלב ארגנטינאית 454 dro</ManufacturerItemDescription>
      <UnitQty>גרמים</UnitQty>
      <Quantity>454.00</Quantity>
      <UnitOfMeasure>100 גרם</UnitOfMeasure>
      <bIsWeighted>0</bIsWeighted>
      <QtyInPackage>1</QtyInPackage>
      <ItemPrice>17.90</ItemPrice>
      <UnitOfMeasurePrice>3.9427</UnitOfMeasurePrice>
      <AllowDiscount>1</AllowDiscount>
      <ItemStatus>1</ItemStatus>
      <ItemId>69777</ItemId>
    </Item>
    <Item>
      <PriceUpdateDate>2015-01-01 00:00:00</PriceUpdateDate>
      <ItemCode>7290100247822</ItemCode>
      <ItemType>1</ItemType>
      <ItemName>מרק נמס בכוס אקסטרה</ItemName>
      <ManufacturerName>אתר חיפה אבקות - Foo</ManufacturerName>
      <ManufactureCountry>ישראל</ManufactureCountry>
      <ManufacturerItemDescription>מרק נמס בכוס אקסטרה פיטריות</ManufacturerItemDescription>
      <UnitQty>גרמים</UnitQty>
      <Quantity>32.00</Quantity>
      <UnitOfMeasure>100 גרם</UnitOfMeasure>
      <bIsWeighted>0</bIsWeighted>
      <QtyInPackage>1</QtyInPackage>
      <ItemPrice>4.90</ItemPrice>
      <UnitOfMeasurePrice>15.3125</UnitOfMeasurePrice>
      <AllowDiscount>1</AllowDiscount>
      <ItemStatus>1</ItemStatus>
      <ItemId>69791</ItemId>
    </Item>
    <Item>
      <PriceUpdateDate>2015-01-01 00:00:00</PriceUpdateDate>
      <ItemCode>7290100247839</ItemCode>
      <ItemType>1</ItemType>
      <ItemName>מרק נמס בכוס אקסטרה</ItemName>
      <ManufacturerName>אתר חיפה אבקות - Foo</ManufacturerName>
      <ManufactureCountry>ישראל</ManufactureCountry>
      <ManufacturerItemDescription>מרק נמס בכוס אקסטרה ירקות</ManufacturerItemDescription>
      <UnitQty>גרמים</UnitQty>
      <Quantity>35.00</Quantity>
      <UnitOfMeasure>100 גרם</UnitOfMeasure>
      <bIsWeighted>0</bIsWeighted>
      <QtyInPackage>1</QtyInPackage>
      <ItemPrice>4.90</ItemPrice>
      <UnitOfMeasurePrice>14.0000</UnitOfMeasurePrice>
      <AllowDiscount>1</AllowDiscount>
      <ItemStatus>1</ItemStatus>
      <ItemId>69792</ItemId>
    </Item>
    <Item>
      <PriceUpdateDate>2015-10-01 06:13:40</PriceUpdateDate>
      <ItemCode>7290100249475</ItemCode>
      <ItemType>1</ItemType>
      <ItemName>מרק נמס בכוס תירס בד</ItemName>
      <ManufacturerName>אתר חיפה אבקות - Foo</ManufacturerName>
      <ManufactureCountry>לא ידוע</ManufactureCountry>
      <ManufacturerItemDescription>מרק נמס בכוס תירס בד"ץ 45 גרם</ManufacturerItemDescription>
      <UnitQty>גרמים</UnitQty>
      <Quantity>45.00</Quantity>
      <UnitOfMeasure>100 גרם</UnitOfMeasure>
      <bIsWeighted>0</bIsWeighted>
      <QtyInPackage>1</QtyInPackage>
      <ItemPrice>7.30</ItemPrice>
      <UnitOfMeasurePrice>16.2222</UnitOfMeasurePrice>
      <AllowDiscount>1</AllowDiscount>
      <ItemStatus>1</ItemStatus>
      <ItemId>69795</ItemId>
    </Item>
    <Item>
      <PriceUpdateDate>2015-10-01 06:13:40</PriceUpdateDate>
      <ItemCode>7290100249482</ItemCode>
      <ItemType>1</ItemType>
      <ItemName>מרק נמס בכוס אפונה</ItemName>
      <ManufacturerName>אתר חיפה אבקות - Foo</ManufacturerName>
      <ManufactureCountry>ישראל</ManufactureCountry>
      <ManufacturerItemDescription>מרק נמס בכוס אפונה 50 גרם בד"ץ</ManufacturerItemDescription>
      <UnitQty>גרמים</UnitQty>
      <Quantity>50.00</Quantity>
      <UnitOfMeasure>100 גרם</UnitOfMeasure>
      <bIsWeighted>0</bIsWeighted>
      <QtyInPackage>1</QtyInPackage>
      <ItemPrice>7.30</ItemPrice>
      <UnitOfMeasurePrice>14.6000</UnitOfMeasurePrice>
      <AllowDiscount>1</AllowDiscount>
      <ItemStatus>1</ItemStatus>
      <ItemId>69796</ItemId>
    </Item>
    <Item>
      <PriceUpdateDate>2015-10-01 06:19:30</PriceUpdateDate>
      <ItemCode>7290008409407</ItemCode>
      <ItemType>1</ItemType>
      <ItemName>שניצל דק בציפוי</ItemName>
      <ManufacturerName>תנובה</ManufacturerName>
      <ManufactureCountry>ישראל</ManufactureCountry>
      <ManufacturerItemDescription>שניצל דק בציפוי צ"יפס 700 גר</ManufacturerItemDescription>
      <UnitQty>גרמים</UnitQty>
      <Quantity>700.00</Quantity>
      <UnitOfMeasure>100 גרם</UnitOfMeasure>
      <bIsWeighted>0</bIsWeighted>
      <QtyInPackage>1</QtyInPackage>
      <ItemPrice>42.50</ItemPrice>
      <UnitOfMeasurePrice>6.0714</UnitOfMeasurePrice>
      <AllowDiscount>1</AllowDiscount>
      <ItemStatus>1</ItemStatus>
      <ItemId>69811</ItemId>
    </Item>
    <Item>
      <PriceUpdateDate>2015-01-01 00:00:00</PriceUpdateDate>
      <ItemCode>8410376010701</ItemCode>
      <ItemType>1</ItemType>
      <ItemName>ביסקוויט מרי ללא סוכ</ItemName>
      <ManufacturerName>גולון</ManufacturerName>
      <ManufactureCountry>ספרד</ManufactureCountry>
      <ManufacturerItemDescription>ביסקוויט מרי ללא סוכר 400 גרם</ManufacturerItemDescription>
      <UnitQty>גרמים</UnitQty>
      <Quantity>400.00</Quantity>
      <UnitOfMeasure>100 גרם</UnitOfMeasure>
      <bIsWeighted>0</bIsWeighted>
      <QtyInPackage>1</QtyInPackage>
      <ItemPrice>25.00</ItemPrice>
      <UnitOfMeasurePrice>6.2500</UnitOfMeasurePrice>
      <AllowDiscount>1</AllowDiscount>
      <ItemStatus>1</ItemStatus>
      <ItemId>69812</ItemId>
    </Item>
    <Item>
      <PriceUpdateDate>2015-10-01 06:16:12</PriceUpdateDate>
      <ItemCode>7290102393718</ItemCode>
      <ItemType>1</ItemType>
      <ItemName>גבינת חלומי בקר</ItemName>
      <ManufacturerName>מחלבת משק צוריאל</ManufacturerName>
      <ManufactureCountry>ישראל</ManufactureCountry>
      <ManufacturerItemDescription>גבינת חלומי בקר 200 גרם</ManufacturerItemDescription>
      <UnitQty>גרמים</UnitQty>
      <Quantity>200.00</Quantity>
      <UnitOfMeasure>100 גרם</UnitOfMeasure>
      <bIsWeighted>0</bIsWeighted>
      <QtyInPackage>1</QtyInPackage>
      <ItemPrice>22.40</ItemPrice>
      <UnitOfMeasurePrice>11.2000</UnitOfMeasurePrice>
      <AllowDiscount>1</AllowDiscount>
      <ItemStatus>1</ItemStatus>
      <ItemId>69837</ItemId>
    </Item>
    <Item>
      <PriceUpdateDate>2015-12-15 13:18:26</PriceUpdateDate>
      <ItemCode>5906812009512</ItemCode>
      <ItemType>1</ItemType>
      <ItemName>עוגיות במילוי קרם</ItemName>
      <ManufacturerName>ג'אנוש צ'וז'קי</ManufacturerName>
      <ManufactureCountry>פולין</ManufactureCountry>
      <ManufacturerItemDescription>עוגיות במילוי קרם אגוזים150 גר</ManufacturerItemDescription>
      <UnitQty>גרמים</UnitQty>
      <Quantity>150.00</Quantity>
      <UnitOfMeasure>100 גרם</UnitOfMeasure>
      <bIsWeighted>0</bIsWeighted>
      <QtyInPackage>1</QtyInPackage>
      <ItemPrice>8.50</ItemPrice>
      <UnitOfMeasurePrice>5.6667</UnitOfMeasurePrice>
      <AllowDiscount>1</AllowDiscount>
      <ItemStatus>1</ItemStatus>
      <ItemId>69946</ItemId>
    </Item>
    <Item>
      <PriceUpdateDate>2015-12-15 13:18:26</PriceUpdateDate>
      <ItemCode>5906812009109</ItemCode>
      <ItemType>1</ItemType>
      <ItemName>עוגיות במילוי קרם שו</ItemName>
      <ManufacturerName>ג'אנוש צ'וז'קי</ManufacturerName>
      <ManufactureCountry>פולין</ManufactureCountry>
      <ManufacturerItemDescription>עוגיות במילוי קרם שוקולד150 גר</ManufacturerItemDescription>
      <UnitQty>גרמים</UnitQty>
      <Quantity>150.00</Quantity>
      <UnitOfMeasure>100 גרם</UnitOfMeasure>
      <bIsWeighted>0</bIsWeighted>
      <QtyInPackage>1</QtyInPackage>
      <ItemPrice>8.50</ItemPrice>
      <UnitOfMeasurePrice>5.6667</UnitOfMeasurePrice>
      <AllowDiscount>1</AllowDiscount>
      <ItemStatus>1</ItemStatus>
      <ItemId>69947</ItemId>
    </Item>
    <Item>
      <PriceUpdateDate>2016-03-07 08:17:18</PriceUpdateDate>
      <ItemCode>5420066330173</ItemCode>
      <ItemType>1</ItemType>
      <ItemName>טראפלס שוקולד מריר ב</ItemName>
      <ManufacturerName>קיו שוקולייט</ManufacturerName>
      <ManufactureCountry>לא ידוע</ManufactureCountry>
      <ManufacturerItemDescription>ביאנקה טראפלס שוקולד מריר175 ג</ManufacturerItemDescription>
      <UnitQty>גרמים</UnitQty>
      <Quantity>175.00</Quantity>
      <UnitOfMeasure>100 גרם</UnitOfMeasure>
      <bIsWeighted>0</bIsWeighted>
      <QtyInPackage>1</QtyInPackage>
      <ItemPrice>13.90</ItemPrice>
      <UnitOfMeasurePrice>7.9429</UnitOfMeasurePrice>
      <AllowDiscount>1</AllowDiscount>
      <ItemStatus>1</ItemStatus>
      <ItemId>94761</ItemId>
    </Item>
    <Item>
      <PriceUpdateDate>2015-10-01 06:14:42</PriceUpdateDate>
      <ItemCode>7290012823930</ItemCode>
      <ItemType>1</ItemType>
      <ItemName>מ.כביסה פרפיום ונילה</ItemName>
      <ManufacturerName>סנו</ManufacturerName>
      <ManufactureCountry>לא ידוע</ManufactureCountry>
      <ManufacturerItemDescription>מרכך כביסה פרפיום ונילה דרימס</ManufacturerItemDescription>
      <UnitQty>מיליליטרים</UnitQty>
      <Quantity>750.00</Quantity>
      <UnitOfMeasure>100 מ"ל</UnitOfMeasure>
      <bIsWeighted>0</bIsWeighted>
      <QtyInPackage>1</QtyInPackage>
      <ItemPrice>19.70</ItemPrice>
      <UnitOfMeasurePrice>2.6267</UnitOfMeasurePrice>
      <AllowDiscount>1</AllowDiscount>
      <ItemStatus>1</ItemStatus>
      <ItemId>70163</ItemId>
    </Item>
    <Item>
      <PriceUpdateDate>2015-10-01 06:15:19</PriceUpdateDate>
      <ItemCode>7290003220502</ItemCode>
      <ItemType>1</ItemType>
      <ItemName>מי קוקוס 400 מ"ל</ItemName>
      <ManufacturerName>ASIATIC AGRO INDUSTR</ManufacturerName>
      <ManufactureCountry>תאילנד</ManufactureCountry>
      <ManufacturerItemDescription>מי קוקוס 400 מ"ל</ManufacturerItemDescription>
      <UnitQty>מיליליטרים</UnitQty>
      <Quantity>400.00</Quantity>
      <UnitOfMeasure>100 מ"ל</UnitOfMeasure>
      <bIsWeighted>0</bIsWeighted>
      <QtyInPackage>1</QtyInPackage>
      <ItemPrice>8.40</ItemPrice>
      <UnitOfMeasurePrice>2.1000</UnitOfMeasurePrice>
      <AllowDiscount>1</AllowDiscount>
      <ItemStatus>1</ItemStatus>
      <ItemId>70272</ItemId>
    </Item>
    <Item>
      <PriceUpdateDate>2016-03-27 13:45:12</PriceUpdateDate>
      <ItemCode>7290107280570</ItemCode>
      <ItemType>1</ItemType>
      <ItemName>גל כביסה מקסימה</ItemName>
      <ManufacturerName>סנו</ManufacturerName>
      <ManufactureCountry>ישראל</ManufactureCountry>
      <ManufacturerItemDescription>ג"ל כביסה מקסימה מרוכז 3 ליטר</ManufacturerItemDescription>
      <UnitQty>ליטרים</UnitQty>
      <Quantity>3.00</Quantity>
      <UnitOfMeasure>ליטר</UnitOfMeasure>
      <bIsWeighted>0</bIsWeighted>
      <QtyInPackage>1</QtyInPackage>
      <ItemPrice>34.90</ItemPrice>
      <UnitOfMeasurePrice>11.6333</UnitOfMeasurePrice>
      <AllowDiscount>1</AllowDiscount>
      <ItemStatus>1</ItemStatus>
      <ItemId>99616</ItemId>
    </Item>
    <Item>
      <PriceUpdateDate>2016-02-24 08:18:09</PriceUpdateDate>
      <ItemCode>5202300043212</ItemCode>
      <ItemType>1</ItemType>
      <ItemName>קולסטון 2/0 2000 שחו</ItemName>
      <ManufacturerName>פרוקטר אנד גמבל</ManufacturerName>
      <ManufactureCountry>גרמניה</ManufactureCountry>
      <ManufacturerItemDescription>קולסטון 2/0 2000 שחור קטיפה</ManufacturerItemDescription>
      <UnitQty>Unknown </UnitQty>
      <Quantity>0.00</Quantity>
      <UnitOfMeasure>Unknown </UnitOfMeasure>
      <bIsWeighted>0</bIsWeighted>
      <QtyInPackage>1</QtyInPackage>
      <ItemPrice>0.00</ItemPrice>
      <UnitOfMeasurePrice>0.0000</UnitOfMeasurePrice>
      <AllowDiscount>1</AllowDiscount>
      <ItemStatus>1</ItemStatus>
      <ItemId>70454</ItemId>
    </Item>
    <Item>
      <PriceUpdateDate>2016-03-23 06:56:16</PriceUpdateDate>
      <ItemCode>7290000644684</ItemCode>
      <ItemType>1</ItemType>
      <ItemName>פילה אמנון בואקום5-</ItemName>
      <ManufacturerName>היינן יאדסקין פודסטא</ManufacturerName>
      <ManufactureCountry>סין</ManufactureCountry>
      <ManufacturerItemDescription>פילה אמנון בואקום 5-7 לק"ג</ManufacturerItemDescription>
      <UnitQty>קילוגרמים</UnitQty>
      <Quantity>1.00</Quantity>
      <UnitOfMeasure>ק"ג</UnitOfMeasure>
      <bIsWeighted>1</bIsWeighted>
      <QtyInPackage>לא ידוע</QtyInPackage>
      <ItemPrice>59.30</ItemPrice>
      <UnitOfMeasurePrice>59.3000</UnitOfMeasurePrice>
      <AllowDiscount>1</AllowDiscount>
      <ItemStatus>1</ItemStatus>
      <ItemId>70748</ItemId>
    </Item>
    <Item>
      <PriceUpdateDate>2015-10-01 06:13:45</PriceUpdateDate>
      <ItemCode>7290000169521</ItemCode>
      <ItemType>1</ItemType>
      <ItemName>מרק נמס בכוס ירקות</ItemName>
      <ManufacturerName>אתר חיפה אבקות - Foo</ManufacturerName>
      <ManufactureCountry>ישראל</ManufactureCountry>
      <ManufacturerItemDescription>מרק נמס בכוס ירקות קרוטונים</ManufacturerItemDescription>
      <UnitQty>גרמים</UnitQty>
      <Quantity>62.00</Quantity>
      <UnitOfMeasure>100 גרם</UnitOfMeasure>
      <bIsWeighted>0</bIsWeighted>
      <QtyInPackage>1</QtyInPackage>
      <ItemPrice>7.70</ItemPrice>
      <UnitOfMeasurePrice>12.4194</UnitOfMeasurePrice>
      <AllowDiscount>1</AllowDiscount>
      <ItemStatus>1</ItemStatus>
      <ItemId>92362</ItemId>
    </Item>
    <Item>
      <PriceUpdateDate>2015-05-19 13:00:34</PriceUpdateDate>
      <ItemCode>7290013585370</ItemCode>
      <ItemType>1</ItemType>
      <ItemName>קוקה קולה 2 ליטר</ItemName>
      <ManufacturerName>החברה המרכזית למשקאו</ManufacturerName>
      <ManufactureCountry>ישראל</ManufactureCountry>
      <ManufacturerItemDescription>קוקה קולה 2 ליטר</ManufacturerItemDescription>
      <UnitQty>ליטרים</UnitQty>
      <Quantity>2.00</Quantity>
      <UnitOfMeasure>ליטר</UnitOfMeasure>
      <bIsWeighted>0</bIsWeighted>
      <QtyInPackage>1</QtyInPackage>
      <ItemPrice>7.60</ItemPrice>
      <UnitOfMeasurePrice>3.8000</UnitOfMeasurePrice>
      <AllowDiscount>1</AllowDiscount>
      <ItemStatus>1</ItemStatus>
      <ItemId>104421</ItemId>
    </Item>
    <Item>
      <PriceUpdateDate>2015-10-01 06:13:40</PriceUpdateDate>
      <ItemCode>7290100248539</ItemCode>
      <ItemType>1</ItemType>
      <ItemName>מרכך לשיער צבוע</ItemName>
      <ManufacturerName>יושלם</ManufacturerName>
      <ManufactureCountry>יושלם</ManufactureCountry>
      <ManufacturerItemDescription>דאב מרכך דמג "ת"רפי לשיער צבוע</ManufacturerItemDescription>
      <UnitQty>מיליליטרים</UnitQty>
      <Quantity>700.00</Quantity>
      <UnitOfMeasure>100 מ"ל</UnitOfMeasure>
      <bIsWeighted>0</bIsWeighted>
      <QtyInPackage>1</QtyInPackage>
      <ItemPrice>24.70</ItemPrice>
      <UnitOfMeasurePrice>3.5286</UnitOfMeasurePrice>
      <AllowDiscount>1</AllowDiscount>
      <ItemStatus>1</ItemStatus>
      <ItemId>71179</ItemId>
    </Item>
    <Item>
      <PriceUpdateDate>2015-01-01 00:00:00</PriceUpdateDate>
      <ItemCode>7290100247808</ItemCode>
      <ItemType>1</ItemType>
      <ItemName>מרק נמס בכוס אקסטרה</ItemName>
      <ManufacturerName>אתר חיפה אבקות - Foo</ManufacturerName>
      <ManufactureCountry>ישראל</ManufactureCountry>
      <ManufacturerItemDescription>מרק נמס בכוס אקסטרה טעם עוף</ManufacturerItemDescription>
      <UnitQty>גרמים</UnitQty>
      <Quantity>28.00</Quantity>
      <UnitOfMeasure>100 גרם</UnitOfMeasure>
      <bIsWeighted>0</bIsWeighted>
      <QtyInPackage>1</QtyInPackage>
      <ItemPrice>4.90</ItemPrice>
      <UnitOfMeasurePrice>17.5000</UnitOfMeasurePrice>
      <AllowDiscount>1</AllowDiscount>
      <ItemStatus>1</ItemStatus>
      <ItemId>71190</ItemId>
    </Item>
    <Item>
      <PriceUpdateDate>2015-07-26 13:18:36</PriceUpdateDate>
      <ItemCode>7290002800361</ItemCode>
      <ItemType>1</ItemType>
      <ItemName>המבורגר מסעדות בואקו</ItemName>
      <ManufacturerName>מעדני הטלה</ManufacturerName>
      <ManufactureCountry>ישראל</ManufactureCountry>
      <ManufacturerItemDescription>המבורגר מסעדות בואקום 500 גר</ManufacturerItemDescription>
      <UnitQty>גרמים</UnitQty>
      <Quantity>500.00</Quantity>
      <UnitOfMeasure>100 גרם</UnitOfMeasure>
      <bIsWeighted>0</bIsWeighted>
      <QtyInPackage>1</QtyInPackage>
      <ItemPrice>28.90</ItemPrice>
      <UnitOfMeasurePrice>5.7800</UnitOfMeasurePrice>
      <AllowDiscount>1</AllowDiscount>
      <ItemStatus>1</ItemStatus>
      <ItemId>71230</ItemId>
    </Item>
    <Item>
      <PriceUpdateDate>2015-07-26 13:18:36</PriceUpdateDate>
      <ItemCode>7290002410638</ItemCode>
      <ItemType>1</ItemType>
      <ItemName>סטייק עין 800 גר "במ</ItemName>
      <ManufacturerName>מעדני הטלה</ManufacturerName>
      <ManufactureCountry>ישראל</ManufactureCountry>
      <ManufacturerItemDescription>סטייק עין 800 גר במגש</ManufacturerItemDescription>
      <UnitQty>גרמים</UnitQty>
      <Quantity>800.00</Quantity>
      <UnitOfMeasure>100 גרם</UnitOfMeasure>
      <bIsWeighted>0</bIsWeighted>
      <QtyInPackage>1</QtyInPackage>
      <ItemPrice>69.90</ItemPrice>
      <UnitOfMeasurePrice>8.7375</UnitOfMeasurePrice>
      <AllowDiscount>1</AllowDiscount>
      <ItemStatus>1</ItemStatus>
      <ItemId>71268</ItemId>
    </Item>
    <Item>
      <PriceUpdateDate>2015-05-17 15:41:56</PriceUpdateDate>
      <ItemCode>5906485301456</ItemCode>
      <ItemType>1</ItemType>
      <ItemName>משקה אנרגיה</ItemName>
      <ManufacturerName>טמפו</ManufacturerName>
      <ManufactureCountry>ישראל</ManufactureCountry>
      <ManufacturerItemDescription>משקה אנרגיה אפטר פארטי 250  מל</ManufacturerItemDescription>
      <UnitQty>מיליליטרים</UnitQty>
      <Quantity>250.00</Quantity>
      <UnitOfMeasure>100 מ"ל</UnitOfMeasure>
      <bIsWeighted>0</bIsWeighted>
      <QtyInPackage>1</QtyInPackage>
      <ItemPrice>5.20</ItemPrice>
      <UnitOfMeasurePrice>2.0800</UnitOfMeasurePrice>
      <AllowDiscount>1</AllowDiscount>
      <ItemStatus>1</ItemStatus>
      <ItemId>97143</ItemId>
    </Item>
    <Item>
      <PriceUpdateDate>2015-08-02 08:18:19</PriceUpdateDate>
      <ItemCode>4014400914696</ItemCode>
      <ItemType>1</ItemType>
      <ItemName>סוכריות חמאה וורטר ל</ItemName>
      <ManufacturerName>שטורק</ManufacturerName>
      <ManufactureCountry>לא ידוע</ManufactureCountry>
      <ManufacturerItemDescription>סוכריות חמאה וורטר ללא סוכר          80</ManufacturerItemDescription>
      <UnitQty>גרמים</UnitQty>
      <Quantity>80.00</Quantity>
      <UnitOfMeasure>100 גרם</UnitOfMeasure>
      <bIsWeighted>0</bIsWeighted>
      <QtyInPackage>1</QtyInPackage>
      <ItemPrice>9.90</ItemPrice>
      <UnitOfMeasurePrice>12.3750</UnitOfMeasurePrice>
      <AllowDiscount>1</AllowDiscount>
      <ItemStatus>1</ItemStatus>
      <ItemId>71354</ItemId>
    </Item>
    <Item>
      <PriceUpdateDate>2015-10-01 06:14:39</PriceUpdateDate>
      <ItemCode>7290011765453</ItemCode>
      <ItemType>1</ItemType>
      <ItemName>מברשת שיניים אורביטו</ItemName>
      <ManufacturerName>z.h. plastic</ManufacturerName>
      <ManufactureCountry>סין</ManufactureCountry>
      <ManufacturerItemDescription>מברשת שיניים אורביטול בוב ספוג</ManufacturerItemDescription>
      <UnitQty>Unknown </UnitQty>
      <Quantity>0.00</Quantity>
      <UnitOfMeasure>Unknown </UnitOfMeasure>
      <bIsWeighted>0</bIsWeighted>
      <QtyInPackage>1</QtyInPackage>
      <ItemPrice>18.30</ItemPrice>
      <UnitOfMeasurePrice>0.0000</UnitOfMeasurePrice>
      <AllowDiscount>1</AllowDiscount>
      <ItemStatus>1</ItemStatus>
      <ItemId>71410</ItemId>
    </Item>
    <Item>
      <PriceUpdateDate>2015-10-01 06:14:39</PriceUpdateDate>
      <ItemCode>7290011765316</ItemCode>
      <ItemType>1</ItemType>
      <ItemName>מברשת שיניים אורביטו</ItemName>
      <ManufacturerName>z.h. plastic</ManufacturerName>
      <ManufactureCountry>סין</ManufactureCountry>
      <ManufacturerItemDescription>מברשת שיניים אורביטול+שעון</ManufacturerItemDescription>
      <UnitQty>Unknown </UnitQty>
      <Quantity>0.00</Quantity>
      <UnitOfMeasure>Unknown </UnitOfMeasure>
      <bIsWeighted>0</bIsWeighted>
      <QtyInPackage>1</QtyInPackage>
      <ItemPrice>16.20</ItemPrice>
      <UnitOfMeasurePrice>0.0000</UnitOfMeasurePrice>
      <AllowDiscount>1</AllowDiscount>
      <ItemStatus>1</ItemStatus>
      <ItemId>71425</ItemId>
    </Item>
    <Item>
      <PriceUpdateDate>2015-08-02 08:18:32</PriceUpdateDate>
      <ItemCode>8850632605201</ItemCode>
      <ItemType>1</ItemType>
      <ItemName>יוגטה חיספוסים בטעם</ItemName>
      <ManufacturerName>סאאדת</ManufacturerName>
      <ManufactureCountry>לא ידוע</ManufactureCountry>
      <ManufacturerItemDescription>יוגטה חיספוסים בטעם מעורב תות</ManufacturerItemDescription>
      <UnitQty>גרמים</UnitQty>
      <Quantity>50.00</Quantity>
      <UnitOfMeasure>100 גרם</UnitOfMeasure>
      <bIsWeighted>0</bIsWeighted>
      <QtyInPackage>1</QtyInPackage>
      <ItemPrice>4.90</ItemPrice>
      <UnitOfMeasurePrice>9.8000</UnitOfMeasurePrice>
      <AllowDiscount>1</AllowDiscount>
      <ItemStatus>1</ItemStatus>
      <ItemId>71461</ItemId>
    </Item>
    <Item>
      <PriceUpdateDate>2015-10-01 06:13:21</PriceUpdateDate>
      <ItemCode>7290104721533</ItemCode>
      <ItemType>1</ItemType>
      <ItemName>רצועות פלפלים קלויים</ItemName>
      <ManufacturerName>שטראוס גרופ</ManufacturerName>
      <ManufactureCountry>לא ידוע</ManufactureCountry>
      <ManufacturerItemDescription>רצועות פלפלים קלויים 400 גר</ManufacturerItemDescription>
      <UnitQty>גרמים</UnitQty>
      <Quantity>400.00</Quantity>
      <UnitOfMeasure>100 גרם</UnitOfMeasure>
      <bIsWeighted>0</bIsWeighted>
      <QtyInPackage>1</QtyInPackage>
      <ItemPrice>17.10</ItemPrice>
      <UnitOfMeasurePrice>4.2750</UnitOfMeasurePrice>
      <AllowDiscount>1</AllowDiscount>
      <ItemStatus>1</ItemStatus>
      <ItemId>71636</ItemId>
    </Item>
    <Item>
      <PriceUpdateDate>2015-01-01 00:00:00</PriceUpdateDate>
      <ItemCode>8850389105832</ItemCode>
      <ItemType>1</ItemType>
      <ItemName>משקה סאפה אלוורה תפו</ItemName>
      <ManufacturerName>SAPPE PUBLIC COMPANY</ManufacturerName>
      <ManufactureCountry>לא ידוע</ManufactureCountry>
      <ManufacturerItemDescription>סאפה תפוח ליטר</ManufacturerItemDescription>
      <UnitQty>ליטרים</UnitQty>
      <Quantity>1.00</Quantity>
      <UnitOfMeasure>ליטר</UnitOfMeasure>
      <bIsWeighted>0</bIsWeighted>
      <QtyInPackage>1</QtyInPackage>
      <ItemPrice>13.90</ItemPrice>
      <UnitOfMeasurePrice>13.9000</UnitOfMeasurePrice>
      <AllowDiscount>1</AllowDiscount>
      <ItemStatus>1</ItemStatus>
      <ItemId>71650</ItemId>
    </Item>
    <Item>
      <PriceUpdateDate>2015-10-01 06:13:11</PriceUpdateDate>
      <ItemCode>7290013117410</ItemCode>
      <ItemType>1</ItemType>
      <ItemName>מארז בצק פריך מתוק</ItemName>
      <ManufacturerName>מעדנות</ManufacturerName>
      <ManufactureCountry>ישראל</ManufactureCountry>
      <ManufacturerItemDescription>מארז בצק פריך מתוק 450 גר            2*</ManufacturerItemDescription>
      <UnitQty>גרמים</UnitQty>
      <Quantity>900.00</Quantity>
      <UnitOfMeasure>100 גרם</UnitOfMeasure>
      <bIsWeighted>0</bIsWeighted>
      <QtyInPackage>1</QtyInPackage>
      <ItemPrice>27.20</ItemPrice>
      <UnitOfMeasurePrice>3.0222</UnitOfMeasurePrice>
      <AllowDiscount>1</AllowDiscount>
      <ItemStatus>1</ItemStatus>
      <ItemId>73181</ItemId>
    </Item>
    <Item>
      <PriceUpdateDate>2015-10-01 06:13:22</PriceUpdateDate>
      <ItemCode>7290104727252</ItemCode>
      <ItemType>1</ItemType>
      <ItemName>פסטו בזיליקום אגוזים</ItemName>
      <ManufacturerName>כד בני דרום בע"מ</ManufacturerName>
      <ManufactureCountry>ישראל</ManufactureCountry>
      <ManufacturerItemDescription>פסטו בזיליקום ואגוזים איטלקי          1</ManufacturerItemDescription>
      <UnitQty>גרמים</UnitQty>
      <Quantity>140.00</Quantity>
      <UnitOfMeasure>100 גרם</UnitOfMeasure>
      <bIsWeighted>0</bIsWeighted>
      <QtyInPackage>1</QtyInPackage>
      <ItemPrice>12.70</ItemPrice>
      <UnitOfMeasurePrice>9.0714</UnitOfMeasurePrice>
      <AllowDiscount>1</AllowDiscount>
      <ItemStatus>1</ItemStatus>
      <ItemId>71669</ItemId>
    </Item>
    <Item>
      <PriceUpdateDate>2015-10-01 06:21:29</PriceUpdateDate>
      <ItemCode>42188889</ItemCode>
      <ItemType>1</ItemType>
      <ItemName>מסטיק FIVE בטעם אבטי</ItemName>
      <ManufacturerName>ריגלי</ManufacturerName>
      <ManufactureCountry>צרפת</ManufactureCountry>
      <ManufacturerItemDescription>מסטיק FIVE בטעם אבטיח</ManufacturerItemDescription>
      <UnitQty>גרמים</UnitQty>
      <Quantity>31.00</Quantity>
      <UnitOfMeasure>100 גרם</UnitOfMeasure>
      <bIsWeighted>0</bIsWeighted>
      <QtyInPackage>1</QtyInPackage>
      <ItemPrice>7.40</ItemPrice>
      <UnitOfMeasurePrice>23.8710</UnitOfMeasurePrice>
      <AllowDiscount>1</AllowDiscount>
      <ItemStatus>1</ItemStatus>
      <ItemId>71813</ItemId>
    </Item>
    <Item>
      <PriceUpdateDate>2015-10-01 06:16:30</PriceUpdateDate>
      <ItemCode>7290000188591</ItemCode>
      <ItemType>1</ItemType>
      <ItemName>מגן תחתון סילק יאנג</ItemName>
      <ManufacturerName>KC China</ManufacturerName>
      <ManufactureCountry>סין</ManufactureCountry>
      <ManufacturerItemDescription>קוטקס מגן תחתון סילק יאנג 60 י</ManufacturerItemDescription>
      <UnitQty>Unknown </UnitQty>
      <Quantity>0.00</Quantity>
      <UnitOfMeasure>Unknown </UnitOfMeasure>
      <bIsWeighted>0</bIsWeighted>
      <QtyInPackage>1</QtyInPackage>
      <ItemPrice>22.70</ItemPrice>
      <UnitOfMeasurePrice>0.0000</UnitOfMeasurePrice>
      <AllowDiscount>1</AllowDiscount>
      <ItemStatus>1</ItemStatus>
      <ItemId>71886</ItemId>
    </Item>
    <Item>
      <PriceUpdateDate>2015-10-01 06:15:04</PriceUpdateDate>
      <ItemCode>381370044734</ItemCode>
      <ItemType>1</ItemType>
      <ItemName>בנד איד פלסטר בוב ספ</ItemName>
      <ManufacturerName>יושלם</ManufacturerName>
      <ManufactureCountry>יושלם</ManufactureCountry>
      <ManufacturerItemDescription>בנד איד פלסטר בוב ספוג 20 יחיד</ManufacturerItemDescription>
      <UnitQty>Unknown </UnitQty>
      <Quantity>0.00</Quantity>
      <UnitOfMeasure>Unknown </UnitOfMeasure>
      <bIsWeighted>0</bIsWeighted>
      <QtyInPackage>1</QtyInPackage>
      <ItemPrice>19.80</ItemPrice>
      <UnitOfMeasurePrice>0.0000</UnitOfMeasurePrice>
      <AllowDiscount>1</AllowDiscount>
      <ItemStatus>1</ItemStatus>
      <ItemId>71897</ItemId>
    </Item>
    <Item>
      <PriceUpdateDate>2015-10-01 06:15:04</PriceUpdateDate>
      <ItemCode>381370044840</ItemCode>
      <ItemType>1</ItemType>
      <ItemName>בנד איד פלסטר דורה 2</ItemName>
      <ManufacturerName>יושלם</ManufacturerName>
      <ManufactureCountry>יושלם</ManufactureCountry>
      <ManufacturerItemDescription>בנד איד פלסטר דורה 25 יחידות</ManufacturerItemDescription>
      <UnitQty>Unknown </UnitQty>
      <Quantity>0.00</Quantity>
      <UnitOfMeasure>Unknown </UnitOfMeasure>
      <bIsWeighted>0</bIsWeighted>
      <QtyInPackage>1</QtyInPackage>
      <ItemPrice>19.80</ItemPrice>
      <UnitOfMeasurePrice>0.0000</UnitOfMeasurePrice>
      <AllowDiscount>1</AllowDiscount>
      <ItemStatus>1</ItemStatus>
      <ItemId>71898</ItemId>
    </Item>
    <Item>
      <PriceUpdateDate>2015-01-01 00:00:00</PriceUpdateDate>
      <ItemCode>7290013027399</ItemCode>
      <ItemType>1</ItemType>
      <ItemName>לחם100%קמח מלא שיפון</ItemName>
      <ManufacturerName>מאפיית אנג'ל</ManufacturerName>
      <ManufactureCountry>ישראל</ManufactureCountry>
      <ManufacturerItemDescription>לחם 100% קמח מלא קל בתוספת שיפ</ManufacturerItemDescription>
      <UnitQty>גרמים</UnitQty>
      <Quantity>750.00</Quantity>
      <UnitOfMeasure>100 גרם</UnitOfMeasure>
      <bIsWeighted>0</bIsWeighted>
      <QtyInPackage>1</QtyInPackage>
      <ItemPrice>14.40</ItemPrice>
      <UnitOfMeasurePrice>1.9200</UnitOfMeasurePrice>
      <AllowDiscount>1</AllowDiscount>
      <ItemStatus>1</ItemStatus>
      <ItemId>71911</ItemId>
    </Item>
    <Item>
      <PriceUpdateDate>2015-01-01 00:00:00</PriceUpdateDate>
      <ItemCode>7290002954200</ItemCode>
      <ItemType>1</ItemType>
      <ItemName>אורז יסמין 1 קג    .</ItemName>
      <ManufacturerName>יושלם</ManufacturerName>
      <ManufactureCountry>יושלם</ManufactureCountry>
      <ManufacturerItemDescription>אורז יסמין 1 ק"ג שוקחה</ManufacturerItemDescription>
      <UnitQty>קילוגרמים</UnitQty>
      <Quantity>1.00</Quantity>
      <UnitOfMeasure>ק"ג</UnitOfMeasure>
      <bIsWeighted>0</bIsWeighted>
      <QtyInPackage>1</QtyInPackage>
      <ItemPrice>8.90</ItemPrice>
      <UnitOfMeasurePrice>8.9000</UnitOfMeasurePrice>
      <AllowDiscount>1</AllowDiscount>
      <ItemStatus>1</ItemStatus>
      <ItemId>94930</ItemId>
    </Item>
    <Item>
      <PriceUpdateDate>2015-10-01 06:14:42</PriceUpdateDate>
      <ItemCode>7290012823602</ItemCode>
      <ItemType>1</ItemType>
      <ItemName>נייר טואלט סופט  32</ItemName>
      <ManufacturerName>סנו</ManufacturerName>
      <ManufactureCountry>לא ידוע</ManufactureCountry>
      <ManufacturerItemDescription>נייר טואלט סופט 32  יח</ManufacturerItemDescription>
      <UnitQty>מטרים</UnitQty>
      <Quantity>58800.00</Quantity>
      <UnitOfMeasure>מטר</UnitOfMeasure>
      <bIsWeighted>0</bIsWeighted>
      <QtyInPackage>1</QtyInPackage>
      <ItemPrice>32.60</ItemPrice>
      <UnitOfMeasurePrice>0.0006</UnitOfMeasurePrice>
      <AllowDiscount>1</AllowDiscount>
      <ItemStatus>1</ItemStatus>
      <ItemId>72253</ItemId>
    </Item>
    <Item>
      <PriceUpdateDate>2015-12-30 08:34:38</PriceUpdateDate>
      <ItemCode>7290002881308</ItemCode>
      <ItemType>1</ItemType>
      <ItemName>משמש חצאים 850 גרם</ItemName>
      <ManufacturerName>דאנגצנג גואנהונג</ManufacturerName>
      <ManufactureCountry>סין</ManufactureCountry>
      <ManufacturerItemDescription>משמש חצאים 850 גרם</ManufacturerItemDescription>
      <UnitQty>גרמים</UnitQty>
      <Quantity>850.00</Quantity>
      <UnitOfMeasure>100 גרם</UnitOfMeasure>
      <bIsWeighted>0</bIsWeighted>
      <QtyInPackage>1</QtyInPackage>
      <ItemPrice>10.90</ItemPrice>
      <UnitOfMeasurePrice>1.2824</UnitOfMeasurePrice>
      <AllowDiscount>1</AllowDiscount>
      <ItemStatus>1</ItemStatus>
      <ItemId>72727</ItemId>
    </Item>
    <Item>
      <PriceUpdateDate>2015-08-27 07:44:09</PriceUpdateDate>
      <ItemCode>7290013389138</ItemCode>
      <ItemType>1</ItemType>
      <ItemName>ניוקי שלושה צבעים  5</ItemName>
      <ManufacturerName>Ciemme alimentari sr</ManufacturerName>
      <ManufactureCountry>איטליה</ManufactureCountry>
      <ManufacturerItemDescription>ניוקי שלושה צבעים  500 גרם</ManufacturerItemDescription>
      <UnitQty>גרמים</UnitQty>
      <Quantity>500.00</Quantity>
      <UnitOfMeasure>100 גרם</UnitOfMeasure>
      <bIsWeighted>0</bIsWeighted>
      <QtyInPackage>1</QtyInPackage>
      <ItemPrice>9.90</ItemPrice>
      <UnitOfMeasurePrice>1.9800</UnitOfMeasurePrice>
      <AllowDiscount>1</AllowDiscount>
      <ItemStatus>1</ItemStatus>
      <ItemId>95492</ItemId>
    </Item>
    <Item>
      <PriceUpdateDate>2016-03-23 06:56:15</PriceUpdateDate>
      <ItemCode>5420066330098</ItemCode>
      <ItemType>1</ItemType>
      <ItemName>ביאנקה טראפלס קקאו 1</ItemName>
      <ManufacturerName>קיו שוקולייט</ManufacturerName>
      <ManufactureCountry>בלגיה</ManufactureCountry>
      <ManufacturerItemDescription>ביאנקה טראפלס קקאו 175 גרם</ManufacturerItemDescription>
      <UnitQty>גרמים</UnitQty>
      <Quantity>175.00</Quantity>
      <UnitOfMeasure>100 גרם</UnitOfMeasure>
      <bIsWeighted>0</bIsWeighted>
      <QtyInPackage>1</QtyInPackage>
      <ItemPrice>14.70</ItemPrice>
      <UnitOfMeasurePrice>8.4000</UnitOfMeasurePrice>
      <AllowDiscount>1</AllowDiscount>
      <ItemStatus>1</ItemStatus>
      <ItemId>94762</ItemId>
    </Item>
    <Item>
      <PriceUpdateDate>2015-10-01 06:14:43</PriceUpdateDate>
      <ItemCode>7290013269003</ItemCode>
      <ItemType>1</ItemType>
      <ItemName>מרכך כביסה ביבי</ItemName>
      <ManufacturerName>סנו</ManufacturerName>
      <ManufactureCountry>ישראל</ManufactureCountry>
      <ManufacturerItemDescription>מרכך כביסה מקסימה ביבי מרוכז          1</ManufacturerItemDescription>
      <UnitQty>ליטרים</UnitQty>
      <Quantity>1.00</Quantity>
      <UnitOfMeasure>ליטר</UnitOfMeasure>
      <bIsWeighted>0</bIsWeighted>
      <QtyInPackage>1</QtyInPackage>
      <ItemPrice>17.70</ItemPrice>
      <UnitOfMeasurePrice>17.7000</UnitOfMeasurePrice>
      <AllowDiscount>1</AllowDiscount>
      <ItemStatus>1</ItemStatus>
      <ItemId>73049</ItemId>
    </Item>
    <Item>
      <PriceUpdateDate>2016-05-17 14:47:55</PriceUpdateDate>
      <ItemCode>7290107872164</ItemCode>
      <ItemType>1</ItemType>
      <ItemName>רוטב עגבניות לבולונז</ItemName>
      <ManufacturerName>אסם</ManufacturerName>
      <ManufactureCountry>ישראל</ManufactureCountry>
      <ManufacturerItemDescription>רוטב עגבניות לקציצות ובולונז</ManufacturerItemDescription>
      <UnitQty>גרמים</UnitQty>
      <Quantity>420.00</Quantity>
      <UnitOfMeasure>100 גרם</UnitOfMeasure>
      <bIsWeighted>0</bIsWeighted>
      <QtyInPackage>1</QtyInPackage>
      <ItemPrice>14.90</ItemPrice>
      <UnitOfMeasurePrice>3.5476</UnitOfMeasurePrice>
      <AllowDiscount>1</AllowDiscount>
      <ItemStatus>1</ItemStatus>
      <ItemId>99618</ItemId>
    </Item>
    <Item>
      <PriceUpdateDate>2016-09-01 09:13:21</PriceUpdateDate>
      <ItemCode>7290104728747</ItemCode>
      <ItemType>1</ItemType>
      <ItemName>החומוסייה של אבי</ItemName>
      <ManufacturerName>שטראוס גרופ</ManufacturerName>
      <ManufactureCountry>ישראל</ManufactureCountry>
      <ManufacturerItemDescription>החומוסייה של אבי חלק 400 גרם</ManufacturerItemDescription>
      <UnitQty>גרמים</UnitQty>
      <Quantity>400.00</Quantity>
      <UnitOfMeasure>100 גרם</UnitOfMeasure>
      <bIsWeighted>0</bIsWeighted>
      <QtyInPackage>1</QtyInPackage>
      <ItemPrice>15.60</ItemPrice>
      <UnitOfMeasurePrice>3.9000</UnitOfMeasurePrice>
      <AllowDiscount>1</AllowDiscount>
      <ItemStatus>1</ItemStatus>
      <ItemId>73120</ItemId>
    </Item>
    <Item>
      <PriceUpdateDate>2016-09-01 09:13:21</PriceUpdateDate>
      <ItemCode>7290105361578</ItemCode>
      <ItemType>1</ItemType>
      <ItemName>החומוסיה של אבי יפו</ItemName>
      <ManufacturerName>שטראוס גרופ</ManufacturerName>
      <ManufactureCountry>ישראל</ManufactureCountry>
      <ManufacturerItemDescription>החומוסיה של אבי יפו 400 גרם</ManufacturerItemDescription>
      <UnitQty>גרמים</UnitQty>
      <Quantity>400.00</Quantity>
      <UnitOfMeasure>100 גרם</UnitOfMeasure>
      <bIsWeighted>0</bIsWeighted>
      <QtyInPackage>1</QtyInPackage>
      <ItemPrice>15.60</ItemPrice>
      <UnitOfMeasurePrice>3.9000</UnitOfMeasurePrice>
      <AllowDiscount>1</AllowDiscount>
      <ItemStatus>1</ItemStatus>
      <ItemId>73122</ItemId>
    </Item>
    <Item>
      <PriceUpdateDate>2015-10-01 06:14:43</PriceUpdateDate>
      <ItemCode>7290013268891</ItemCode>
      <ItemType>1</ItemType>
      <ItemName>סנו אוקסיג"ן ג"ל 3 ל</ItemName>
      <ManufacturerName>סנו</ManufacturerName>
      <ManufactureCountry>ישראל</ManufactureCountry>
      <ManufacturerItemDescription>סנו אוקסיגן גל 3 ליטר</ManufacturerItemDescription>
      <UnitQty>ליטרים</UnitQty>
      <Quantity>3.00</Quantity>
      <UnitOfMeasure>ליטר</UnitOfMeasure>
      <bIsWeighted>0</bIsWeighted>
      <QtyInPackage>1</QtyInPackage>
      <ItemPrice>34.60</ItemPrice>
      <UnitOfMeasurePrice>11.5333</UnitOfMeasurePrice>
      <AllowDiscount>1</AllowDiscount>
      <ItemStatus>1</ItemStatus>
      <ItemId>73254</ItemId>
    </Item>
    <Item>
      <PriceUpdateDate>2015-01-01 00:00:00</PriceUpdateDate>
      <ItemCode>7290013268907</ItemCode>
      <ItemType>1</ItemType>
      <ItemName>ג"ל כביסה מקסימה ביו</ItemName>
      <ManufacturerName>סנו</ManufacturerName>
      <ManufactureCountry>ישראל</ManufactureCountry>
      <ManufacturerItemDescription>ג"ל כביסה מקסימה ביו 3 ליטר</ManufacturerItemDescription>
      <UnitQty>ליטרים</UnitQty>
      <Quantity>3.00</Quantity>
      <UnitOfMeasure>ליטר</UnitOfMeasure>
      <bIsWeighted>0</bIsWeighted>
      <QtyInPackage>1</QtyInPackage>
      <ItemPrice>34.90</ItemPrice>
      <UnitOfMeasurePrice>11.6333</UnitOfMeasurePrice>
      <AllowDiscount>1</AllowDiscount>
      <ItemStatus>1</ItemStatus>
      <ItemId>73255</ItemId>
    </Item>
    <Item>
      <PriceUpdateDate>2015-10-01 06:14:43</PriceUpdateDate>
      <ItemCode>7290013268938</ItemCode>
      <ItemType>1</ItemType>
      <ItemName>סנובון לאסלה אפרסק</ItemName>
      <ManufacturerName>NICOLS</ManufacturerName>
      <ManufactureCountry>פולין</ManufactureCountry>
      <ManufacturerItemDescription>סנובון שלישיה מאסק 55 גרם</ManufacturerItemDescription>
      <UnitQty>גרמים</UnitQty>
      <Quantity>165.00</Quantity>
      <UnitOfMeasure>100 גרם</UnitOfMeasure>
      <bIsWeighted>0</bIsWeighted>
      <QtyInPackage>1</QtyInPackage>
      <ItemPrice>11.80</ItemPrice>
      <UnitOfMeasurePrice>7.1515</UnitOfMeasurePrice>
      <AllowDiscount>1</AllowDiscount>
      <ItemStatus>1</ItemStatus>
      <ItemId>73256</ItemId>
    </Item>
    <Item>
      <PriceUpdateDate>2015-10-01 06:14:41</PriceUpdateDate>
      <ItemCode>7290011116293</ItemCode>
      <ItemType>1</ItemType>
      <ItemName>ספריי לילדים להגנה מ</ItemName>
      <ManufacturerName>אמיליה קוסמטיקס</ManufacturerName>
      <ManufactureCountry>ישראל</ManufactureCountry>
      <ManufacturerItemDescription>ספריי לילדים להגנה מקרני השמש</ManufacturerItemDescription>
      <UnitQty>מיליליטרים</UnitQty>
      <Quantity>125.00</Quantity>
      <UnitOfMeasure>100 מ"ל</UnitOfMeasure>
      <bIsWeighted>0</bIsWeighted>
      <QtyInPackage>1</QtyInPackage>
      <ItemPrice>62.40</ItemPrice>
      <UnitOfMeasurePrice>49.9200</UnitOfMeasurePrice>
      <AllowDiscount>1</AllowDiscount>
      <ItemStatus>1</ItemStatus>
      <ItemId>73265</ItemId>
    </Item>
    <Item>
      <PriceUpdateDate>2015-07-19 11:36:38</PriceUpdateDate>
      <ItemCode>7290000040974</ItemCode>
      <ItemType>1</ItemType>
      <ItemName>חלב דל לקטוז</ItemName>
      <ManufacturerName>תנובה מרכז שיתופי לש</ManufacturerName>
      <ManufactureCountry>ישראל</ManufactureCountry>
      <ManufacturerItemDescription>חלב דל לקטוז 1 ל</ManufacturerItemDescription>
      <UnitQty>ליטרים</UnitQty>
      <Quantity>1.00</Quantity>
      <UnitOfMeasure>ליטר</UnitOfMeasure>
      <bIsWeighted>0</bIsWeighted>
      <QtyInPackage>1</QtyInPackage>
      <ItemPrice>7.10</ItemPrice>
      <UnitOfMeasurePrice>7.1000</UnitOfMeasurePrice>
      <AllowDiscount>1</AllowDiscount>
      <ItemStatus>1</ItemStatus>
      <ItemId>73492</ItemId>
    </Item>
    <Item>
      <PriceUpdateDate>2015-10-01 06:18:41</PriceUpdateDate>
      <ItemCode>7290000054995</ItemCode>
      <ItemType>1</ItemType>
      <ItemName>יוגורט עיזים פיראוס</ItemName>
      <ManufacturerName>תנובה מרכז שיתופי לש</ManufacturerName>
      <ManufactureCountry>ישראל</ManufactureCountry>
      <ManufacturerItemDescription>יוגורט עיזים פיראוס 500 ל</ManufacturerItemDescription>
      <UnitQty>מיליליטרים</UnitQty>
      <Quantity>500.00</Quantity>
      <UnitOfMeasure>100 מ"ל</UnitOfMeasure>
      <bIsWeighted>0</bIsWeighted>
      <QtyInPackage>1</QtyInPackage>
      <ItemPrice>12.20</ItemPrice>
      <UnitOfMeasurePrice>2.4400</UnitOfMeasurePrice>
      <AllowDiscount>1</AllowDiscount>
      <ItemStatus>1</ItemStatus>
      <ItemId>73527</ItemId>
    </Item>
    <Item>
      <PriceUpdateDate>2015-01-01 00:00:00</PriceUpdateDate>
      <ItemCode>4000417025005</ItemCode>
      <ItemType>1</ItemType>
      <ItemName>שוקולד מרציפן</ItemName>
      <ManufacturerName>ריטר ספורט</ManufacturerName>
      <ManufactureCountry>לא ידוע</ManufactureCountry>
      <ManufacturerItemDescription>שוקולד ריטר ספורט מרציפן</ManufacturerItemDescription>
      <UnitQty>Unknown </UnitQty>
      <Quantity>0.00</Quantity>
      <UnitOfMeasure>Unknown </UnitOfMeasure>
      <bIsWeighted>0</bIsWeighted>
      <QtyInPackage>1</QtyInPackage>
      <ItemPrice>11.20</ItemPrice>
      <UnitOfMeasurePrice>0.0000</UnitOfMeasurePrice>
      <AllowDiscount>1</AllowDiscount>
      <ItemStatus>1</ItemStatus>
      <ItemId>73812</ItemId>
    </Item>
    <Item>
      <PriceUpdateDate>2015-10-01 06:18:41</PriceUpdateDate>
      <ItemCode>7290000055015</ItemCode>
      <ItemType>1</ItemType>
      <ItemName>גבינה פטה כבשים 5% פ</ItemName>
      <ManufacturerName>תנובה מרכז שיתופי לש</ManufacturerName>
      <ManufactureCountry>ישראל</ManufactureCountry>
      <ManufacturerItemDescription>גבינה פטה כבשים 5% פיראוס           250</ManufacturerItemDescription>
      <UnitQty>גרמים</UnitQty>
      <Quantity>250.00</Quantity>
      <UnitOfMeasure>100 גרם</UnitOfMeasure>
      <bIsWeighted>0</bIsWeighted>
      <QtyInPackage>1</QtyInPackage>
      <ItemPrice>26.60</ItemPrice>
      <UnitOfMeasurePrice>10.6400</UnitOfMeasurePrice>
      <AllowDiscount>1</AllowDiscount>
      <ItemStatus>1</ItemStatus>
      <ItemId>73822</ItemId>
    </Item>
    <Item>
      <PriceUpdateDate>2015-01-01 00:00:00</PriceUpdateDate>
      <ItemCode>7290013440037</ItemCode>
      <ItemType>1</ItemType>
      <ItemName>נוק אאוט תות כשלפ</ItemName>
      <ManufacturerName>נגה גלידות</ManufacturerName>
      <ManufactureCountry>ישראל</ManufactureCountry>
      <ManufacturerItemDescription>נוק אאוט תות כשלפ</ManufacturerItemDescription>
      <UnitQty>גרמים</UnitQty>
      <Quantity>95.00</Quantity>
      <UnitOfMeasure>100 גרם</UnitOfMeasure>
      <bIsWeighted>0</bIsWeighted>
      <QtyInPackage>1</QtyInPackage>
      <ItemPrice>15.90</ItemPrice>
      <UnitOfMeasurePrice>16.7368</UnitOfMeasurePrice>
      <AllowDiscount>1</AllowDiscount>
      <ItemStatus>1</ItemStatus>
      <ItemId>73830</ItemId>
    </Item>
    <Item>
      <PriceUpdateDate>2015-01-01 00:00:00</PriceUpdateDate>
      <ItemCode>7290013267313</ItemCode>
      <ItemType>1</ItemType>
      <ItemName>שלגון לימונענע</ItemName>
      <ManufacturerName>גלידת שטראוס בע"מ</ManufacturerName>
      <ManufactureCountry>ישראל</ManufactureCountry>
      <ManufacturerItemDescription>שלגון לימונענע</ManufacturerItemDescription>
      <UnitQty>גרמים</UnitQty>
      <Quantity>83.00</Quantity>
      <UnitOfMeasure>100 גרם</UnitOfMeasure>
      <bIsWeighted>0</bIsWeighted>
      <QtyInPackage>1</QtyInPackage>
      <ItemPrice>3.50</ItemPrice>
      <UnitOfMeasurePrice>4.2169</UnitOfMeasurePrice>
      <AllowDiscount>1</AllowDiscount>
      <ItemStatus>1</ItemStatus>
      <ItemId>73982</ItemId>
    </Item>
    <Item>
      <PriceUpdateDate>2015-01-01 00:00:00</PriceUpdateDate>
      <ItemCode>80761761</ItemCode>
      <ItemType>1</ItemType>
      <ItemName>חטיף קינדר בואנו לבן</ItemName>
      <ManufacturerName>פררו</ManufacturerName>
      <ManufactureCountry>איטליה</ManufactureCountry>
      <ManufacturerItemDescription>חטיף וופל קינדר בואנו ש.לבן</ManufacturerItemDescription>
      <UnitQty>גרמים</UnitQty>
      <Quantity>39.00</Quantity>
      <UnitOfMeasure>100 גרם</UnitOfMeasure>
      <bIsWeighted>0</bIsWeighted>
      <QtyInPackage>1</QtyInPackage>
      <ItemPrice>5.80</ItemPrice>
      <UnitOfMeasurePrice>14.8718</UnitOfMeasurePrice>
      <AllowDiscount>1</AllowDiscount>
      <ItemStatus>1</ItemStatus>
      <ItemId>73985</ItemId>
    </Item>
    <Item>
      <PriceUpdateDate>2015-01-01 00:00:00</PriceUpdateDate>
      <ItemCode>8410376017342</ItemCode>
      <ItemType>1</ItemType>
      <ItemName>עוגיות שוקו ציפס</ItemName>
      <ManufacturerName>גולון</ManufacturerName>
      <ManufactureCountry>ספרד</ManufactureCountry>
      <ManufacturerItemDescription>עוגיות שוקו צ"יפס ללא גלוטן</ManufacturerItemDescription>
      <UnitQty>גרמים</UnitQty>
      <Quantity>200.00</Quantity>
      <UnitOfMeasure>100 גרם</UnitOfMeasure>
      <bIsWeighted>0</bIsWeighted>
      <QtyInPackage>1</QtyInPackage>
      <ItemPrice>22.90</ItemPrice>
      <UnitOfMeasurePrice>11.4500</UnitOfMeasurePrice>
      <AllowDiscount>1</AllowDiscount>
      <ItemStatus>1</ItemStatus>
      <ItemId>73990</ItemId>
    </Item>
    <Item>
      <PriceUpdateDate>2015-12-30 08:34:38</PriceUpdateDate>
      <ItemCode>7290002881254</ItemCode>
      <ItemType>1</ItemType>
      <ItemName>קוקטייל טרופי</ItemName>
      <ManufacturerName>סאנרייז</ManufacturerName>
      <ManufactureCountry>וייטנאם</ManufactureCountry>
      <ManufacturerItemDescription>קוקטייל טרופי 850 גרם</ManufacturerItemDescription>
      <UnitQty>גרמים</UnitQty>
      <Quantity>850.00</Quantity>
      <UnitOfMeasure>100 גרם</UnitOfMeasure>
      <bIsWeighted>0</bIsWeighted>
      <QtyInPackage>1</QtyInPackage>
      <ItemPrice>9.90</ItemPrice>
      <UnitOfMeasurePrice>1.1647</UnitOfMeasurePrice>
      <AllowDiscount>1</AllowDiscount>
      <ItemStatus>1</ItemStatus>
      <ItemId>74005</ItemId>
    </Item>
    <Item>
      <PriceUpdateDate>2015-10-01 06:16:12</PriceUpdateDate>
      <ItemCode>7290102393848</ItemCode>
      <ItemType>1</ItemType>
      <ItemName>יוגורט עיזים תות</ItemName>
      <ManufacturerName>מחלבת משק צוריאל</ManufacturerName>
      <ManufactureCountry>ישראל</ManufactureCountry>
      <ManufacturerItemDescription>יוגורט עיזים תות 150 גר</ManufacturerItemDescription>
      <UnitQty>גרמים</UnitQty>
      <Quantity>150.00</Quantity>
      <UnitOfMeasure>100 גרם</UnitOfMeasure>
      <bIsWeighted>0</bIsWeighted>
      <QtyInPackage>1</QtyInPackage>
      <ItemPrice>6.20</ItemPrice>
      <UnitOfMeasurePrice>4.1333</UnitOfMeasurePrice>
      <AllowDiscount>1</AllowDiscount>
      <ItemStatus>1</ItemStatus>
      <ItemId>74057</ItemId>
    </Item>
    <Item>
      <PriceUpdateDate>2015-10-01 06:16:12</PriceUpdateDate>
      <ItemCode>7290102393855</ItemCode>
      <ItemType>1</ItemType>
      <ItemName>יוגורט עיזים אפרסק</ItemName>
      <ManufacturerName>מחלבת משק צוריאל</ManufacturerName>
      <ManufactureCountry>ישראל</ManufactureCountry>
      <ManufacturerItemDescription>יוגורט עיזים אפרסק 150 גר</ManufacturerItemDescription>
      <UnitQty>גרמים</UnitQty>
      <Quantity>150.00</Quantity>
      <UnitOfMeasure>100 גרם</UnitOfMeasure>
      <bIsWeighted>0</bIsWeighted>
      <QtyInPackage>1</QtyInPackage>
      <ItemPrice>6.20</ItemPrice>
      <UnitOfMeasurePrice>4.1333</UnitOfMeasurePrice>
      <AllowDiscount>1</AllowDiscount>
      <ItemStatus>1</ItemStatus>
      <ItemId>74058</ItemId>
    </Item>
    <Item>
      <PriceUpdateDate>2016-06-15 07:40:01</PriceUpdateDate>
      <ItemCode>7290012525681</ItemCode>
      <ItemType>1</ItemType>
      <ItemName>שלגון רולר</ItemName>
      <ManufacturerName>נגה גלידות</ManufacturerName>
      <ManufactureCountry>ישראל</ManufactureCountry>
      <ManufacturerItemDescription>שלגון רולר</ManufacturerItemDescription>
      <UnitQty>גרמים</UnitQty>
      <Quantity>83.00</Quantity>
      <UnitOfMeasure>100 גרם</UnitOfMeasure>
      <bIsWeighted>0</bIsWeighted>
      <QtyInPackage>1</QtyInPackage>
      <ItemPrice>8.80</ItemPrice>
      <UnitOfMeasurePrice>10.6024</UnitOfMeasurePrice>
      <AllowDiscount>1</AllowDiscount>
      <ItemStatus>1</ItemStatus>
      <ItemId>74106</ItemId>
    </Item>
    <Item>
      <PriceUpdateDate>2015-01-01 00:00:00</PriceUpdateDate>
      <ItemCode>7290104500572</ItemCode>
      <ItemType>1</ItemType>
      <ItemName>אפרופו איטליאנו</ItemName>
      <ManufacturerName>אסם</ManufacturerName>
      <ManufactureCountry>ישראל</ManufactureCountry>
      <ManufacturerItemDescription>אפרופו איטליאנו 50 גרם</ManufacturerItemDescription>
      <UnitQty>גרמים</UnitQty>
      <Quantity>50.00</Quantity>
      <UnitOfMeasure>100 גרם</UnitOfMeasure>
      <bIsWeighted>0</bIsWeighted>
      <QtyInPackage>1</QtyInPackage>
      <ItemPrice>5.50</ItemPrice>
      <UnitOfMeasurePrice>11.0000</UnitOfMeasurePrice>
      <AllowDiscount>1</AllowDiscount>
      <ItemStatus>1</ItemStatus>
      <ItemId>74167</ItemId>
    </Item>
    <Item>
      <PriceUpdateDate>2016-03-20 08:21:52</PriceUpdateDate>
      <ItemCode>8714789552897</ItemCode>
      <ItemType>1</ItemType>
      <ItemName>משחת שיניים אדוונס</ItemName>
      <ManufacturerName>Colgate (Euro)-Palmo</ManufacturerName>
      <ManufactureCountry>פולין</ManufactureCountry>
      <ManufacturerItemDescription>קולגייט טוטל אדוונס סנסיטיב          10</ManufacturerItemDescription>
      <UnitQty>מיליליטרים</UnitQty>
      <Quantity>100.00</Quantity>
      <UnitOfMeasure>100 מ"ל</UnitOfMeasure>
      <bIsWeighted>0</bIsWeighted>
      <QtyInPackage>1</QtyInPackage>
      <ItemPrice>19.90</ItemPrice>
      <UnitOfMeasurePrice>19.9000</UnitOfMeasurePrice>
      <AllowDiscount>1</AllowDiscount>
      <ItemStatus>1</ItemStatus>
      <ItemId>74176</ItemId>
    </Item>
    <Item>
      <PriceUpdateDate>2016-03-01 11:06:04</PriceUpdateDate>
      <ItemCode>4033100038914</ItemCode>
      <ItemType>1</ItemType>
      <ItemName>טבק קאמל צהוב בודד</ItemName>
      <ManufacturerName>JTI</ManufacturerName>
      <ManufactureCountry>לא ידוע</ManufactureCountry>
      <ManufacturerItemDescription>טבק קאמל צהוב בודד</ManufacturerItemDescription>
      <UnitQty>Unknown </UnitQty>
      <Quantity>0.00</Quantity>
      <UnitOfMeasure>Unknown </UnitOfMeasure>
      <bIsWeighted>0</bIsWeighted>
      <QtyInPackage>1</QtyInPackage>
      <ItemPrice>39.60</ItemPrice>
      <UnitOfMeasurePrice>0.0000</UnitOfMeasurePrice>
      <AllowDiscount>1</AllowDiscount>
      <ItemStatus>1</ItemStatus>
      <ItemId>94176</ItemId>
    </Item>
    <Item>
      <PriceUpdateDate>2015-10-01 06:13:22</PriceUpdateDate>
      <ItemCode>7290104069116</ItemCode>
      <ItemType>1</ItemType>
      <ItemName>סוכריות קפוצינו</ItemName>
      <ManufacturerName>MIESZKO S.A - MS. JO</ManufacturerName>
      <ManufactureCountry>פולין</ManufactureCountry>
      <ManufacturerItemDescription>סוכריות מאסט ללא סוכר קפוצינו</ManufacturerItemDescription>
      <UnitQty>גרמים</UnitQty>
      <Quantity>80.00</Quantity>
      <UnitOfMeasure>100 גרם</UnitOfMeasure>
      <bIsWeighted>0</bIsWeighted>
      <QtyInPackage>1</QtyInPackage>
      <ItemPrice>9.80</ItemPrice>
      <UnitOfMeasurePrice>12.2500</UnitOfMeasurePrice>
      <AllowDiscount>1</AllowDiscount>
      <ItemStatus>1</ItemStatus>
      <ItemId>74252</ItemId>
    </Item>
    <Item>
      <PriceUpdateDate>2015-01-01 00:00:00</PriceUpdateDate>
      <ItemCode>5906812002049</ItemCode>
      <ItemType>1</ItemType>
      <ItemName>עוגיות צוזיקי לימון</ItemName>
      <ManufacturerName>ג'אנוש צ'וז'קי</ManufacturerName>
      <ManufactureCountry>פולין</ManufactureCountry>
      <ManufacturerItemDescription>עוגיות צוזיקי במילוי ג"לי לימו</ManufacturerItemDescription>
      <UnitQty>גרמים</UnitQty>
      <Quantity>135.00</Quantity>
      <UnitOfMeasure>100 גרם</UnitOfMeasure>
      <bIsWeighted>0</bIsWeighted>
      <QtyInPackage>1</QtyInPackage>
      <ItemPrice>5.00</ItemPrice>
      <UnitOfMeasurePrice>3.7037</UnitOfMeasurePrice>
      <AllowDiscount>1</AllowDiscount>
      <ItemStatus>1</ItemStatus>
      <ItemId>74370</ItemId>
    </Item>
    <Item>
      <PriceUpdateDate>2015-01-01 00:00:00</PriceUpdateDate>
      <ItemCode>5906812002476</ItemCode>
      <ItemType>1</ItemType>
      <ItemName>עוגיות צוזיקי תות</ItemName>
      <ManufacturerName>ג'אנוש צ'וז'קי</ManufacturerName>
      <ManufactureCountry>פולין</ManufactureCountry>
      <ManufacturerItemDescription>עוגיות צוזיקי במילוי ג"לי תות</ManufacturerItemDescription>
      <UnitQty>גרמים</UnitQty>
      <Quantity>135.00</Quantity>
      <UnitOfMeasure>100 גרם</UnitOfMeasure>
      <bIsWeighted>0</bIsWeighted>
      <QtyInPackage>1</QtyInPackage>
      <ItemPrice>5.00</ItemPrice>
      <UnitOfMeasurePrice>3.7037</UnitOfMeasurePrice>
      <AllowDiscount>1</AllowDiscount>
      <ItemStatus>1</ItemStatus>
      <ItemId>74371</ItemId>
    </Item>
    <Item>
      <PriceUpdateDate>2015-08-25 15:41:53</PriceUpdateDate>
      <ItemCode>5400265022482</ItemCode>
      <ItemType>1</ItemType>
      <ItemName>המלט טרופל מיקס חלב</ItemName>
      <ManufacturerName>יושלם</ManufacturerName>
      <ManufactureCountry>יושלם</ManufactureCountry>
      <ManufacturerItemDescription>המלט טרופל מיקס חלב לבן מריר 200 גר</ManufacturerItemDescription>
      <UnitQty>Unknown </UnitQty>
      <Quantity>0.00</Quantity>
      <UnitOfMeasure>Unknown </UnitOfMeasure>
      <bIsWeighted>0</bIsWeighted>
      <QtyInPackage>1</QtyInPackage>
      <ItemPrice>34.90</ItemPrice>
      <UnitOfMeasurePrice>0.0000</UnitOfMeasurePrice>
      <AllowDiscount>1</AllowDiscount>
      <ItemStatus>1</ItemStatus>
      <ItemId>74376</ItemId>
    </Item>
    <Item>
      <PriceUpdateDate>2016-05-19 11:18:49</PriceUpdateDate>
      <ItemCode>7290010328246</ItemCode>
      <ItemType>1</ItemType>
      <ItemName>טחינה שומשום מלא אחו</ItemName>
      <ManufacturerName>אחדות ביח"ר לטחינה,</ManufacturerName>
      <ManufactureCountry>לא ידוע</ManufactureCountry>
      <ManufacturerItemDescription>טחינה שומשום מלא אחווה 500 גר</ManufacturerItemDescription>
      <UnitQty>גרמים</UnitQty>
      <Quantity>500.00</Quantity>
      <UnitOfMeasure>100 גרם</UnitOfMeasure>
      <bIsWeighted>0</bIsWeighted>
      <QtyInPackage>1</QtyInPackage>
      <ItemPrice>14.90</ItemPrice>
      <UnitOfMeasurePrice>2.9800</UnitOfMeasurePrice>
      <AllowDiscount>1</AllowDiscount>
      <ItemStatus>1</ItemStatus>
      <ItemId>74528</ItemId>
    </Item>
    <Item>
      <PriceUpdateDate>2015-10-01 06:15:20</PriceUpdateDate>
      <ItemCode>7290013054746</ItemCode>
      <ItemType>1</ItemType>
      <ItemName>גביעי גלידה מגולגל</ItemName>
      <ManufacturerName>יושלם</ManufacturerName>
      <ManufactureCountry>יושלם</ManufactureCountry>
      <ManufacturerItemDescription>גביעי גלידה מגולגל 12 יח</ManufacturerItemDescription>
      <UnitQty>Unknown </UnitQty>
      <Quantity>0.00</Quantity>
      <UnitOfMeasure>Unknown </UnitOfMeasure>
      <bIsWeighted>0</bIsWeighted>
      <QtyInPackage>1</QtyInPackage>
      <ItemPrice>9.80</ItemPrice>
      <UnitOfMeasurePrice>0.0000</UnitOfMeasurePrice>
      <AllowDiscount>1</AllowDiscount>
      <ItemStatus>1</ItemStatus>
      <ItemId>74715</ItemId>
    </Item>
    <Item>
      <PriceUpdateDate>2015-07-26 13:18:36</PriceUpdateDate>
      <ItemCode>7290001710814</ItemCode>
      <ItemType>1</ItemType>
      <ItemName>טחון בקר 500 גר</ItemName>
      <ManufacturerName>מעדני הטלה</ManufacturerName>
      <ManufactureCountry>ישראל</ManufactureCountry>
      <ManufacturerItemDescription>טחון בקר 500 גר                        "</ManufacturerItemDescription>
      <UnitQty>גרמים</UnitQty>
      <Quantity>500.00</Quantity>
      <UnitOfMeasure>100 גרם</UnitOfMeasure>
      <bIsWeighted>0</bIsWeighted>
      <QtyInPackage>1</QtyInPackage>
      <ItemPrice>26.90</ItemPrice>
      <UnitOfMeasurePrice>5.3800</UnitOfMeasurePrice>
      <AllowDiscount>1</AllowDiscount>
      <ItemStatus>1</ItemStatus>
      <ItemId>76826</ItemId>
    </Item>
    <Item>
      <PriceUpdateDate>2015-10-01 06:14:03</PriceUpdateDate>
      <ItemCode>7290013056115</ItemCode>
      <ItemType>1</ItemType>
      <ItemName>פלפל אדום קלוי</ItemName>
      <ManufacturerName>קונקס טיבה בעמ</ManufacturerName>
      <ManufactureCountry>בולגריה</ManufactureCountry>
      <ManufacturerItemDescription>פלפל אדום קלוי מגה 550 גרם</ManufacturerItemDescription>
      <UnitQty>גרמים</UnitQty>
      <Quantity>550.00</Quantity>
      <UnitOfMeasure>100 גרם</UnitOfMeasure>
      <bIsWeighted>0</bIsWeighted>
      <QtyInPackage>1</QtyInPackage>
      <ItemPrice>13.80</ItemPrice>
      <UnitOfMeasurePrice>2.5091</UnitOfMeasurePrice>
      <AllowDiscount>1</AllowDiscount>
      <ItemStatus>1</ItemStatus>
      <ItemId>75731</ItemId>
    </Item>
    <Item>
      <PriceUpdateDate>2015-10-01 06:16:30</PriceUpdateDate>
      <ItemCode>5029053535234</ItemCode>
      <ItemType>1</ItemType>
      <ItemName>קוטקס טמפוני סופר 16</ItemName>
      <ManufacturerName>KC Czech</ManufacturerName>
      <ManufactureCountry>צ'כיה</ManufactureCountry>
      <ManufacturerItemDescription>קוטקס טמפוני סופר 16 יחידות</ManufacturerItemDescription>
      <UnitQty>Unknown </UnitQty>
      <Quantity>0.00</Quantity>
      <UnitOfMeasure>Unknown </UnitOfMeasure>
      <bIsWeighted>0</bIsWeighted>
      <QtyInPackage>1</QtyInPackage>
      <ItemPrice>24.70</ItemPrice>
      <UnitOfMeasurePrice>0.0000</UnitOfMeasurePrice>
      <AllowDiscount>1</AllowDiscount>
      <ItemStatus>1</ItemStatus>
      <ItemId>74986</ItemId>
    </Item>
    <Item>
      <PriceUpdateDate>2015-10-01 06:13:41</PriceUpdateDate>
      <ItemCode>8711600359659</ItemCode>
      <ItemType>1</ItemType>
      <ItemName>אקס ג"ל רחצה אקסייט</ItemName>
      <ManufacturerName>יוניליוור גרמניה (בו</ManufacturerName>
      <ManufactureCountry>לא ידוע</ManufactureCountry>
      <ManufacturerItemDescription>אקס ג"ל רחצה אקסייט 400 מ"ל</ManufacturerItemDescription>
      <UnitQty>מיליליטרים</UnitQty>
      <Quantity>400.00</Quantity>
      <UnitOfMeasure>100 מ"ל</UnitOfMeasure>
      <bIsWeighted>0</bIsWeighted>
      <QtyInPackage>1</QtyInPackage>
      <ItemPrice>14.80</ItemPrice>
      <UnitOfMeasurePrice>3.7000</UnitOfMeasurePrice>
      <AllowDiscount>1</AllowDiscount>
      <ItemStatus>1</ItemStatus>
      <ItemId>75123</ItemId>
    </Item>
    <Item>
      <PriceUpdateDate>2015-10-01 06:14:39</PriceUpdateDate>
      <ItemCode>7290011765323</ItemCode>
      <ItemType>1</ItemType>
      <ItemName>מברשת שיניים אורביטו</ItemName>
      <ManufacturerName>z.h. plastic</ManufacturerName>
      <ManufactureCountry>סין</ManufactureCountry>
      <ManufacturerItemDescription>מברשת שיניים אורביטול              KIDS</ManufacturerItemDescription>
      <UnitQty>Unknown </UnitQty>
      <Quantity>0.00</Quantity>
      <UnitOfMeasure>Unknown </UnitOfMeasure>
      <bIsWeighted>0</bIsWeighted>
      <QtyInPackage>1</QtyInPackage>
      <ItemPrice>12.80</ItemPrice>
      <UnitOfMeasurePrice>0.0000</UnitOfMeasurePrice>
      <AllowDiscount>1</AllowDiscount>
      <ItemStatus>1</ItemStatus>
      <ItemId>75137</ItemId>
    </Item>
    <Item>
      <PriceUpdateDate>2015-10-01 06:17:41</PriceUpdateDate>
      <ItemCode>7290015193085</ItemCode>
      <ItemType>1</ItemType>
      <ItemName>פחם מהגוני בשקית 2 ק</ItemName>
      <ManufacturerName>ג'לו השקעות בע"מ</ManufacturerName>
      <ManufactureCountry>דרום אפריקה</ManufactureCountry>
      <ManufacturerItemDescription>פחם מהגוני בשקית 2 קג</ManufacturerItemDescription>
      <UnitQty>קילוגרמים</UnitQty>
      <Quantity>2.00</Quantity>
      <UnitOfMeasure>ק"ג</UnitOfMeasure>
      <bIsWeighted>0</bIsWeighted>
      <QtyInPackage>1</QtyInPackage>
      <ItemPrice>15.70</ItemPrice>
      <UnitOfMeasurePrice>7.8500</UnitOfMeasurePrice>
      <AllowDiscount>1</AllowDiscount>
      <ItemStatus>1</ItemStatus>
      <ItemId>102171</ItemId>
    </Item>
    <Item>
      <PriceUpdateDate>2015-10-01 06:17:30</PriceUpdateDate>
      <ItemCode>7702018983681</ItemCode>
      <ItemType>1</ItemType>
      <ItemName>דאו סטיק</ItemName>
      <ManufacturerName>יושלם</ManufacturerName>
      <ManufactureCountry>יושלם</ManufactureCountry>
      <ManufacturerItemDescription>דאו סטיק מתקדם סירייס                CW</ManufacturerItemDescription>
      <UnitQty>Unknown </UnitQty>
      <Quantity>0.00</Quantity>
      <UnitOfMeasure>Unknown </UnitOfMeasure>
      <bIsWeighted>0</bIsWeighted>
      <QtyInPackage>1</QtyInPackage>
      <ItemPrice>26.60</ItemPrice>
      <UnitOfMeasurePrice>0.0000</UnitOfMeasurePrice>
      <AllowDiscount>1</AllowDiscount>
      <ItemStatus>1</ItemStatus>
      <ItemId>75558</ItemId>
    </Item>
    <Item>
      <PriceUpdateDate>2015-10-01 06:15:04</PriceUpdateDate>
      <ItemCode>3574660026887</ItemCode>
      <ItemType>1</ItemType>
      <ItemName>טלק לתינוק</ItemName>
      <ManufacturerName>CILAG GMBH INTERNATI</ManufacturerName>
      <ManufactureCountry>תאילנד</ManufactureCountry>
      <ManufacturerItemDescription>ג"ונסונס בייבי טלק לתינוק           200</ManufacturerItemDescription>
      <UnitQty>גרמים</UnitQty>
      <Quantity>200.00</Quantity>
      <UnitOfMeasure>100 גרם</UnitOfMeasure>
      <bIsWeighted>0</bIsWeighted>
      <QtyInPackage>1</QtyInPackage>
      <ItemPrice>19.70</ItemPrice>
      <UnitOfMeasurePrice>9.8500</UnitOfMeasurePrice>
      <AllowDiscount>1</AllowDiscount>
      <ItemStatus>1</ItemStatus>
      <ItemId>75689</ItemId>
    </Item>
    <Item>
      <PriceUpdateDate>2015-10-01 06:13:22</PriceUpdateDate>
      <ItemCode>7290104722509</ItemCode>
      <ItemType>1</ItemType>
      <ItemName>רבע לשבע מריר</ItemName>
      <ManufacturerName>שטראוס גרופ</ManufacturerName>
      <ManufactureCountry>ישראל</ManufactureCountry>
      <ManufacturerItemDescription>רבע לשבע מריר 120 גרם</ManufacturerItemDescription>
      <UnitQty>גרמים</UnitQty>
      <Quantity>120.00</Quantity>
      <UnitOfMeasure>100 גרם</UnitOfMeasure>
      <bIsWeighted>0</bIsWeighted>
      <QtyInPackage>1</QtyInPackage>
      <ItemPrice>13.70</ItemPrice>
      <UnitOfMeasurePrice>11.4167</UnitOfMeasurePrice>
      <AllowDiscount>1</AllowDiscount>
      <ItemStatus>1</ItemStatus>
      <ItemId>75739</ItemId>
    </Item>
    <Item>
      <PriceUpdateDate>2015-10-01 06:14:43</PriceUpdateDate>
      <ItemCode>7290013268464</ItemCode>
      <ItemType>1</ItemType>
      <ItemName>קרם גוף בניחוח מאסק</ItemName>
      <ManufacturerName>קוסמופארם</ManufacturerName>
      <ManufactureCountry>ישראל</ManufactureCountry>
      <ManufacturerItemDescription>קרמה קרם גוף בניחוח מאסק 500 מ</ManufacturerItemDescription>
      <UnitQty>מיליליטרים</UnitQty>
      <Quantity>500.00</Quantity>
      <UnitOfMeasure>100 מ"ל</UnitOfMeasure>
      <bIsWeighted>0</bIsWeighted>
      <QtyInPackage>1</QtyInPackage>
      <ItemPrice>27.60</ItemPrice>
      <UnitOfMeasurePrice>5.5200</UnitOfMeasurePrice>
      <AllowDiscount>1</AllowDiscount>
      <ItemStatus>1</ItemStatus>
      <ItemId>75854</ItemId>
    </Item>
    <Item>
      <PriceUpdateDate>2015-10-01 06:18:41</PriceUpdateDate>
      <ItemCode>7290000052717</ItemCode>
      <ItemType>1</ItemType>
      <ItemName>קוטג 5% שום שמיר</ItemName>
      <ManufacturerName>תנובה מרכז שיתופי לש</ManufacturerName>
      <ManufactureCountry>ישראל</ManufactureCountry>
      <ManufacturerItemDescription>קוטג 5% "עם שום שמיר 250 גרם</ManufacturerItemDescription>
      <UnitQty>גרמים</UnitQty>
      <Quantity>250.00</Quantity>
      <UnitOfMeasure>100 גרם</UnitOfMeasure>
      <bIsWeighted>0</bIsWeighted>
      <QtyInPackage>1</QtyInPackage>
      <ItemPrice>6.10</ItemPrice>
      <UnitOfMeasurePrice>2.4400</UnitOfMeasurePrice>
      <AllowDiscount>1</AllowDiscount>
      <ItemStatus>1</ItemStatus>
      <ItemId>86211</ItemId>
    </Item>
    <Item>
      <PriceUpdateDate>2015-10-01 06:15:17</PriceUpdateDate>
      <ItemCode>7290002015116</ItemCode>
      <ItemType>1</ItemType>
      <ItemName>מלפפון בחומץ 9-7</ItemName>
      <ManufacturerName>בני דרום</ManufacturerName>
      <ManufactureCountry>ישראל</ManufactureCountry>
      <ManufacturerItemDescription>מלפפון בחומץ 9-7 א2</ManufacturerItemDescription>
      <UnitQty>קילוגרמים</UnitQty>
      <Quantity>0.64</Quantity>
      <UnitOfMeasure>ק"ג</UnitOfMeasure>
      <bIsWeighted>0</bIsWeighted>
      <QtyInPackage>1</QtyInPackage>
      <ItemPrice>6.40</ItemPrice>
      <UnitOfMeasurePrice>10.0000</UnitOfMeasurePrice>
      <AllowDiscount>1</AllowDiscount>
      <ItemStatus>1</ItemStatus>
      <ItemId>76187</ItemId>
    </Item>
    <Item>
      <PriceUpdateDate>2015-10-01 06:15:17</PriceUpdateDate>
      <ItemCode>7290002015123</ItemCode>
      <ItemType>1</ItemType>
      <ItemName>מלפפון בחומץ  10-12</ItemName>
      <ManufacturerName>בני דרום</ManufacturerName>
      <ManufactureCountry>ישראל</ManufactureCountry>
      <ManufacturerItemDescription>מלפפון בחומץ 560 10-12 גרם</ManufacturerItemDescription>
      <UnitQty>קילוגרמים</UnitQty>
      <Quantity>0.64</Quantity>
      <UnitOfMeasure>ק"ג</UnitOfMeasure>
      <bIsWeighted>0</bIsWeighted>
      <QtyInPackage>1</QtyInPackage>
      <ItemPrice>7.10</ItemPrice>
      <UnitOfMeasurePrice>11.0937</UnitOfMeasurePrice>
      <AllowDiscount>1</AllowDiscount>
      <ItemStatus>1</ItemStatus>
      <ItemId>76188</ItemId>
    </Item>
    <Item>
      <PriceUpdateDate>2015-01-01 00:00:00</PriceUpdateDate>
      <ItemCode>5906812003732</ItemCode>
      <ItemType>1</ItemType>
      <ItemName>ביסקוויט סנדויץ וניל</ItemName>
      <ManufacturerName>יושלם</ManufacturerName>
      <ManufactureCountry>פולין</ManufactureCountry>
      <ManufacturerItemDescription>ביסקוויט סנדויץ וניל לה קרמה</ManufacturerItemDescription>
      <UnitQty>גרמים</UnitQty>
      <Quantity>160.00</Quantity>
      <UnitOfMeasure>100 גרם</UnitOfMeasure>
      <bIsWeighted>0</bIsWeighted>
      <QtyInPackage>1</QtyInPackage>
      <ItemPrice>6.00</ItemPrice>
      <UnitOfMeasurePrice>3.7500</UnitOfMeasurePrice>
      <AllowDiscount>1</AllowDiscount>
      <ItemStatus>1</ItemStatus>
      <ItemId>101541</ItemId>
    </Item>
    <Item>
      <PriceUpdateDate>2015-10-01 06:16:21</PriceUpdateDate>
      <ItemCode>7290013566119</ItemCode>
      <ItemType>1</ItemType>
      <ItemName>פינוקים פרווה 570 גר</ItemName>
      <ManufacturerName>נגה גלידות</ManufacturerName>
      <ManufactureCountry>ישראל</ManufactureCountry>
      <ManufacturerItemDescription>פינוקים פרווה 570 גר</ManufacturerItemDescription>
      <UnitQty>גרמים</UnitQty>
      <Quantity>570.00</Quantity>
      <UnitOfMeasure>100 גרם</UnitOfMeasure>
      <bIsWeighted>0</bIsWeighted>
      <QtyInPackage>1</QtyInPackage>
      <ItemPrice>52.40</ItemPrice>
      <UnitOfMeasurePrice>9.1930</UnitOfMeasurePrice>
      <AllowDiscount>1</AllowDiscount>
      <ItemStatus>1</ItemStatus>
      <ItemId>76292</ItemId>
    </Item>
    <Item>
      <PriceUpdateDate>2015-01-01 00:00:00</PriceUpdateDate>
      <ItemCode>7290013269157</ItemCode>
      <ItemType>1</ItemType>
      <ItemName>מרכך ומבשם כביסה במי</ItemName>
      <ManufacturerName>יושלם</ManufacturerName>
      <ManufactureCountry>יושלם</ManufactureCountry>
      <ManufacturerItemDescription>מרכך ומבשם כביסה במייבש מקסימה</ManufacturerItemDescription>
      <UnitQty>מיליליטרים</UnitQty>
      <Quantity>750.00</Quantity>
      <UnitOfMeasure>100 מ"ל</UnitOfMeasure>
      <bIsWeighted>0</bIsWeighted>
      <QtyInPackage>1</QtyInPackage>
      <ItemPrice>20.00</ItemPrice>
      <UnitOfMeasurePrice>2.6667</UnitOfMeasurePrice>
      <AllowDiscount>1</AllowDiscount>
      <ItemStatus>1</ItemStatus>
      <ItemId>76405</ItemId>
    </Item>
    <Item>
      <PriceUpdateDate>2016-05-19 11:18:58</PriceUpdateDate>
      <ItemCode>77975088227</ItemCode>
      <ItemType>1</ItemType>
      <ItemName>סנידרס דבש חרדל ובצל</ItemName>
      <ManufacturerName>סניידרס</ManufacturerName>
      <ManufactureCountry>לא ידוע</ManufactureCountry>
      <ManufacturerItemDescription>סנידרס דבש חרדל ובצל 340 גרם</ManufacturerItemDescription>
      <UnitQty>גרמים</UnitQty>
      <Quantity>340.00</Quantity>
      <UnitOfMeasure>100 גרם</UnitOfMeasure>
      <bIsWeighted>0</bIsWeighted>
      <QtyInPackage>1</QtyInPackage>
      <ItemPrice>18.90</ItemPrice>
      <UnitOfMeasurePrice>5.5588</UnitOfMeasurePrice>
      <AllowDiscount>1</AllowDiscount>
      <ItemStatus>1</ItemStatus>
      <ItemId>76608</ItemId>
    </Item>
    <Item>
      <PriceUpdateDate>2015-01-01 00:00:00</PriceUpdateDate>
      <ItemCode>7290012116735</ItemCode>
      <ItemType>1</ItemType>
      <ItemName>נ.טואלט גליל גמבו</ItemName>
      <ManufacturerName>סנו</ManufacturerName>
      <ManufactureCountry>ישראל</ManufactureCountry>
      <ManufacturerItemDescription>נ.ט.סופט גליל גמבו 24 יחידות</ManufacturerItemDescription>
      <UnitQty>מטרים</UnitQty>
      <Quantity>90000.00</Quantity>
      <UnitOfMeasure>מטר</UnitOfMeasure>
      <bIsWeighted>0</bIsWeighted>
      <QtyInPackage>1</QtyInPackage>
      <ItemPrice>39.90</ItemPrice>
      <UnitOfMeasurePrice>0.0004</UnitOfMeasurePrice>
      <AllowDiscount>1</AllowDiscount>
      <ItemStatus>1</ItemStatus>
      <ItemId>76683</ItemId>
    </Item>
    <Item>
      <PriceUpdateDate>2015-10-01 06:22:49</PriceUpdateDate>
      <ItemCode>9002859036866</ItemCode>
      <ItemType>1</ItemType>
      <ItemName>בונבונירה גונץ טרופל</ItemName>
      <ManufacturerName>גונץ</ManufacturerName>
      <ManufactureCountry>אוסטריה</ManufactureCountry>
      <ManufacturerItemDescription>בונבונירה גונץ טרופל שטוח תפוז</ManufacturerItemDescription>
      <UnitQty>גרמים</UnitQty>
      <Quantity>200.00</Quantity>
      <UnitOfMeasure>100 גרם</UnitOfMeasure>
      <bIsWeighted>0</bIsWeighted>
      <QtyInPackage>1</QtyInPackage>
      <ItemPrice>19.70</ItemPrice>
      <UnitOfMeasurePrice>9.8500</UnitOfMeasurePrice>
      <AllowDiscount>1</AllowDiscount>
      <ItemStatus>1</ItemStatus>
      <ItemId>77589</ItemId>
    </Item>
    <Item>
      <PriceUpdateDate>2015-10-01 06:17:40</PriceUpdateDate>
      <ItemCode>7290005095801</ItemCode>
      <ItemType>1</ItemType>
      <ItemName>עמבה תמר 500 גרם</ItemName>
      <ManufacturerName>תבליני שמש בע"מ</ManufacturerName>
      <ManufactureCountry>ישראל</ManufactureCountry>
      <ManufacturerItemDescription>עמבה" תמר 500 "גרם</ManufacturerItemDescription>
      <UnitQty>גרמים</UnitQty>
      <Quantity>500.00</Quantity>
      <UnitOfMeasure>100 גרם</UnitOfMeasure>
      <bIsWeighted>0</bIsWeighted>
      <QtyInPackage>1</QtyInPackage>
      <ItemPrice>20.60</ItemPrice>
      <UnitOfMeasurePrice>4.1200</UnitOfMeasurePrice>
      <AllowDiscount>1</AllowDiscount>
      <ItemStatus>1</ItemStatus>
      <ItemId>77100</ItemId>
    </Item>
    <Item>
      <PriceUpdateDate>2015-10-01 06:14:43</PriceUpdateDate>
      <ItemCode>7290013269850</ItemCode>
      <ItemType>1</ItemType>
      <ItemName>נייר אפיה אקלוגי סנו</ItemName>
      <ManufacturerName>טופלסט</ManufacturerName>
      <ManufactureCountry>ישראל</ManufactureCountry>
      <ManufacturerItemDescription>נייר אפיה אקלוגי סנו סושי 50 י</ManufacturerItemDescription>
      <UnitQty>Unknown </UnitQty>
      <Quantity>0.00</Quantity>
      <UnitOfMeasure>Unknown </UnitOfMeasure>
      <bIsWeighted>0</bIsWeighted>
      <QtyInPackage>1</QtyInPackage>
      <ItemPrice>16.70</ItemPrice>
      <UnitOfMeasurePrice>0.0000</UnitOfMeasurePrice>
      <AllowDiscount>1</AllowDiscount>
      <ItemStatus>1</ItemStatus>
      <ItemId>77351</ItemId>
    </Item>
    <Item>
      <PriceUpdateDate>2015-10-01 06:16:27</PriceUpdateDate>
      <ItemCode>7290000187907</ItemCode>
      <ItemType>1</ItemType>
      <ItemName>מארז מגבוני נ.טואלט</ItemName>
      <ManufacturerName>על בד</ManufacturerName>
      <ManufactureCountry>ישראל</ManufactureCountry>
      <ManufacturerItemDescription>שלישיית מגבוני נ.ט לח 3*40  יח</ManufacturerItemDescription>
      <UnitQty>Unknown </UnitQty>
      <Quantity>0.00</Quantity>
      <UnitOfMeasure>Unknown </UnitOfMeasure>
      <bIsWeighted>0</bIsWeighted>
      <QtyInPackage>1</QtyInPackage>
      <ItemPrice>19.70</ItemPrice>
      <UnitOfMeasurePrice>0.0000</UnitOfMeasurePrice>
      <AllowDiscount>1</AllowDiscount>
      <ItemStatus>1</ItemStatus>
      <ItemId>77541</ItemId>
    </Item>
    <Item>
      <PriceUpdateDate>2015-10-01 06:16:30</PriceUpdateDate>
      <ItemCode>7290000191966</ItemCode>
      <ItemType>1</ItemType>
      <ItemName>מגבוני טואלט לחים</ItemName>
      <ManufacturerName>על בד</ManufacturerName>
      <ManufactureCountry>ישראל</ManufactureCountry>
      <ManufacturerItemDescription>מגבוני נ.ט לח ללא בישום 48 יח</ManufacturerItemDescription>
      <UnitQty>יחידה   </UnitQty>
      <Quantity>1.00</Quantity>
      <UnitOfMeasure>יחידה   </UnitOfMeasure>
      <bIsWeighted>0</bIsWeighted>
      <QtyInPackage>1</QtyInPackage>
      <ItemPrice>8.80</ItemPrice>
      <UnitOfMeasurePrice>8.8000</UnitOfMeasurePrice>
      <AllowDiscount>1</AllowDiscount>
      <ItemStatus>1</ItemStatus>
      <ItemId>77551</ItemId>
    </Item>
    <Item>
      <PriceUpdateDate>2015-10-01 06:24:14</PriceUpdateDate>
      <ItemCode>7290013056795</ItemCode>
      <ItemType>1</ItemType>
      <ItemName>שמפו לסירוק קל</ItemName>
      <ManufacturerName>זוהר קוסמטיק ישראל</ManufacturerName>
      <ManufactureCountry>ישראל</ManufactureCountry>
      <ManufacturerItemDescription>שמפו לסירוק קל 750 מל מגה</ManufacturerItemDescription>
      <UnitQty>מיליליטרים</UnitQty>
      <Quantity>750.00</Quantity>
      <UnitOfMeasure>100 מ"ל</UnitOfMeasure>
      <bIsWeighted>0</bIsWeighted>
      <QtyInPackage>1</QtyInPackage>
      <ItemPrice>9.80</ItemPrice>
      <UnitOfMeasurePrice>1.3067</UnitOfMeasurePrice>
      <AllowDiscount>1</AllowDiscount>
      <ItemStatus>1</ItemStatus>
      <ItemId>77557</ItemId>
    </Item>
    <Item>
      <PriceUpdateDate>2015-10-01 06:14:04</PriceUpdateDate>
      <ItemCode>7290013056801</ItemCode>
      <ItemType>1</ItemType>
      <ItemName>שמפו ילדים ניחוח הפי</ItemName>
      <ManufacturerName>זוהר קוסמטיק ישראל</ManufacturerName>
      <ManufactureCountry>ישראל</ManufactureCountry>
      <ManufacturerItemDescription>שמפו ילדים ניחוח הפי 750 מגה</ManufacturerItemDescription>
      <UnitQty>מיליליטרים</UnitQty>
      <Quantity>750.00</Quantity>
      <UnitOfMeasure>100 מ"ל</UnitOfMeasure>
      <bIsWeighted>0</bIsWeighted>
      <QtyInPackage>1</QtyInPackage>
      <ItemPrice>8.80</ItemPrice>
      <UnitOfMeasurePrice>1.1733</UnitOfMeasurePrice>
      <AllowDiscount>1</AllowDiscount>
      <ItemStatus>1</ItemStatus>
      <ItemId>77558</ItemId>
    </Item>
    <Item>
      <PriceUpdateDate>2015-10-01 06:14:04</PriceUpdateDate>
      <ItemCode>7290013056818</ItemCode>
      <ItemType>1</ItemType>
      <ItemName>שמפו ילדים ניחוח שרי</ItemName>
      <ManufacturerName>יושלם</ManufacturerName>
      <ManufactureCountry>יושלם</ManufactureCountry>
      <ManufacturerItemDescription>שמפו ילדים ניחוח שרי 750 מגה</ManufacturerItemDescription>
      <UnitQty>מיליליטרים</UnitQty>
      <Quantity>750.00</Quantity>
      <UnitOfMeasure>100 מ"ל</UnitOfMeasure>
      <bIsWeighted>0</bIsWeighted>
      <QtyInPackage>1</QtyInPackage>
      <ItemPrice>8.80</ItemPrice>
      <UnitOfMeasurePrice>1.1733</UnitOfMeasurePrice>
      <AllowDiscount>1</AllowDiscount>
      <ItemStatus>1</ItemStatus>
      <ItemId>77559</ItemId>
    </Item>
    <Item>
      <PriceUpdateDate>2015-10-01 06:14:04</PriceUpdateDate>
      <ItemCode>7290104009853</ItemCode>
      <ItemType>1</ItemType>
      <ItemName>מרכך לסירוק קל</ItemName>
      <ManufacturerName>יושלם</ManufacturerName>
      <ManufactureCountry>יושלם</ManufactureCountry>
      <ManufacturerItemDescription>מרכך לסירוק קל 750 מ"ל מגה</ManufacturerItemDescription>
      <UnitQty>מיליליטרים</UnitQty>
      <Quantity>750.00</Quantity>
      <UnitOfMeasure>100 מ"ל</UnitOfMeasure>
      <bIsWeighted>0</bIsWeighted>
      <QtyInPackage>1</QtyInPackage>
      <ItemPrice>9.80</ItemPrice>
      <UnitOfMeasurePrice>1.3067</UnitOfMeasurePrice>
      <AllowDiscount>1</AllowDiscount>
      <ItemStatus>1</ItemStatus>
      <ItemId>77567</ItemId>
    </Item>
    <Item>
      <PriceUpdateDate>2015-10-01 06:13:22</PriceUpdateDate>
      <ItemCode>7290105366023</ItemCode>
      <ItemType>1</ItemType>
      <ItemName>סלט חציל בטעם כבד</ItemName>
      <ManufacturerName>שטראוס גרופ</ManufacturerName>
      <ManufactureCountry>ישראל</ManufactureCountry>
      <ManufacturerItemDescription>סלט חציל בטעם כבד 400 גר</ManufacturerItemDescription>
      <UnitQty>גרמים</UnitQty>
      <Quantity>400.00</Quantity>
      <UnitOfMeasure>100 גרם</UnitOfMeasure>
      <bIsWeighted>0</bIsWeighted>
      <QtyInPackage>1</QtyInPackage>
      <ItemPrice>15.50</ItemPrice>
      <UnitOfMeasurePrice>3.8750</UnitOfMeasurePrice>
      <AllowDiscount>1</AllowDiscount>
      <ItemStatus>1</ItemStatus>
      <ItemId>77716</ItemId>
    </Item>
    <Item>
      <PriceUpdateDate>2015-10-01 06:17:32</PriceUpdateDate>
      <ItemCode>7702018010608</ItemCode>
      <ItemType>1</ItemType>
      <ItemName>ס.גילוח פרוגליד ידני</ItemName>
      <ManufacturerName>פרוקטר אנד גמבל</ManufacturerName>
      <ManufactureCountry>פולין</ManufactureCountry>
      <ManufacturerItemDescription>סכין גילוח ג"ילט פיוז"ן פרוגלי</ManufacturerItemDescription>
      <UnitQty>Unknown </UnitQty>
      <Quantity>0.00</Quantity>
      <UnitOfMeasure>Unknown </UnitOfMeasure>
      <bIsWeighted>0</bIsWeighted>
      <QtyInPackage>1</QtyInPackage>
      <ItemPrice>92.00</ItemPrice>
      <UnitOfMeasurePrice>0.0000</UnitOfMeasurePrice>
      <AllowDiscount>1</AllowDiscount>
      <ItemStatus>1</ItemStatus>
      <ItemId>77742</ItemId>
    </Item>
    <Item>
      <PriceUpdateDate>2015-10-01 06:15:20</PriceUpdateDate>
      <ItemCode>7290003220717</ItemCode>
      <ItemType>1</ItemType>
      <ItemName>אצות נורי סילוור 10</ItemName>
      <ManufacturerName>JAEWON GLOBAL NET</ManufacturerName>
      <ManufactureCountry>לא ידוע</ManufactureCountry>
      <ManufacturerItemDescription>אצות נורי סילוור 10 דפים 25 גר</ManufacturerItemDescription>
      <UnitQty>גרמים</UnitQty>
      <Quantity>25.00</Quantity>
      <UnitOfMeasure>100 גרם</UnitOfMeasure>
      <bIsWeighted>0</bIsWeighted>
      <QtyInPackage>1</QtyInPackage>
      <ItemPrice>12.90</ItemPrice>
      <UnitOfMeasurePrice>51.6000</UnitOfMeasurePrice>
      <AllowDiscount>1</AllowDiscount>
      <ItemStatus>1</ItemStatus>
      <ItemId>77802</ItemId>
    </Item>
    <Item>
      <PriceUpdateDate>2015-08-02 08:16:54</PriceUpdateDate>
      <ItemCode>5410126116953</ItemCode>
      <ItemType>1</ItemType>
      <ItemName>ממרח לוטוס עוג.קרמל</ItemName>
      <ManufacturerName>לוטוס ביקרי נ.וי.</ManufacturerName>
      <ManufactureCountry>בלגיה</ManufactureCountry>
      <ManufacturerItemDescription>ממרח לוטוס עוגיות קרמל 400 גרם</ManufacturerItemDescription>
      <UnitQty>גרמים</UnitQty>
      <Quantity>400.00</Quantity>
      <UnitOfMeasure>100 גרם</UnitOfMeasure>
      <bIsWeighted>0</bIsWeighted>
      <QtyInPackage>1</QtyInPackage>
      <ItemPrice>19.90</ItemPrice>
      <UnitOfMeasurePrice>4.9750</UnitOfMeasurePrice>
      <AllowDiscount>1</AllowDiscount>
      <ItemStatus>1</ItemStatus>
      <ItemId>87263</ItemId>
    </Item>
    <Item>
      <PriceUpdateDate>2015-01-01 00:00:00</PriceUpdateDate>
      <ItemCode>38527591145</ItemCode>
      <ItemType>1</ItemType>
      <ItemName>קוואקר קפטן קראנץ</ItemName>
      <ManufacturerName>BEVERAGES FOODS &amp; SE</ManufacturerName>
      <ManufactureCountry>ארצות הברית</ManufactureCountry>
      <ManufacturerItemDescription>קוואקר קפטן קראנץ בוטנים</ManufacturerItemDescription>
      <UnitQty>גרמים</UnitQty>
      <Quantity>355.00</Quantity>
      <UnitOfMeasure>100 גרם</UnitOfMeasure>
      <bIsWeighted>0</bIsWeighted>
      <QtyInPackage>1</QtyInPackage>
      <ItemPrice>23.50</ItemPrice>
      <UnitOfMeasurePrice>6.6197</UnitOfMeasurePrice>
      <AllowDiscount>1</AllowDiscount>
      <ItemStatus>1</ItemStatus>
      <ItemId>78005</ItemId>
    </Item>
    <Item>
      <PriceUpdateDate>2016-07-28 07:17:36</PriceUpdateDate>
      <ItemCode>7290013474384</ItemCode>
      <ItemType>1</ItemType>
      <ItemName>בייגלה דקים דקים</ItemName>
      <ManufacturerName>אתר בייגל - Food</ManufacturerName>
      <ManufactureCountry>ישראל</ManufactureCountry>
      <ManufacturerItemDescription>בייגלה דקים דקים שמנת בצל           300</ManufacturerItemDescription>
      <UnitQty>גרמים</UnitQty>
      <Quantity>300.00</Quantity>
      <UnitOfMeasure>100 גרם</UnitOfMeasure>
      <bIsWeighted>0</bIsWeighted>
      <QtyInPackage>1</QtyInPackage>
      <ItemPrice>11.90</ItemPrice>
      <UnitOfMeasurePrice>3.9667</UnitOfMeasurePrice>
      <AllowDiscount>1</AllowDiscount>
      <ItemStatus>1</ItemStatus>
      <ItemId>78012</ItemId>
    </Item>
    <Item>
      <PriceUpdateDate>2015-01-01 00:00:00</PriceUpdateDate>
      <ItemCode>7622300503079</ItemCode>
      <ItemType>1</ItemType>
      <ItemName>ביסקוויט מצופה שוק .</ItemName>
      <ManufacturerName>מונדלייז</ManufacturerName>
      <ManufactureCountry>פולין</ManufactureCountry>
      <ManufacturerItemDescription>ביסקוויט מצופה שוקולד חלב           200</ManufacturerItemDescription>
      <UnitQty>גרמים</UnitQty>
      <Quantity>200.00</Quantity>
      <UnitOfMeasure>100 גרם</UnitOfMeasure>
      <bIsWeighted>0</bIsWeighted>
      <QtyInPackage>1</QtyInPackage>
      <ItemPrice>15.90</ItemPrice>
      <UnitOfMeasurePrice>7.9500</UnitOfMeasurePrice>
      <AllowDiscount>1</AllowDiscount>
      <ItemStatus>1</ItemStatus>
      <ItemId>78056</ItemId>
    </Item>
    <Item>
      <PriceUpdateDate>2015-10-01 06:14:05</PriceUpdateDate>
      <ItemCode>7290004959043</ItemCode>
      <ItemType>1</ItemType>
      <ItemName>נייר סנדוויץ</ItemName>
      <ManufacturerName>שירי</ManufacturerName>
      <ManufactureCountry>ישראל</ManufactureCountry>
      <ManufacturerItemDescription>נייר סנדוויץ 100 דפים</ManufacturerItemDescription>
      <UnitQty>Unknown </UnitQty>
      <Quantity>0.00</Quantity>
      <UnitOfMeasure>Unknown </UnitOfMeasure>
      <bIsWeighted>0</bIsWeighted>
      <QtyInPackage>1</QtyInPackage>
      <ItemPrice>10.70</ItemPrice>
      <UnitOfMeasurePrice>0.0000</UnitOfMeasurePrice>
      <AllowDiscount>1</AllowDiscount>
      <ItemStatus>1</ItemStatus>
      <ItemId>78164</ItemId>
    </Item>
    <Item>
      <PriceUpdateDate>2015-10-02 09:08:57</PriceUpdateDate>
      <ItemCode>7290002929642</ItemCode>
      <ItemType>1</ItemType>
      <ItemName>טונה ויליגר בשמן140</ItemName>
      <ManufacturerName>יושלם</ManufacturerName>
      <ManufactureCountry>יושלם</ManufactureCountry>
      <ManufacturerItemDescription>טונה ויליגר בשמן 140 גרם 1\4</ManufacturerItemDescription>
      <UnitQty>גרמים</UnitQty>
      <Quantity>560.00</Quantity>
      <UnitOfMeasure>100 גרם</UnitOfMeasure>
      <bIsWeighted>0</bIsWeighted>
      <QtyInPackage>1</QtyInPackage>
      <ItemPrice>21.00</ItemPrice>
      <UnitOfMeasurePrice>3.7500</UnitOfMeasurePrice>
      <AllowDiscount>1</AllowDiscount>
      <ItemStatus>1</ItemStatus>
      <ItemId>97446</ItemId>
    </Item>
    <Item>
      <PriceUpdateDate>2015-01-01 00:00:00</PriceUpdateDate>
      <ItemCode>7290000327716</ItemCode>
      <ItemType>1</ItemType>
      <ItemName>סודה בטעם אננס</ItemName>
      <ManufacturerName>טמפו</ManufacturerName>
      <ManufactureCountry>ישראל</ManufactureCountry>
      <ManufacturerItemDescription>סודה בטעם אננס 1.5 ליטר</ManufacturerItemDescription>
      <UnitQty>ליטרים</UnitQty>
      <Quantity>1.50</Quantity>
      <UnitOfMeasure>ליטר</UnitOfMeasure>
      <bIsWeighted>0</bIsWeighted>
      <QtyInPackage>1</QtyInPackage>
      <ItemPrice>4.90</ItemPrice>
      <UnitOfMeasurePrice>3.2667</UnitOfMeasurePrice>
      <AllowDiscount>1</AllowDiscount>
      <ItemStatus>1</ItemStatus>
      <ItemId>95511</ItemId>
    </Item>
    <Item>
      <PriceUpdateDate>2015-10-01 06:16:12</PriceUpdateDate>
      <ItemCode>7290102394326</ItemCode>
      <ItemType>1</ItemType>
      <ItemName>גבינה בולגרית    5%</ItemName>
      <ManufacturerName>מחלבת משק צוריאל</ManufacturerName>
      <ManufactureCountry>ישראל</ManufactureCountry>
      <ManufacturerItemDescription>גבינה בולגרית 250 5% גר</ManufacturerItemDescription>
      <UnitQty>גרמים</UnitQty>
      <Quantity>250.00</Quantity>
      <UnitOfMeasure>100 גרם</UnitOfMeasure>
      <bIsWeighted>0</bIsWeighted>
      <QtyInPackage>1</QtyInPackage>
      <ItemPrice>16.20</ItemPrice>
      <UnitOfMeasurePrice>6.4800</UnitOfMeasurePrice>
      <AllowDiscount>1</AllowDiscount>
      <ItemStatus>1</ItemStatus>
      <ItemId>78180</ItemId>
    </Item>
    <Item>
      <PriceUpdateDate>2015-10-01 06:20:49</PriceUpdateDate>
      <ItemCode>5099864006711</ItemCode>
      <ItemType>1</ItemType>
      <ItemName>סימילאק אדבנס פלוס2</ItemName>
      <ManufacturerName>אבוט מעבדות רפואיות</ManufacturerName>
      <ManufactureCountry>ספרד</ManufactureCountry>
      <ManufacturerItemDescription>סימילאק אדבנס פלוס 900 2 גרם</ManufacturerItemDescription>
      <UnitQty>גרמים</UnitQty>
      <Quantity>900.00</Quantity>
      <UnitOfMeasure>100 גרם</UnitOfMeasure>
      <bIsWeighted>0</bIsWeighted>
      <QtyInPackage>1</QtyInPackage>
      <ItemPrice>81.90</ItemPrice>
      <UnitOfMeasurePrice>9.1000</UnitOfMeasurePrice>
      <AllowDiscount>1</AllowDiscount>
      <ItemStatus>1</ItemStatus>
      <ItemId>78213</ItemId>
    </Item>
    <Item>
      <PriceUpdateDate>2015-08-13 07:57:22</PriceUpdateDate>
      <ItemCode>5099864006728</ItemCode>
      <ItemType>1</ItemType>
      <ItemName>סימילאק אדבנס פלוס3</ItemName>
      <ManufacturerName>אבוט מעבדות רפואיות</ManufacturerName>
      <ManufactureCountry>ספרד</ManufactureCountry>
      <ManufacturerItemDescription>סימילאק אדבנס פלוס 900 3 גרם</ManufacturerItemDescription>
      <UnitQty>גרמים</UnitQty>
      <Quantity>900.00</Quantity>
      <UnitOfMeasure>100 גרם</UnitOfMeasure>
      <bIsWeighted>0</bIsWeighted>
      <QtyInPackage>1</QtyInPackage>
      <ItemPrice>82.70</ItemPrice>
      <UnitOfMeasurePrice>9.1889</UnitOfMeasurePrice>
      <AllowDiscount>1</AllowDiscount>
      <ItemStatus>1</ItemStatus>
      <ItemId>78214</ItemId>
    </Item>
    <Item>
      <PriceUpdateDate>2015-01-01 00:00:00</PriceUpdateDate>
      <ItemCode>7290003220595</ItemCode>
      <ItemType>1</ItemType>
      <ItemName>אורז לסושי 1WOK  ק"ג</ItemName>
      <ManufacturerName>מיה תעשיות מזון בע"מ</ManufacturerName>
      <ManufactureCountry>ישראל</ManufactureCountry>
      <ManufacturerItemDescription>אורז לסושי 1WOK  ק"ג</ManufacturerItemDescription>
      <UnitQty>קילוגרמים</UnitQty>
      <Quantity>1.00</Quantity>
      <UnitOfMeasure>ק"ג</UnitOfMeasure>
      <bIsWeighted>0</bIsWeighted>
      <QtyInPackage>1</QtyInPackage>
      <ItemPrice>16.40</ItemPrice>
      <UnitOfMeasurePrice>16.4000</UnitOfMeasurePrice>
      <AllowDiscount>1</AllowDiscount>
      <ItemStatus>1</ItemStatus>
      <ItemId>78240</ItemId>
    </Item>
    <Item>
      <PriceUpdateDate>2015-10-01 06:15:05</PriceUpdateDate>
      <ItemCode>4009300525042</ItemCode>
      <ItemType>1</ItemType>
      <ItemName>תה פומפדור שחור קלאס</ItemName>
      <ManufacturerName>יושלם</ManufacturerName>
      <ManufactureCountry>יושלם</ManufactureCountry>
      <ManufacturerItemDescription>תה פומפדור שחור קלאסי 100 שקיק</ManufacturerItemDescription>
      <UnitQty>גרמים</UnitQty>
      <Quantity>150.00</Quantity>
      <UnitOfMeasure>100 גרם</UnitOfMeasure>
      <bIsWeighted>0</bIsWeighted>
      <QtyInPackage>1</QtyInPackage>
      <ItemPrice>21.10</ItemPrice>
      <UnitOfMeasurePrice>14.0667</UnitOfMeasurePrice>
      <AllowDiscount>1</AllowDiscount>
      <ItemStatus>1</ItemStatus>
      <ItemId>78242</ItemId>
    </Item>
    <Item>
      <PriceUpdateDate>2015-10-01 06:14:05</PriceUpdateDate>
      <ItemCode>7290013055385</ItemCode>
      <ItemType>1</ItemType>
      <ItemName>ק.לחות לשיער מתולתל</ItemName>
      <ManufacturerName>יושלם</ManufacturerName>
      <ManufactureCountry>יושלם</ManufactureCountry>
      <ManufacturerItemDescription>קרם לחות לשיער מתולתל מגה           400</ManufacturerItemDescription>
      <UnitQty>מיליליטרים</UnitQty>
      <Quantity>400.00</Quantity>
      <UnitOfMeasure>100 מ"ל</UnitOfMeasure>
      <bIsWeighted>0</bIsWeighted>
      <QtyInPackage>1</QtyInPackage>
      <ItemPrice>9.80</ItemPrice>
      <UnitOfMeasurePrice>2.4500</UnitOfMeasurePrice>
      <AllowDiscount>1</AllowDiscount>
      <ItemStatus>1</ItemStatus>
      <ItemId>78264</ItemId>
    </Item>
    <Item>
      <PriceUpdateDate>2016-06-07 08:18:53</PriceUpdateDate>
      <ItemCode>7290101866633</ItemCode>
      <ItemType>1</ItemType>
      <ItemName>קליה וניש ג"ל 3 ליטר</ItemName>
      <ManufacturerName>קליה</ManufacturerName>
      <ManufactureCountry>לא ידוע</ManufactureCountry>
      <ManufacturerItemDescription>קליה וניש ג"ל 3 ליטר</ManufacturerItemDescription>
      <UnitQty>ליטרים</UnitQty>
      <Quantity>3.00</Quantity>
      <UnitOfMeasure>ליטר</UnitOfMeasure>
      <bIsWeighted>0</bIsWeighted>
      <QtyInPackage>1</QtyInPackage>
      <ItemPrice>36.30</ItemPrice>
      <UnitOfMeasurePrice>12.1000</UnitOfMeasurePrice>
      <AllowDiscount>1</AllowDiscount>
      <ItemStatus>1</ItemStatus>
      <ItemId>78477</ItemId>
    </Item>
    <Item>
      <PriceUpdateDate>2015-10-01 06:18:41</PriceUpdateDate>
      <ItemCode>7290000056906</ItemCode>
      <ItemType>1</ItemType>
      <ItemName>מאגדת יופלה לבן 1.5%</ItemName>
      <ManufacturerName>תנובה מרכז שיתופי לש</ManufacturerName>
      <ManufactureCountry>ישראל</ManufactureCountry>
      <ManufacturerItemDescription>מאגדת יופלה לבן 1.5% שמינייה</ManufacturerItemDescription>
      <UnitQty>קילוגרמים</UnitQty>
      <Quantity>1.20</Quantity>
      <UnitOfMeasure>ק"ג</UnitOfMeasure>
      <bIsWeighted>0</bIsWeighted>
      <QtyInPackage>8</QtyInPackage>
      <ItemPrice>18.50</ItemPrice>
      <UnitOfMeasurePrice>15.4167</UnitOfMeasurePrice>
      <AllowDiscount>1</AllowDiscount>
      <ItemStatus>1</ItemStatus>
      <ItemId>78679</ItemId>
    </Item>
    <Item>
      <PriceUpdateDate>2015-10-01 06:17:40</PriceUpdateDate>
      <ItemCode>7290013056566</ItemCode>
      <ItemType>1</ItemType>
      <ItemName>להבונים 50 יח</ItemName>
      <ManufacturerName>פאלאס</ManufacturerName>
      <ManufactureCountry>ישראל</ManufactureCountry>
      <ManufacturerItemDescription>להבונים 50 יח</ManufacturerItemDescription>
      <UnitQty>Unknown </UnitQty>
      <Quantity>0.00</Quantity>
      <UnitOfMeasure>Unknown </UnitOfMeasure>
      <bIsWeighted>0</bIsWeighted>
      <QtyInPackage>1</QtyInPackage>
      <ItemPrice>10.60</ItemPrice>
      <UnitOfMeasurePrice>0.0000</UnitOfMeasurePrice>
      <AllowDiscount>1</AllowDiscount>
      <ItemStatus>1</ItemStatus>
      <ItemId>78880</ItemId>
    </Item>
    <Item>
      <PriceUpdateDate>2015-10-01 06:14:04</PriceUpdateDate>
      <ItemCode>7290013946010</ItemCode>
      <ItemType>1</ItemType>
      <ItemName>מטהר אויר מבשם נטול</ItemName>
      <ManufacturerName>סאסא טק</ManufacturerName>
      <ManufactureCountry>ישראל</ManufactureCountry>
      <ManufacturerItemDescription>מטהר אויר מגה נטול גז תה ירוק</ManufacturerItemDescription>
      <UnitQty>מיליליטרים</UnitQty>
      <Quantity>400.00</Quantity>
      <UnitOfMeasure>100 מ"ל</UnitOfMeasure>
      <bIsWeighted>0</bIsWeighted>
      <QtyInPackage>1</QtyInPackage>
      <ItemPrice>14.80</ItemPrice>
      <UnitOfMeasurePrice>3.7000</UnitOfMeasurePrice>
      <AllowDiscount>1</AllowDiscount>
      <ItemStatus>1</ItemStatus>
      <ItemId>79036</ItemId>
    </Item>
    <Item>
      <PriceUpdateDate>2015-01-01 00:00:00</PriceUpdateDate>
      <ItemCode>7290000074481</ItemCode>
      <ItemType>1</ItemType>
      <ItemName>לחמית אגוזים</ItemName>
      <ManufacturerName>אסם</ManufacturerName>
      <ManufactureCountry>ישראל</ManufactureCountry>
      <ManufacturerItemDescription>לחמית אגוזים 160 גר</ManufacturerItemDescription>
      <UnitQty>גרמים</UnitQty>
      <Quantity>160.00</Quantity>
      <UnitOfMeasure>100 גרם</UnitOfMeasure>
      <bIsWeighted>0</bIsWeighted>
      <QtyInPackage>1</QtyInPackage>
      <ItemPrice>10.80</ItemPrice>
      <UnitOfMeasurePrice>6.7500</UnitOfMeasurePrice>
      <AllowDiscount>1</AllowDiscount>
      <ItemStatus>1</ItemStatus>
      <ItemId>79076</ItemId>
    </Item>
    <Item>
      <PriceUpdateDate>2015-12-01 08:20:09</PriceUpdateDate>
      <ItemCode>7290101866787</ItemCode>
      <ItemType>1</ItemType>
      <ItemName>קליה וניש לכביסה לבנ</ItemName>
      <ManufacturerName>קליה</ManufacturerName>
      <ManufactureCountry>לא ידוע</ManufactureCountry>
      <ManufacturerItemDescription>קליה וניש לכביסה לבנה ג"ל 3 לי</ManufacturerItemDescription>
      <UnitQty>ליטרים</UnitQty>
      <Quantity>3.00</Quantity>
      <UnitOfMeasure>ליטר</UnitOfMeasure>
      <bIsWeighted>0</bIsWeighted>
      <QtyInPackage>1</QtyInPackage>
      <ItemPrice>36.90</ItemPrice>
      <UnitOfMeasurePrice>12.3000</UnitOfMeasurePrice>
      <AllowDiscount>1</AllowDiscount>
      <ItemStatus>1</ItemStatus>
      <ItemId>79119</ItemId>
    </Item>
    <Item>
      <PriceUpdateDate>2015-01-01 00:00:00</PriceUpdateDate>
      <ItemCode>7290006785633</ItemCode>
      <ItemType>1</ItemType>
      <ItemName>שקית 10 בלונים מיטלי</ItemName>
      <ManufacturerName>גמר</ManufacturerName>
      <ManufactureCountry>איטליה</ManufactureCountry>
      <ManufacturerItemDescription>בלונים 10 מיטלי</ManufacturerItemDescription>
      <UnitQty>Unknown </UnitQty>
      <Quantity>0.00</Quantity>
      <UnitOfMeasure>Unknown </UnitOfMeasure>
      <bIsWeighted>0</bIsWeighted>
      <QtyInPackage>1</QtyInPackage>
      <ItemPrice>7.90</ItemPrice>
      <UnitOfMeasurePrice>0.0000</UnitOfMeasurePrice>
      <AllowDiscount>1</AllowDiscount>
      <ItemStatus>1</ItemStatus>
      <ItemId>79383</ItemId>
    </Item>
    <Item>
      <PriceUpdateDate>2015-10-01 06:15:05</PriceUpdateDate>
      <ItemCode>6001067024446</ItemCode>
      <ItemType>1</ItemType>
      <ItemName>מב.שיניים אקסטרה</ItemName>
      <ManufacturerName>COLGATE ($) -PALMOLI</ManufacturerName>
      <ManufactureCountry>וייטנאם</ManufactureCountry>
      <ManufacturerItemDescription>קולגייט מברשת שיניים אקסטרה קל</ManufacturerItemDescription>
      <UnitQty>Unknown </UnitQty>
      <Quantity>0.00</Quantity>
      <UnitOfMeasure>Unknown </UnitOfMeasure>
      <bIsWeighted>0</bIsWeighted>
      <QtyInPackage>1</QtyInPackage>
      <ItemPrice>18.10</ItemPrice>
      <UnitOfMeasurePrice>0.0000</UnitOfMeasurePrice>
      <AllowDiscount>1</AllowDiscount>
      <ItemStatus>1</ItemStatus>
      <ItemId>79439</ItemId>
    </Item>
    <Item>
      <PriceUpdateDate>2015-10-01 06:18:41</PriceUpdateDate>
      <ItemCode>7290000056272</ItemCode>
      <ItemType>1</ItemType>
      <ItemName>גבינה לבנה 5% זיתים</ItemName>
      <ManufacturerName>תנובה מרכז שיתופי לש</ManufacturerName>
      <ManufactureCountry>ישראל</ManufactureCountry>
      <ManufacturerItemDescription>גבינה לבנה 5% זיתים 250 גר</ManufacturerItemDescription>
      <UnitQty>גרמים</UnitQty>
      <Quantity>250.00</Quantity>
      <UnitOfMeasure>100 גרם</UnitOfMeasure>
      <bIsWeighted>0</bIsWeighted>
      <QtyInPackage>1</QtyInPackage>
      <ItemPrice>5.60</ItemPrice>
      <UnitOfMeasurePrice>2.2400</UnitOfMeasurePrice>
      <AllowDiscount>1</AllowDiscount>
      <ItemStatus>1</ItemStatus>
      <ItemId>79551</ItemId>
    </Item>
    <Item>
      <PriceUpdateDate>2015-10-01 06:13:42</PriceUpdateDate>
      <ItemCode>7290000165073</ItemCode>
      <ItemType>1</ItemType>
      <ItemName>סיף קרם לימון לניקוי</ItemName>
      <ManufacturerName>יונילוור - תורכיה</ManufacturerName>
      <ManufactureCountry>טורקיה</ManufactureCountry>
      <ManufacturerItemDescription>סיף קרם לימון לניקוי כללי           500</ManufacturerItemDescription>
      <UnitQty>מיליליטרים</UnitQty>
      <Quantity>500.00</Quantity>
      <UnitOfMeasure>100 מ"ל</UnitOfMeasure>
      <bIsWeighted>0</bIsWeighted>
      <QtyInPackage>1</QtyInPackage>
      <ItemPrice>14.80</ItemPrice>
      <UnitOfMeasurePrice>2.9600</UnitOfMeasurePrice>
      <AllowDiscount>1</AllowDiscount>
      <ItemStatus>1</ItemStatus>
      <ItemId>79624</ItemId>
    </Item>
    <Item>
      <PriceUpdateDate>2015-10-01 06:13:22</PriceUpdateDate>
      <ItemCode>7290105364944</ItemCode>
      <ItemType>1</ItemType>
      <ItemName>חציל עם שמן זית ומלח</ItemName>
      <ManufacturerName>שטראוס גרופ</ManufacturerName>
      <ManufactureCountry>ישראל</ManufactureCountry>
      <ManufacturerItemDescription>חציל עם שמן זית ומלח-ים 400 גר</ManufacturerItemDescription>
      <UnitQty>גרמים</UnitQty>
      <Quantity>400.00</Quantity>
      <UnitOfMeasure>100 גרם</UnitOfMeasure>
      <bIsWeighted>0</bIsWeighted>
      <QtyInPackage>1</QtyInPackage>
      <ItemPrice>15.50</ItemPrice>
      <UnitOfMeasurePrice>3.8750</UnitOfMeasurePrice>
      <AllowDiscount>1</AllowDiscount>
      <ItemStatus>1</ItemStatus>
      <ItemId>79643</ItemId>
    </Item>
    <Item>
      <PriceUpdateDate>2015-10-01 06:15:11</PriceUpdateDate>
      <ItemCode>7290013267726</ItemCode>
      <ItemType>1</ItemType>
      <ItemName>שלגון מגנום דאבל</ItemName>
      <ManufacturerName>שטראוס גלידות</ManufacturerName>
      <ManufactureCountry>ישראל</ManufactureCountry>
      <ManufacturerItemDescription>שלגון מגנום דאבל שוקולד</ManufacturerItemDescription>
      <UnitQty>גרמים</UnitQty>
      <Quantity>90.00</Quantity>
      <UnitOfMeasure>100 גרם</UnitOfMeasure>
      <bIsWeighted>0</bIsWeighted>
      <QtyInPackage>1</QtyInPackage>
      <ItemPrice>11.80</ItemPrice>
      <UnitOfMeasurePrice>13.1111</UnitOfMeasurePrice>
      <AllowDiscount>1</AllowDiscount>
      <ItemStatus>1</ItemStatus>
      <ItemId>79715</ItemId>
    </Item>
    <Item>
      <PriceUpdateDate>2015-01-01 00:00:00</PriceUpdateDate>
      <ItemCode>7290104008962</ItemCode>
      <ItemType>1</ItemType>
      <ItemName>פטריות שמפיניון שלם</ItemName>
      <ManufacturerName>מישקובייץ פאצב</ManufacturerName>
      <ManufactureCountry>פולין</ManufactureCountry>
      <ManufacturerItemDescription>פטריות שמפיניון שלמות מגה 400ג</ManufacturerItemDescription>
      <UnitQty>גרמים</UnitQty>
      <Quantity>400.00</Quantity>
      <UnitOfMeasure>100 גרם</UnitOfMeasure>
      <bIsWeighted>0</bIsWeighted>
      <QtyInPackage>1</QtyInPackage>
      <ItemPrice>7.50</ItemPrice>
      <UnitOfMeasurePrice>1.8750</UnitOfMeasurePrice>
      <AllowDiscount>1</AllowDiscount>
      <ItemStatus>1</ItemStatus>
      <ItemId>79820</ItemId>
    </Item>
    <Item>
      <PriceUpdateDate>2015-01-01 00:00:00</PriceUpdateDate>
      <ItemCode>7290000151281</ItemCode>
      <ItemType>1</ItemType>
      <ItemName>פסטרמה ברביקיו דל 30</ItemName>
      <ManufacturerName>עוף טוב</ManufacturerName>
      <ManufactureCountry>לא ידוע</ManufactureCountry>
      <ManufacturerItemDescription>פסטרמה ברביקיו דל 300 גר</ManufacturerItemDescription>
      <UnitQty>גרמים</UnitQty>
      <Quantity>300.00</Quantity>
      <UnitOfMeasure>100 גרם</UnitOfMeasure>
      <bIsWeighted>0</bIsWeighted>
      <QtyInPackage>1</QtyInPackage>
      <ItemPrice>29.30</ItemPrice>
      <UnitOfMeasurePrice>9.7667</UnitOfMeasurePrice>
      <AllowDiscount>1</AllowDiscount>
      <ItemStatus>1</ItemStatus>
      <ItemId>79881</ItemId>
    </Item>
    <Item>
      <PriceUpdateDate>2015-01-01 00:00:00</PriceUpdateDate>
      <ItemCode>7290000151601</ItemCode>
      <ItemType>1</ItemType>
      <ItemName>פסטרמה בדבש טהור דל</ItemName>
      <ManufacturerName>עוף טוב</ManufacturerName>
      <ManufactureCountry>לא ידוע</ManufactureCountry>
      <ManufacturerItemDescription>פסטרמה בדבש טהור דל 300 גר</ManufacturerItemDescription>
      <UnitQty>גרמים</UnitQty>
      <Quantity>300.00</Quantity>
      <UnitOfMeasure>100 גרם</UnitOfMeasure>
      <bIsWeighted>0</bIsWeighted>
      <QtyInPackage>1</QtyInPackage>
      <ItemPrice>29.30</ItemPrice>
      <UnitOfMeasurePrice>9.7667</UnitOfMeasurePrice>
      <AllowDiscount>1</AllowDiscount>
      <ItemStatus>1</ItemStatus>
      <ItemId>79882</ItemId>
    </Item>
    <Item>
      <PriceUpdateDate>2015-10-01 06:13:23</PriceUpdateDate>
      <ItemCode>7290105369147</ItemCode>
      <ItemType>1</ItemType>
      <ItemName>ש .ספלנדיד פרות יער</ItemName>
      <ManufacturerName>שטראוס גרופ</ManufacturerName>
      <ManufactureCountry>ישראל</ManufactureCountry>
      <ManufacturerItemDescription>שוקולד ספלנדיד פרות יער 100 גר</ManufacturerItemDescription>
      <UnitQty>Unknown </UnitQty>
      <Quantity>0.00</Quantity>
      <UnitOfMeasure>Unknown </UnitOfMeasure>
      <bIsWeighted>0</bIsWeighted>
      <QtyInPackage>1</QtyInPackage>
      <ItemPrice>11.60</ItemPrice>
      <UnitOfMeasurePrice>0.0000</UnitOfMeasurePrice>
      <AllowDiscount>1</AllowDiscount>
      <ItemStatus>1</ItemStatus>
      <ItemId>80001</ItemId>
    </Item>
    <Item>
      <PriceUpdateDate>2015-10-01 06:13:23</PriceUpdateDate>
      <ItemCode>38527591053</ItemCode>
      <ItemType>1</ItemType>
      <ItemName>קוואקר מרובעים קינמו</ItemName>
      <ManufacturerName>BEVERAGES FOODS &amp; SE</ManufacturerName>
      <ManufactureCountry>ארצות הברית</ManufactureCountry>
      <ManufacturerItemDescription>קוואקר מרובעים קינמון</ManufacturerItemDescription>
      <UnitQty>גרמים</UnitQty>
      <Quantity>411.00</Quantity>
      <UnitOfMeasure>100 גרם</UnitOfMeasure>
      <bIsWeighted>0</bIsWeighted>
      <QtyInPackage>1</QtyInPackage>
      <ItemPrice>22.50</ItemPrice>
      <UnitOfMeasurePrice>5.4745</UnitOfMeasurePrice>
      <AllowDiscount>1</AllowDiscount>
      <ItemStatus>1</ItemStatus>
      <ItemId>80099</ItemId>
    </Item>
    <Item>
      <PriceUpdateDate>2015-11-11 07:49:05</PriceUpdateDate>
      <ItemCode>7290100701331</ItemCode>
      <ItemType>1</ItemType>
      <ItemName>קמח רב תכליתי</ItemName>
      <ManufacturerName>סוגת</ManufacturerName>
      <ManufactureCountry>לא ידוע</ManufactureCountry>
      <ManufacturerItemDescription>קמח רב תכליתי 1 ק"ג</ManufacturerItemDescription>
      <UnitQty>קילוגרמים</UnitQty>
      <Quantity>1.00</Quantity>
      <UnitOfMeasure>ק"ג</UnitOfMeasure>
      <bIsWeighted>0</bIsWeighted>
      <QtyInPackage>1</QtyInPackage>
      <ItemPrice>6.90</ItemPrice>
      <UnitOfMeasurePrice>6.9000</UnitOfMeasurePrice>
      <AllowDiscount>1</AllowDiscount>
      <ItemStatus>1</ItemStatus>
      <ItemId>80335</ItemId>
    </Item>
    <Item>
      <PriceUpdateDate>2015-10-01 06:18:41</PriceUpdateDate>
      <ItemCode>7290000057088</ItemCode>
      <ItemType>1</ItemType>
      <ItemName>גבינה עמק דק 200 גרם</ItemName>
      <ManufacturerName>תנובה מרכז שיתופי לש</ManufacturerName>
      <ManufactureCountry>ישראל</ManufactureCountry>
      <ManufacturerItemDescription>גבינה עמק דק 200 גרם</ManufacturerItemDescription>
      <UnitQty>גרמים</UnitQty>
      <Quantity>200.00</Quantity>
      <UnitOfMeasure>100 גרם</UnitOfMeasure>
      <bIsWeighted>0</bIsWeighted>
      <QtyInPackage>1</QtyInPackage>
      <ItemPrice>15.70</ItemPrice>
      <UnitOfMeasurePrice>7.8500</UnitOfMeasurePrice>
      <AllowDiscount>1</AllowDiscount>
      <ItemStatus>1</ItemStatus>
      <ItemId>80412</ItemId>
    </Item>
    <Item>
      <PriceUpdateDate>2015-01-01 00:00:00</PriceUpdateDate>
      <ItemCode>7290000057132</ItemCode>
      <ItemType>1</ItemType>
      <ItemName>יוגורט ביו תנובה 1.5</ItemName>
      <ManufacturerName>תנובה מרכז שיתופי לש</ManufacturerName>
      <ManufactureCountry>לא ידוע</ManufactureCountry>
      <ManufacturerItemDescription>יוגורט תנובה                       1.5%</ManufacturerItemDescription>
      <UnitQty>מיליליטרים</UnitQty>
      <Quantity>200.00</Quantity>
      <UnitOfMeasure>100 מ"ל</UnitOfMeasure>
      <bIsWeighted>0</bIsWeighted>
      <QtyInPackage>1</QtyInPackage>
      <ItemPrice>3.20</ItemPrice>
      <UnitOfMeasurePrice>1.6000</UnitOfMeasurePrice>
      <AllowDiscount>1</AllowDiscount>
      <ItemStatus>1</ItemStatus>
      <ItemId>80413</ItemId>
    </Item>
    <Item>
      <PriceUpdateDate>2015-07-30 07:04:12</PriceUpdateDate>
      <ItemCode>7290000057149</ItemCode>
      <ItemType>1</ItemType>
      <ItemName>יוגורט תנובה     3%</ItemName>
      <ManufacturerName>תנובה מרכז שיתופי לש</ManufacturerName>
      <ManufactureCountry>ישראל</ManufactureCountry>
      <ManufacturerItemDescription>יוגורט תנובה 200 גרם                 3%</ManufacturerItemDescription>
      <UnitQty>גרמים</UnitQty>
      <Quantity>200.00</Quantity>
      <UnitOfMeasure>100 גרם</UnitOfMeasure>
      <bIsWeighted>0</bIsWeighted>
      <QtyInPackage>1</QtyInPackage>
      <ItemPrice>3.20</ItemPrice>
      <UnitOfMeasurePrice>1.6000</UnitOfMeasurePrice>
      <AllowDiscount>1</AllowDiscount>
      <ItemStatus>1</ItemStatus>
      <ItemId>80414</ItemId>
    </Item>
    <Item>
      <PriceUpdateDate>2015-01-01 00:00:00</PriceUpdateDate>
      <ItemCode>7290107601399</ItemCode>
      <ItemType>1</ItemType>
      <ItemName>כובע סרוג פסים רחבים</ItemName>
      <ManufacturerName>אודס</ManufacturerName>
      <ManufactureCountry>סין</ManufactureCountry>
      <ManufacturerItemDescription>כובע סרוג פסים רחבים</ManufacturerItemDescription>
      <UnitQty>Unknown </UnitQty>
      <Quantity>0.00</Quantity>
      <UnitOfMeasure>Unknown </UnitOfMeasure>
      <bIsWeighted>0</bIsWeighted>
      <QtyInPackage>1</QtyInPackage>
      <ItemPrice>24.90</ItemPrice>
      <UnitOfMeasurePrice>0.0000</UnitOfMeasurePrice>
      <AllowDiscount>1</AllowDiscount>
      <ItemStatus>1</ItemStatus>
      <ItemId>99042</ItemId>
    </Item>
    <Item>
      <PriceUpdateDate>2015-01-01 00:00:00</PriceUpdateDate>
      <ItemCode>7290000169538</ItemCode>
      <ItemType>1</ItemType>
      <ItemName>מרק נמס בכוס עגבניות</ItemName>
      <ManufacturerName>אתר חיפה אבקות - Foo</ManufacturerName>
      <ManufactureCountry>ישראל</ManufactureCountry>
      <ManufacturerItemDescription>מרק נמס בכוס עגבניות קרוטונים</ManufacturerItemDescription>
      <UnitQty>גרמים</UnitQty>
      <Quantity>62.00</Quantity>
      <UnitOfMeasure>100 גרם</UnitOfMeasure>
      <bIsWeighted>0</bIsWeighted>
      <QtyInPackage>1</QtyInPackage>
      <ItemPrice>7.80</ItemPrice>
      <UnitOfMeasurePrice>12.5806</UnitOfMeasurePrice>
      <AllowDiscount>1</AllowDiscount>
      <ItemStatus>1</ItemStatus>
      <ItemId>92363</ItemId>
    </Item>
    <Item>
      <PriceUpdateDate>2016-02-24 08:18:28</PriceUpdateDate>
      <ItemCode>5013965747656</ItemCode>
      <ItemType>1</ItemType>
      <ItemName>מרכך נוסחה קלאסית</ItemName>
      <ManufacturerName>פרוקטר אנד גמבל</ManufacturerName>
      <ManufactureCountry>צרפת</ManufactureCountry>
      <ManufacturerItemDescription>הד&amp;שולדרס מרכך נוסחה קלאסית          400</ManufacturerItemDescription>
      <UnitQty>מיליליטרים</UnitQty>
      <Quantity>400.00</Quantity>
      <UnitOfMeasure>100 מ"ל</UnitOfMeasure>
      <bIsWeighted>0</bIsWeighted>
      <QtyInPackage>1</QtyInPackage>
      <ItemPrice>26.10</ItemPrice>
      <UnitOfMeasurePrice>6.5250</UnitOfMeasurePrice>
      <AllowDiscount>1</AllowDiscount>
      <ItemStatus>1</ItemStatus>
      <ItemId>80509</ItemId>
    </Item>
    <Item>
      <PriceUpdateDate>2015-10-01 06:16:48</PriceUpdateDate>
      <ItemCode>3059944021609</ItemCode>
      <ItemType>1</ItemType>
      <ItemName>ויט שעווה אזור הפנים</ItemName>
      <ManufacturerName>ויט</ManufacturerName>
      <ManufactureCountry>יושלם</ManufactureCountry>
      <ManufacturerItemDescription>ויט שעווה לאזור הפנים</ManufacturerItemDescription>
      <UnitQty>Unknown </UnitQty>
      <Quantity>0.00</Quantity>
      <UnitOfMeasure>Unknown </UnitOfMeasure>
      <bIsWeighted>0</bIsWeighted>
      <QtyInPackage>1</QtyInPackage>
      <ItemPrice>39.60</ItemPrice>
      <UnitOfMeasurePrice>0.0000</UnitOfMeasurePrice>
      <AllowDiscount>1</AllowDiscount>
      <ItemStatus>1</ItemStatus>
      <ItemId>80519</ItemId>
    </Item>
    <Item>
      <PriceUpdateDate>2016-02-16 09:25:33</PriceUpdateDate>
      <ItemCode>7290000057118</ItemCode>
      <ItemType>1</ItemType>
      <ItemName>גבינה צהובה עמק קלאס</ItemName>
      <ManufacturerName>תנובה מרכז שיתופי לש</ManufacturerName>
      <ManufactureCountry>לא ידוע</ManufactureCountry>
      <ManufacturerItemDescription>עמק קלאסית מהמעדניה 400גרם</ManufacturerItemDescription>
      <UnitQty>גרמים</UnitQty>
      <Quantity>400.00</Quantity>
      <UnitOfMeasure>100 גרם</UnitOfMeasure>
      <bIsWeighted>0</bIsWeighted>
      <QtyInPackage>1</QtyInPackage>
      <ItemPrice>22.50</ItemPrice>
      <UnitOfMeasurePrice>5.6250</UnitOfMeasurePrice>
      <AllowDiscount>1</AllowDiscount>
      <ItemStatus>1</ItemStatus>
      <ItemId>80524</ItemId>
    </Item>
    <Item>
      <PriceUpdateDate>2016-03-23 06:56:16</PriceUpdateDate>
      <ItemCode>7290105692474</ItemCode>
      <ItemType>1</ItemType>
      <ItemName>עוגת הבית בראוניס</ItemName>
      <ManufacturerName>אסם</ManufacturerName>
      <ManufactureCountry>ישראל</ManufactureCountry>
      <ManufacturerItemDescription>עוגת הבית בראוניס קוקוס כשל"פ</ManufacturerItemDescription>
      <UnitQty>גרמים</UnitQty>
      <Quantity>430.00</Quantity>
      <UnitOfMeasure>100 גרם</UnitOfMeasure>
      <bIsWeighted>0</bIsWeighted>
      <QtyInPackage>1</QtyInPackage>
      <ItemPrice>19.90</ItemPrice>
      <UnitOfMeasurePrice>4.6279</UnitOfMeasurePrice>
      <AllowDiscount>1</AllowDiscount>
      <ItemStatus>1</ItemStatus>
      <ItemId>80536</ItemId>
    </Item>
    <Item>
      <PriceUpdateDate>2016-02-24 08:18:28</PriceUpdateDate>
      <ItemCode>5013965747687</ItemCode>
      <ItemType>1</ItemType>
      <ItemName>מרכך מגע משי קטיפתי</ItemName>
      <ManufacturerName>פרוקטר אנד גמבל</ManufacturerName>
      <ManufactureCountry>לא ידוע</ManufactureCountry>
      <ManufacturerItemDescription>הד&amp;שולדרס מרכך מגע משי קטיפתי</ManufacturerItemDescription>
      <UnitQty>מיליליטרים</UnitQty>
      <Quantity>400.00</Quantity>
      <UnitOfMeasure>100 מ"ל</UnitOfMeasure>
      <bIsWeighted>0</bIsWeighted>
      <QtyInPackage>1</QtyInPackage>
      <ItemPrice>26.10</ItemPrice>
      <UnitOfMeasurePrice>6.5250</UnitOfMeasurePrice>
      <AllowDiscount>1</AllowDiscount>
      <ItemStatus>1</ItemStatus>
      <ItemId>80592</ItemId>
    </Item>
    <Item>
      <PriceUpdateDate>2016-04-14 07:35:07</PriceUpdateDate>
      <ItemCode>42247821</ItemCode>
      <ItemType>1</ItemType>
      <ItemName>מסטיק FIVE  אסנשיאל</ItemName>
      <ManufacturerName>ריגלי</ManufacturerName>
      <ManufactureCountry>צרפת</ManufactureCountry>
      <ManufacturerItemDescription>מסטיק פייב אסנשיאל מנטה</ManufacturerItemDescription>
      <UnitQty>גרמים</UnitQty>
      <Quantity>31.00</Quantity>
      <UnitOfMeasure>100 גרם</UnitOfMeasure>
      <bIsWeighted>0</bIsWeighted>
      <QtyInPackage>1</QtyInPackage>
      <ItemPrice>4.90</ItemPrice>
      <UnitOfMeasurePrice>15.8065</UnitOfMeasurePrice>
      <AllowDiscount>1</AllowDiscount>
      <ItemStatus>1</ItemStatus>
      <ItemId>98331</ItemId>
    </Item>
    <Item>
      <PriceUpdateDate>2016-02-18 13:39:55</PriceUpdateDate>
      <ItemCode>7290015597418</ItemCode>
      <ItemType>1</ItemType>
      <ItemName>טילון קליק  בטעם וני</ItemName>
      <ManufacturerName>שטראוס גלידות</ManufacturerName>
      <ManufactureCountry>ישראל</ManufactureCountry>
      <ManufacturerItemDescription>טילון קליק  בטעם וניל</ManufacturerItemDescription>
      <UnitQty>גרמים</UnitQty>
      <Quantity>70.00</Quantity>
      <UnitOfMeasure>100 גרם</UnitOfMeasure>
      <bIsWeighted>0</bIsWeighted>
      <QtyInPackage>1</QtyInPackage>
      <ItemPrice>6.80</ItemPrice>
      <UnitOfMeasurePrice>9.7143</UnitOfMeasurePrice>
      <AllowDiscount>1</AllowDiscount>
      <ItemStatus>1</ItemStatus>
      <ItemId>108312</ItemId>
    </Item>
    <Item>
      <PriceUpdateDate>2015-10-01 06:14:44</PriceUpdateDate>
      <ItemCode>7290104960970</ItemCode>
      <ItemType>1</ItemType>
      <ItemName>דאו ספריי טיטניום</ItemName>
      <ManufacturerName>אמיליה קוסמטיקס</ManufacturerName>
      <ManufactureCountry>ישראל</ManufactureCountry>
      <ManufacturerItemDescription>דאו ספריי טיטניום מטאל לגבר          180</ManufacturerItemDescription>
      <UnitQty>מיליליטרים</UnitQty>
      <Quantity>180.00</Quantity>
      <UnitOfMeasure>100 מ"ל</UnitOfMeasure>
      <bIsWeighted>0</bIsWeighted>
      <QtyInPackage>1</QtyInPackage>
      <ItemPrice>21.70</ItemPrice>
      <UnitOfMeasurePrice>12.0556</UnitOfMeasurePrice>
      <AllowDiscount>1</AllowDiscount>
      <ItemStatus>1</ItemStatus>
      <ItemId>80668</ItemId>
    </Item>
    <Item>
      <PriceUpdateDate>2016-02-11 11:19:45</PriceUpdateDate>
      <ItemCode>7290000056845</ItemCode>
      <ItemType>1</ItemType>
      <ItemName>חלב טרי          3%</ItemName>
      <ManufacturerName>תנובה מרכז שיתופי לש</ManufacturerName>
      <ManufactureCountry>ישראל</ManufactureCountry>
      <ManufacturerItemDescription>חלב 1.5 3% ליטר קרטו פיקוח</ManufacturerItemDescription>
      <UnitQty>ליטרים</UnitQty>
      <Quantity>1.50</Quantity>
      <UnitOfMeasure>ליטר</UnitOfMeasure>
      <bIsWeighted>0</bIsWeighted>
      <QtyInPackage>1</QtyInPackage>
      <ItemPrice>8.60</ItemPrice>
      <UnitOfMeasurePrice>5.7333</UnitOfMeasurePrice>
      <AllowDiscount>1</AllowDiscount>
      <ItemStatus>1</ItemStatus>
      <ItemId>80680</ItemId>
    </Item>
    <Item>
      <PriceUpdateDate>2015-10-01 06:13:23</PriceUpdateDate>
      <ItemCode>38527591060</ItemCode>
      <ItemType>1</ItemType>
      <ItemName>קוואקר מרובעים</ItemName>
      <ManufacturerName>BEVERAGES FOODS &amp; SE</ManufacturerName>
      <ManufactureCountry>ארצות הברית</ManufactureCountry>
      <ManufacturerItemDescription>קוואקר מרובעים סוכר חום</ManufacturerItemDescription>
      <UnitQty>גרמים</UnitQty>
      <Quantity>411.00</Quantity>
      <UnitOfMeasure>100 גרם</UnitOfMeasure>
      <bIsWeighted>0</bIsWeighted>
      <QtyInPackage>1</QtyInPackage>
      <ItemPrice>22.50</ItemPrice>
      <UnitOfMeasurePrice>5.4745</UnitOfMeasurePrice>
      <AllowDiscount>1</AllowDiscount>
      <ItemStatus>1</ItemStatus>
      <ItemId>80712</ItemId>
    </Item>
    <Item>
      <PriceUpdateDate>2015-11-13 08:46:59</PriceUpdateDate>
      <ItemCode>7290001710548</ItemCode>
      <ItemType>1</ItemType>
      <ItemName>כנפיים עוף קפוא</ItemName>
      <ManufacturerName>לאטי עזרא</ManufacturerName>
      <ManufactureCountry>ישראל</ManufactureCountry>
      <ManufacturerItemDescription>כנפיים עוף קפוא</ManufacturerItemDescription>
      <UnitQty>קילוגרמים</UnitQty>
      <Quantity>1.00</Quantity>
      <UnitOfMeasure>ק"ג</UnitOfMeasure>
      <bIsWeighted>1</bIsWeighted>
      <QtyInPackage>לא ידוע</QtyInPackage>
      <ItemPrice>12.90</ItemPrice>
      <UnitOfMeasurePrice>12.9000</UnitOfMeasurePrice>
      <AllowDiscount>1</AllowDiscount>
      <ItemStatus>1</ItemStatus>
      <ItemId>81004</ItemId>
    </Item>
    <Item>
      <PriceUpdateDate>2015-10-25 08:43:17</PriceUpdateDate>
      <ItemCode>7290002461180</ItemCode>
      <ItemType>1</ItemType>
      <ItemName>כרעיים עוף ארוז</ItemName>
      <ManufacturerName>מעדני הטלה והעגל</ManufacturerName>
      <ManufactureCountry>ישראל</ManufactureCountry>
      <ManufacturerItemDescription>כרעיים עוף ארוז</ManufacturerItemDescription>
      <UnitQty>קילוגרמים</UnitQty>
      <Quantity>1.00</Quantity>
      <UnitOfMeasure>ק"ג</UnitOfMeasure>
      <bIsWeighted>1</bIsWeighted>
      <QtyInPackage>לא ידוע</QtyInPackage>
      <ItemPrice>32.90</ItemPrice>
      <UnitOfMeasurePrice>32.9000</UnitOfMeasurePrice>
      <AllowDiscount>1</AllowDiscount>
      <ItemStatus>1</ItemStatus>
      <ItemId>81006</ItemId>
    </Item>
    <Item>
      <PriceUpdateDate>2015-10-01 06:22:09</PriceUpdateDate>
      <ItemCode>7290006703323</ItemCode>
      <ItemType>1</ItemType>
      <ItemName>שוקיים עוף קפוא</ItemName>
      <ManufacturerName>מעדני הטלה</ManufacturerName>
      <ManufactureCountry>ישראל</ManufactureCountry>
      <ManufacturerItemDescription>שוקיים עוף קפוא</ManufacturerItemDescription>
      <UnitQty>קילוגרמים</UnitQty>
      <Quantity>1.00</Quantity>
      <UnitOfMeasure>ק"ג</UnitOfMeasure>
      <bIsWeighted>1</bIsWeighted>
      <QtyInPackage>לא ידוע</QtyInPackage>
      <ItemPrice>36.50</ItemPrice>
      <UnitOfMeasurePrice>36.5000</UnitOfMeasurePrice>
      <AllowDiscount>1</AllowDiscount>
      <ItemStatus>1</ItemStatus>
      <ItemId>81021</ItemId>
    </Item>
    <Item>
      <PriceUpdateDate>2015-11-11 07:49:05</PriceUpdateDate>
      <ItemCode>7290100701881</ItemCode>
      <ItemType>1</ItemType>
      <ItemName>קמח פיצה</ItemName>
      <ManufacturerName>יושלם</ManufacturerName>
      <ManufactureCountry>לא ידוע</ManufactureCountry>
      <ManufacturerItemDescription>קמח פיצה 1 ק"ג</ManufacturerItemDescription>
      <UnitQty>קילוגרמים</UnitQty>
      <Quantity>1.00</Quantity>
      <UnitOfMeasure>ק"ג</UnitOfMeasure>
      <bIsWeighted>0</bIsWeighted>
      <QtyInPackage>1</QtyInPackage>
      <ItemPrice>6.90</ItemPrice>
      <UnitOfMeasurePrice>6.9000</UnitOfMeasurePrice>
      <AllowDiscount>1</AllowDiscount>
      <ItemStatus>1</ItemStatus>
      <ItemId>81097</ItemId>
    </Item>
    <Item>
      <PriceUpdateDate>2016-05-16 09:25:59</PriceUpdateDate>
      <ItemCode>997</ItemCode>
      <ItemType>0</ItemType>
      <ItemName>בצל  אדום</ItemName>
      <ManufacturerName>חקלאי</ManufacturerName>
      <ManufactureCountry>ישראל</ManufactureCountry>
      <ManufacturerItemDescription>בצל  אדום</ManufacturerItemDescription>
      <UnitQty>קילוגרמים</UnitQty>
      <Quantity>1.00</Quantity>
      <UnitOfMeasure>ק"ג</UnitOfMeasure>
      <bIsWeighted>1</bIsWeighted>
      <QtyInPackage>לא ידוע</QtyInPackage>
      <ItemPrice>4.90</ItemPrice>
      <UnitOfMeasurePrice>4.9000</UnitOfMeasurePrice>
      <AllowDiscount>1</AllowDiscount>
      <ItemStatus>1</ItemStatus>
      <ItemId>81125</ItemId>
    </Item>
    <Item>
      <PriceUpdateDate>2016-05-13 07:43:26</PriceUpdateDate>
      <ItemCode>9307</ItemCode>
      <ItemType>0</ItemType>
      <ItemName>גינגר ארוז</ItemName>
      <ManufacturerName>חקלאי</ManufacturerName>
      <ManufactureCountry>ישראל</ManufactureCountry>
      <ManufacturerItemDescription>גינגר ארוז</ManufacturerItemDescription>
      <UnitQty>Unknown </UnitQty>
      <Quantity>0.00</Quantity>
      <UnitOfMeasure>Unknown </UnitOfMeasure>
      <bIsWeighted>0</bIsWeighted>
      <QtyInPackage>1</QtyInPackage>
      <ItemPrice>11.90</ItemPrice>
      <UnitOfMeasurePrice>0.0000</UnitOfMeasurePrice>
      <AllowDiscount>1</AllowDiscount>
      <ItemStatus>1</ItemStatus>
      <ItemId>81134</ItemId>
    </Item>
    <Item>
      <PriceUpdateDate>2015-11-02 08:28:44</PriceUpdateDate>
      <ItemCode>9323</ItemCode>
      <ItemType>0</ItemType>
      <ItemName>פטריות פורטובלו</ItemName>
      <ManufacturerName>חקלאי</ManufacturerName>
      <ManufactureCountry>ישראל</ManufactureCountry>
      <ManufacturerItemDescription>פטריות פורטובלו</ManufacturerItemDescription>
      <UnitQty>Unknown </UnitQty>
      <Quantity>0.00</Quantity>
      <UnitOfMeasure>Unknown </UnitOfMeasure>
      <bIsWeighted>0</bIsWeighted>
      <QtyInPackage>1</QtyInPackage>
      <ItemPrice>9.90</ItemPrice>
      <UnitOfMeasurePrice>0.0000</UnitOfMeasurePrice>
      <AllowDiscount>1</AllowDiscount>
      <ItemStatus>1</ItemStatus>
      <ItemId>81141</ItemId>
    </Item>
    <Item>
      <PriceUpdateDate>2015-01-01 00:00:00</PriceUpdateDate>
      <ItemCode>9324</ItemCode>
      <ItemType>0</ItemType>
      <ItemName>פטריות שמפניון</ItemName>
      <ManufacturerName>חקלאי</ManufacturerName>
      <ManufactureCountry>ישראל</ManufactureCountry>
      <ManufacturerItemDescription>פטריות שמפניון</ManufacturerItemDescription>
      <UnitQty>Unknown </UnitQty>
      <Quantity>0.00</Quantity>
      <UnitOfMeasure>Unknown </UnitOfMeasure>
      <bIsWeighted>0</bIsWeighted>
      <QtyInPackage>1</QtyInPackage>
      <ItemPrice>9.90</ItemPrice>
      <UnitOfMeasurePrice>0.0000</UnitOfMeasurePrice>
      <AllowDiscount>1</AllowDiscount>
      <ItemStatus>1</ItemStatus>
      <ItemId>81142</ItemId>
    </Item>
    <Item>
      <PriceUpdateDate>2015-11-02 08:28:44</PriceUpdateDate>
      <ItemCode>9308</ItemCode>
      <ItemType>0</ItemType>
      <ItemName>נבטים סיניים גדול</ItemName>
      <ManufacturerName>חקלאי</ManufacturerName>
      <ManufactureCountry>ישראל</ManufactureCountry>
      <ManufacturerItemDescription>נבטים סיניים גדול</ManufacturerItemDescription>
      <UnitQty>Unknown </UnitQty>
      <Quantity>0.00</Quantity>
      <UnitOfMeasure>Unknown </UnitOfMeasure>
      <bIsWeighted>0</bIsWeighted>
      <QtyInPackage>1</QtyInPackage>
      <ItemPrice>6.90</ItemPrice>
      <UnitOfMeasurePrice>0.0000</UnitOfMeasurePrice>
      <AllowDiscount>1</AllowDiscount>
      <ItemStatus>1</ItemStatus>
      <ItemId>81145</ItemId>
    </Item>
    <Item>
      <PriceUpdateDate>2015-08-25 15:39:38</PriceUpdateDate>
      <ItemCode>9101</ItemCode>
      <ItemType>0</ItemType>
      <ItemName>תבלינים מעורב</ItemName>
      <ManufacturerName>חקלאי</ManufacturerName>
      <ManufactureCountry>ישראל</ManufactureCountry>
      <ManufacturerItemDescription>תבלינים מעורב</ManufacturerItemDescription>
      <UnitQty>Unknown </UnitQty>
      <Quantity>0.00</Quantity>
      <UnitOfMeasure>Unknown </UnitOfMeasure>
      <bIsWeighted>0</bIsWeighted>
      <QtyInPackage>1</QtyInPackage>
      <ItemPrice>4.90</ItemPrice>
      <UnitOfMeasurePrice>0.0000</UnitOfMeasurePrice>
      <AllowDiscount>1</AllowDiscount>
      <ItemStatus>1</ItemStatus>
      <ItemId>81146</ItemId>
    </Item>
    <Item>
      <PriceUpdateDate>2016-08-05 06:33:06</PriceUpdateDate>
      <ItemCode>9260</ItemCode>
      <ItemType>0</ItemType>
      <ItemName>חסה ערבית ארוזה</ItemName>
      <ManufacturerName>חקלאי</ManufacturerName>
      <ManufactureCountry>ישראל</ManufactureCountry>
      <ManufacturerItemDescription>חסה ערבית ארוזה</ManufacturerItemDescription>
      <UnitQty>Unknown </UnitQty>
      <Quantity>0.00</Quantity>
      <UnitOfMeasure>Unknown </UnitOfMeasure>
      <bIsWeighted>0</bIsWeighted>
      <QtyInPackage>1</QtyInPackage>
      <ItemPrice>5.90</ItemPrice>
      <UnitOfMeasurePrice>0.0000</UnitOfMeasurePrice>
      <AllowDiscount>1</AllowDiscount>
      <ItemStatus>1</ItemStatus>
      <ItemId>81150</ItemId>
    </Item>
    <Item>
      <PriceUpdateDate>2016-07-26 06:56:02</PriceUpdateDate>
      <ItemCode>9250</ItemCode>
      <ItemType>0</ItemType>
      <ItemName>חסה עגולה ארוזה</ItemName>
      <ManufacturerName>חקלאי</ManufacturerName>
      <ManufactureCountry>ישראל</ManufactureCountry>
      <ManufacturerItemDescription>חסה עגולה ארוזה</ManufacturerItemDescription>
      <UnitQty>Unknown </UnitQty>
      <Quantity>0.00</Quantity>
      <UnitOfMeasure>Unknown </UnitOfMeasure>
      <bIsWeighted>0</bIsWeighted>
      <QtyInPackage>1</QtyInPackage>
      <ItemPrice>7.90</ItemPrice>
      <UnitOfMeasurePrice>0.0000</UnitOfMeasurePrice>
      <AllowDiscount>1</AllowDiscount>
      <ItemStatus>1</ItemStatus>
      <ItemId>81151</ItemId>
    </Item>
    <Item>
      <PriceUpdateDate>2015-08-25 15:39:38</PriceUpdateDate>
      <ItemCode>974</ItemCode>
      <ItemType>0</ItemType>
      <ItemName>מיקס ירקות בייבי</ItemName>
      <ManufacturerName>חקלאי</ManufacturerName>
      <ManufactureCountry>ישראל</ManufactureCountry>
      <ManufacturerItemDescription>מיקס ירקות בייבי</ManufacturerItemDescription>
      <UnitQty>Unknown </UnitQty>
      <Quantity>0.00</Quantity>
      <UnitOfMeasure>Unknown </UnitOfMeasure>
      <bIsWeighted>0</bIsWeighted>
      <QtyInPackage>1</QtyInPackage>
      <ItemPrice>6.90</ItemPrice>
      <UnitOfMeasurePrice>0.0000</UnitOfMeasurePrice>
      <AllowDiscount>1</AllowDiscount>
      <ItemStatus>1</ItemStatus>
      <ItemId>81153</ItemId>
    </Item>
    <Item>
      <PriceUpdateDate>2015-01-01 00:00:00</PriceUpdateDate>
      <ItemCode>9245</ItemCode>
      <ItemType>0</ItemType>
      <ItemName>מנגולד</ItemName>
      <ManufacturerName>חקלאי</ManufacturerName>
      <ManufactureCountry>ישראל</ManufactureCountry>
      <ManufacturerItemDescription>מנגולד</ManufacturerItemDescription>
      <UnitQty>Unknown </UnitQty>
      <Quantity>0.00</Quantity>
      <UnitOfMeasure>Unknown </UnitOfMeasure>
      <bIsWeighted>0</bIsWeighted>
      <QtyInPackage>1</QtyInPackage>
      <ItemPrice>6.90</ItemPrice>
      <UnitOfMeasurePrice>0.0000</UnitOfMeasurePrice>
      <AllowDiscount>1</AllowDiscount>
      <ItemStatus>1</ItemStatus>
      <ItemId>81154</ItemId>
    </Item>
    <Item>
      <PriceUpdateDate>2015-10-27 09:11:28</PriceUpdateDate>
      <ItemCode>9210</ItemCode>
      <ItemType>0</ItemType>
      <ItemName>תרד שטוף</ItemName>
      <ManufacturerName>חקלאי</ManufacturerName>
      <ManufactureCountry>ישראל</ManufactureCountry>
      <ManufacturerItemDescription>תרד שטוף</ManufacturerItemDescription>
      <UnitQty>Unknown </UnitQty>
      <Quantity>0.00</Quantity>
      <UnitOfMeasure>Unknown </UnitOfMeasure>
      <bIsWeighted>0</bIsWeighted>
      <QtyInPackage>1</QtyInPackage>
      <ItemPrice>8.90</ItemPrice>
      <UnitOfMeasurePrice>0.0000</UnitOfMeasurePrice>
      <AllowDiscount>1</AllowDiscount>
      <ItemStatus>1</ItemStatus>
      <ItemId>81157</ItemId>
    </Item>
    <Item>
      <PriceUpdateDate>2016-05-22 08:18:21</PriceUpdateDate>
      <ItemCode>9299</ItemCode>
      <ItemType>0</ItemType>
      <ItemName>סלרי ראש ארוז</ItemName>
      <ManufacturerName>חקלאי</ManufacturerName>
      <ManufactureCountry>ישראל</ManufactureCountry>
      <ManufacturerItemDescription>סלרי ראש ארוז</ManufacturerItemDescription>
      <UnitQty>Unknown </UnitQty>
      <Quantity>0.00</Quantity>
      <UnitOfMeasure>Unknown </UnitOfMeasure>
      <bIsWeighted>0</bIsWeighted>
      <QtyInPackage>1</QtyInPackage>
      <ItemPrice>6.90</ItemPrice>
      <UnitOfMeasurePrice>0.0000</UnitOfMeasurePrice>
      <AllowDiscount>1</AllowDiscount>
      <ItemStatus>1</ItemStatus>
      <ItemId>81158</ItemId>
    </Item>
    <Item>
      <PriceUpdateDate>2016-06-05 13:02:49</PriceUpdateDate>
      <ItemCode>9296</ItemCode>
      <ItemType>0</ItemType>
      <ItemName>שורש ארוז</ItemName>
      <ManufacturerName>חקלאי</ManufacturerName>
      <ManufactureCountry>ישראל</ManufactureCountry>
      <ManufacturerItemDescription>שורש ארוז</ManufacturerItemDescription>
      <UnitQty>Unknown </UnitQty>
      <Quantity>0.00</Quantity>
      <UnitOfMeasure>Unknown </UnitOfMeasure>
      <bIsWeighted>0</bIsWeighted>
      <QtyInPackage>1</QtyInPackage>
      <ItemPrice>6.90</ItemPrice>
      <UnitOfMeasurePrice>0.0000</UnitOfMeasurePrice>
      <AllowDiscount>1</AllowDiscount>
      <ItemStatus>1</ItemStatus>
      <ItemId>81159</ItemId>
    </Item>
    <Item>
      <PriceUpdateDate>2016-05-22 08:18:21</PriceUpdateDate>
      <ItemCode>9306</ItemCode>
      <ItemType>0</ItemType>
      <ItemName>סלרי עלים</ItemName>
      <ManufacturerName>חקלאי</ManufacturerName>
      <ManufactureCountry>ישראל</ManufactureCountry>
      <ManufacturerItemDescription>סלרי עלים</ManufacturerItemDescription>
      <UnitQty>Unknown </UnitQty>
      <Quantity>0.00</Quantity>
      <UnitOfMeasure>Unknown </UnitOfMeasure>
      <bIsWeighted>0</bIsWeighted>
      <QtyInPackage>1</QtyInPackage>
      <ItemPrice>5.90</ItemPrice>
      <UnitOfMeasurePrice>0.0000</UnitOfMeasurePrice>
      <AllowDiscount>1</AllowDiscount>
      <ItemStatus>1</ItemStatus>
      <ItemId>81160</ItemId>
    </Item>
    <Item>
      <PriceUpdateDate>2015-12-06 08:18:53</PriceUpdateDate>
      <ItemCode>9099</ItemCode>
      <ItemType>0</ItemType>
      <ItemName>בזיליקום</ItemName>
      <ManufacturerName>חקלאי</ManufacturerName>
      <ManufactureCountry>ישראל</ManufactureCountry>
      <ManufacturerItemDescription>בזיליקום</ManufacturerItemDescription>
      <UnitQty>Unknown </UnitQty>
      <Quantity>0.00</Quantity>
      <UnitOfMeasure>Unknown </UnitOfMeasure>
      <bIsWeighted>0</bIsWeighted>
      <QtyInPackage>1</QtyInPackage>
      <ItemPrice>5.90</ItemPrice>
      <UnitOfMeasurePrice>0.0000</UnitOfMeasurePrice>
      <AllowDiscount>1</AllowDiscount>
      <ItemStatus>1</ItemStatus>
      <ItemId>81161</ItemId>
    </Item>
    <Item>
      <PriceUpdateDate>2015-08-25 15:39:38</PriceUpdateDate>
      <ItemCode>998</ItemCode>
      <ItemType>0</ItemType>
      <ItemName>עירית</ItemName>
      <ManufacturerName>חקלאי</ManufacturerName>
      <ManufactureCountry>ישראל</ManufactureCountry>
      <ManufacturerItemDescription>עירית</ManufacturerItemDescription>
      <UnitQty>Unknown </UnitQty>
      <Quantity>0.00</Quantity>
      <UnitOfMeasure>Unknown </UnitOfMeasure>
      <bIsWeighted>0</bIsWeighted>
      <QtyInPackage>1</QtyInPackage>
      <ItemPrice>5.90</ItemPrice>
      <UnitOfMeasurePrice>0.0000</UnitOfMeasurePrice>
      <AllowDiscount>1</AllowDiscount>
      <ItemStatus>1</ItemStatus>
      <ItemId>81164</ItemId>
    </Item>
    <Item>
      <PriceUpdateDate>2015-07-14 15:07:32</PriceUpdateDate>
      <ItemCode>9113</ItemCode>
      <ItemType>0</ItemType>
      <ItemName>כוסברה ארוזה</ItemName>
      <ManufacturerName>חקלאי</ManufacturerName>
      <ManufactureCountry>ישראל</ManufactureCountry>
      <ManufacturerItemDescription>כוסברה ארוזה</ManufacturerItemDescription>
      <UnitQty>Unknown </UnitQty>
      <Quantity>0.00</Quantity>
      <UnitOfMeasure>Unknown </UnitOfMeasure>
      <bIsWeighted>0</bIsWeighted>
      <QtyInPackage>1</QtyInPackage>
      <ItemPrice>2.90</ItemPrice>
      <UnitOfMeasurePrice>0.0000</UnitOfMeasurePrice>
      <AllowDiscount>1</AllowDiscount>
      <ItemStatus>1</ItemStatus>
      <ItemId>81165</ItemId>
    </Item>
    <Item>
      <PriceUpdateDate>2016-02-11 14:36:08</PriceUpdateDate>
      <ItemCode>9114</ItemCode>
      <ItemType>0</ItemType>
      <ItemName>נענע ארוזה</ItemName>
      <ManufacturerName>חקלאי</ManufacturerName>
      <ManufactureCountry>ישראל</ManufactureCountry>
      <ManufacturerItemDescription>נענע ארוזה</ManufacturerItemDescription>
      <UnitQty>Unknown </UnitQty>
      <Quantity>0.00</Quantity>
      <UnitOfMeasure>Unknown </UnitOfMeasure>
      <bIsWeighted>0</bIsWeighted>
      <QtyInPackage>1</QtyInPackage>
      <ItemPrice>2.90</ItemPrice>
      <UnitOfMeasurePrice>0.0000</UnitOfMeasurePrice>
      <AllowDiscount>1</AllowDiscount>
      <ItemStatus>1</ItemStatus>
      <ItemId>81166</ItemId>
    </Item>
    <Item>
      <PriceUpdateDate>2015-07-14 15:07:32</PriceUpdateDate>
      <ItemCode>9297</ItemCode>
      <ItemType>0</ItemType>
      <ItemName>פטרוזליה ארוזה</ItemName>
      <ManufacturerName>חקלאי</ManufacturerName>
      <ManufactureCountry>ישראל</ManufactureCountry>
      <ManufacturerItemDescription>פטרוזליה ארוזה</ManufacturerItemDescription>
      <UnitQty>Unknown </UnitQty>
      <Quantity>0.00</Quantity>
      <UnitOfMeasure>Unknown </UnitOfMeasure>
      <bIsWeighted>0</bIsWeighted>
      <QtyInPackage>1</QtyInPackage>
      <ItemPrice>2.90</ItemPrice>
      <UnitOfMeasurePrice>0.0000</UnitOfMeasurePrice>
      <AllowDiscount>1</AllowDiscount>
      <ItemStatus>1</ItemStatus>
      <ItemId>81168</ItemId>
    </Item>
    <Item>
      <PriceUpdateDate>2015-10-27 09:11:28</PriceUpdateDate>
      <ItemCode>995</ItemCode>
      <ItemType>0</ItemType>
      <ItemName>בצל ירוק ארוז</ItemName>
      <ManufacturerName>חקלאי</ManufacturerName>
      <ManufactureCountry>ישראל</ManufactureCountry>
      <ManufacturerItemDescription>בצל ירוק ארוז</ManufacturerItemDescription>
      <UnitQty>Unknown </UnitQty>
      <Quantity>0.00</Quantity>
      <UnitOfMeasure>Unknown </UnitOfMeasure>
      <bIsWeighted>0</bIsWeighted>
      <QtyInPackage>1</QtyInPackage>
      <ItemPrice>4.90</ItemPrice>
      <UnitOfMeasurePrice>0.0000</UnitOfMeasurePrice>
      <AllowDiscount>1</AllowDiscount>
      <ItemStatus>1</ItemStatus>
      <ItemId>81169</ItemId>
    </Item>
    <Item>
      <PriceUpdateDate>2016-08-30 11:59:19</PriceUpdateDate>
      <ItemCode>9626</ItemCode>
      <ItemType>0</ItemType>
      <ItemName>מנגו</ItemName>
      <ManufacturerName>חקלאי</ManufacturerName>
      <ManufactureCountry>ישראל</ManufactureCountry>
      <ManufacturerItemDescription>מנגו</ManufacturerItemDescription>
      <UnitQty>קילוגרמים</UnitQty>
      <Quantity>1.00</Quantity>
      <UnitOfMeasure>ק"ג</UnitOfMeasure>
      <bIsWeighted>1</bIsWeighted>
      <QtyInPackage>לא ידוע</QtyInPackage>
      <ItemPrice>14.90</ItemPrice>
      <UnitOfMeasurePrice>14.9000</UnitOfMeasurePrice>
      <AllowDiscount>1</AllowDiscount>
      <ItemStatus>1</ItemStatus>
      <ItemId>81174</ItemId>
    </Item>
    <Item>
      <PriceUpdateDate>2016-08-23 07:49:09</PriceUpdateDate>
      <ItemCode>9756</ItemCode>
      <ItemType>0</ItemType>
      <ItemName>שזיף אדום</ItemName>
      <ManufacturerName>חקלאי</ManufacturerName>
      <ManufactureCountry>ישראל</ManufactureCountry>
      <ManufacturerItemDescription>שזיף אדום</ManufacturerItemDescription>
      <UnitQty>קילוגרמים</UnitQty>
      <Quantity>1.00</Quantity>
      <UnitOfMeasure>ק"ג</UnitOfMeasure>
      <bIsWeighted>1</bIsWeighted>
      <QtyInPackage>לא ידוע</QtyInPackage>
      <ItemPrice>15.90</ItemPrice>
      <UnitOfMeasurePrice>15.9000</UnitOfMeasurePrice>
      <AllowDiscount>1</AllowDiscount>
      <ItemStatus>1</ItemStatus>
      <ItemId>81175</ItemId>
    </Item>
    <Item>
      <PriceUpdateDate>2016-06-07 08:22:53</PriceUpdateDate>
      <ItemCode>9772</ItemCode>
      <ItemType>0</ItemType>
      <ItemName>משמש</ItemName>
      <ManufacturerName>חקלאי</ManufacturerName>
      <ManufactureCountry>ישראל</ManufactureCountry>
      <ManufacturerItemDescription>משמש</ManufacturerItemDescription>
      <UnitQty>קילוגרמים</UnitQty>
      <Quantity>1.00</Quantity>
      <UnitOfMeasure>ק"ג</UnitOfMeasure>
      <bIsWeighted>1</bIsWeighted>
      <QtyInPackage>לא ידוע</QtyInPackage>
      <ItemPrice>14.90</ItemPrice>
      <UnitOfMeasurePrice>14.9000</UnitOfMeasurePrice>
      <AllowDiscount>1</AllowDiscount>
      <ItemStatus>1</ItemStatus>
      <ItemId>81176</ItemId>
    </Item>
    <Item>
      <PriceUpdateDate>2016-09-01 09:13:56</PriceUpdateDate>
      <ItemCode>942</ItemCode>
      <ItemType>0</ItemType>
      <ItemName>ענבי טלי</ItemName>
      <ManufacturerName>חקלאי</ManufacturerName>
      <ManufactureCountry>ישראל</ManufactureCountry>
      <ManufacturerItemDescription>ענבי טלי</ManufacturerItemDescription>
      <UnitQty>קילוגרמים</UnitQty>
      <Quantity>1.00</Quantity>
      <UnitOfMeasure>ק"ג</UnitOfMeasure>
      <bIsWeighted>1</bIsWeighted>
      <QtyInPackage>לא ידוע</QtyInPackage>
      <ItemPrice>18.90</ItemPrice>
      <UnitOfMeasurePrice>18.9000</UnitOfMeasurePrice>
      <AllowDiscount>1</AllowDiscount>
      <ItemStatus>1</ItemStatus>
      <ItemId>81178</ItemId>
    </Item>
    <Item>
      <PriceUpdateDate>2016-08-30 11:59:20</PriceUpdateDate>
      <ItemCode>9578</ItemCode>
      <ItemType>0</ItemType>
      <ItemName>נקטרינה</ItemName>
      <ManufacturerName>חקלאי</ManufacturerName>
      <ManufactureCountry>ישראל</ManufactureCountry>
      <ManufacturerItemDescription>נקטרינה</ManufacturerItemDescription>
      <UnitQty>קילוגרמים</UnitQty>
      <Quantity>1.00</Quantity>
      <UnitOfMeasure>ק"ג</UnitOfMeasure>
      <bIsWeighted>1</bIsWeighted>
      <QtyInPackage>לא ידוע</QtyInPackage>
      <ItemPrice>11.90</ItemPrice>
      <UnitOfMeasurePrice>11.9000</UnitOfMeasurePrice>
      <AllowDiscount>1</AllowDiscount>
      <ItemStatus>1</ItemStatus>
      <ItemId>81179</ItemId>
    </Item>
    <Item>
      <PriceUpdateDate>2016-08-23 07:49:09</PriceUpdateDate>
      <ItemCode>9500</ItemCode>
      <ItemType>0</ItemType>
      <ItemName>תפוז מובחר</ItemName>
      <ManufacturerName>חקלאי</ManufacturerName>
      <ManufactureCountry>ישראל</ManufactureCountry>
      <ManufacturerItemDescription>תפוז מובחר</ManufacturerItemDescription>
      <UnitQty>קילוגרמים</UnitQty>
      <Quantity>1.00</Quantity>
      <UnitOfMeasure>ק"ג</UnitOfMeasure>
      <bIsWeighted>1</bIsWeighted>
      <QtyInPackage>לא ידוע</QtyInPackage>
      <ItemPrice>6.90</ItemPrice>
      <UnitOfMeasurePrice>6.9000</UnitOfMeasurePrice>
      <AllowDiscount>1</AllowDiscount>
      <ItemStatus>1</ItemStatus>
      <ItemId>81188</ItemId>
    </Item>
    <Item>
      <PriceUpdateDate>2016-03-11 08:29:05</PriceUpdateDate>
      <ItemCode>9504</ItemCode>
      <ItemType>0</ItemType>
      <ItemName>תפוז ברשת</ItemName>
      <ManufacturerName>חקלאי</ManufacturerName>
      <ManufactureCountry>ישראל</ManufactureCountry>
      <ManufacturerItemDescription>תפוז ברשת</ManufacturerItemDescription>
      <UnitQty>קילוגרמים</UnitQty>
      <Quantity>1.00</Quantity>
      <UnitOfMeasure>ק"ג</UnitOfMeasure>
      <bIsWeighted>1</bIsWeighted>
      <QtyInPackage>לא ידוע</QtyInPackage>
      <ItemPrice>4.90</ItemPrice>
      <UnitOfMeasurePrice>4.9000</UnitOfMeasurePrice>
      <AllowDiscount>1</AllowDiscount>
      <ItemStatus>1</ItemStatus>
      <ItemId>81189</ItemId>
    </Item>
    <Item>
      <PriceUpdateDate>2016-08-31 16:53:22</PriceUpdateDate>
      <ItemCode>9510</ItemCode>
      <ItemType>0</ItemType>
      <ItemName>קלמנטינה</ItemName>
      <ManufacturerName>חקלאי</ManufacturerName>
      <ManufactureCountry>ישראל</ManufactureCountry>
      <ManufacturerItemDescription>קלמנטינה</ManufacturerItemDescription>
      <UnitQty>קילוגרמים</UnitQty>
      <Quantity>1.00</Quantity>
      <UnitOfMeasure>ק"ג</UnitOfMeasure>
      <bIsWeighted>1</bIsWeighted>
      <QtyInPackage>לא ידוע</QtyInPackage>
      <ItemPrice>9.90</ItemPrice>
      <UnitOfMeasurePrice>9.9000</UnitOfMeasurePrice>
      <AllowDiscount>1</AllowDiscount>
      <ItemStatus>1</ItemStatus>
      <ItemId>81190</ItemId>
    </Item>
    <Item>
      <PriceUpdateDate>2016-08-30 11:59:19</PriceUpdateDate>
      <ItemCode>9486</ItemCode>
      <ItemType>0</ItemType>
      <ItemName>לימון</ItemName>
      <ManufacturerName>חקלאי</ManufacturerName>
      <ManufactureCountry>ישראל</ManufactureCountry>
      <ManufacturerItemDescription>לימון</ManufacturerItemDescription>
      <UnitQty>קילוגרמים</UnitQty>
      <Quantity>1.00</Quantity>
      <UnitOfMeasure>ק"ג</UnitOfMeasure>
      <bIsWeighted>1</bIsWeighted>
      <QtyInPackage>לא ידוע</QtyInPackage>
      <ItemPrice>10.90</ItemPrice>
      <UnitOfMeasurePrice>10.9000</UnitOfMeasurePrice>
      <AllowDiscount>1</AllowDiscount>
      <ItemStatus>1</ItemStatus>
      <ItemId>81192</ItemId>
    </Item>
    <Item>
      <PriceUpdateDate>2016-05-26 10:09:41</PriceUpdateDate>
      <ItemCode>9522</ItemCode>
      <ItemType>0</ItemType>
      <ItemName>אשכולית לבנה / אדומה</ItemName>
      <ManufacturerName>חקלאי</ManufacturerName>
      <ManufactureCountry>ישראל</ManufactureCountry>
      <ManufacturerItemDescription>אשכולית לבנה / אדומה</ManufacturerItemDescription>
      <UnitQty>קילוגרמים</UnitQty>
      <Quantity>1.00</Quantity>
      <UnitOfMeasure>ק"ג</UnitOfMeasure>
      <bIsWeighted>1</bIsWeighted>
      <QtyInPackage>לא ידוע</QtyInPackage>
      <ItemPrice>5.90</ItemPrice>
      <UnitOfMeasurePrice>5.9000</UnitOfMeasurePrice>
      <AllowDiscount>1</AllowDiscount>
      <ItemStatus>1</ItemStatus>
      <ItemId>81194</ItemId>
    </Item>
    <Item>
      <PriceUpdateDate>2016-04-11 11:22:08</PriceUpdateDate>
      <ItemCode>9965</ItemCode>
      <ItemType>0</ItemType>
      <ItemName>תפוח עץ פינק לידי</ItemName>
      <ManufacturerName>חקלאי</ManufacturerName>
      <ManufactureCountry>ישראל</ManufactureCountry>
      <ManufacturerItemDescription>תפוח עץ פינק לידי</ManufacturerItemDescription>
      <UnitQty>קילוגרמים</UnitQty>
      <Quantity>1.00</Quantity>
      <UnitOfMeasure>ק"ג</UnitOfMeasure>
      <bIsWeighted>1</bIsWeighted>
      <QtyInPackage>לא ידוע</QtyInPackage>
      <ItemPrice>14.90</ItemPrice>
      <UnitOfMeasurePrice>14.9000</UnitOfMeasurePrice>
      <AllowDiscount>1</AllowDiscount>
      <ItemStatus>1</ItemStatus>
      <ItemId>81197</ItemId>
    </Item>
    <Item>
      <PriceUpdateDate>2016-07-03 10:43:19</PriceUpdateDate>
      <ItemCode>9658</ItemCode>
      <ItemType>0</ItemType>
      <ItemName>תפוח עץ סמיט</ItemName>
      <ManufacturerName>חקלאי</ManufacturerName>
      <ManufactureCountry>ישראל</ManufactureCountry>
      <ManufacturerItemDescription>תפוח עץ סמיט</ManufacturerItemDescription>
      <UnitQty>קילוגרמים</UnitQty>
      <Quantity>1.00</Quantity>
      <UnitOfMeasure>ק"ג</UnitOfMeasure>
      <bIsWeighted>1</bIsWeighted>
      <QtyInPackage>לא ידוע</QtyInPackage>
      <ItemPrice>9.90</ItemPrice>
      <UnitOfMeasurePrice>9.9000</UnitOfMeasurePrice>
      <AllowDiscount>1</AllowDiscount>
      <ItemStatus>1</ItemStatus>
      <ItemId>81198</ItemId>
    </Item>
    <Item>
      <PriceUpdateDate>2016-08-23 07:49:10</PriceUpdateDate>
      <ItemCode>9697</ItemCode>
      <ItemType>0</ItemType>
      <ItemName>תפוח עץ סטארקינג</ItemName>
      <ManufacturerName>חקלאי</ManufacturerName>
      <ManufactureCountry>ישראל</ManufactureCountry>
      <ManufacturerItemDescription>תפוח עץ סטארקינג</ManufacturerItemDescription>
      <UnitQty>קילוגרמים</UnitQty>
      <Quantity>1.00</Quantity>
      <UnitOfMeasure>ק"ג</UnitOfMeasure>
      <bIsWeighted>1</bIsWeighted>
      <QtyInPackage>לא ידוע</QtyInPackage>
      <ItemPrice>8.90</ItemPrice>
      <UnitOfMeasurePrice>8.9000</UnitOfMeasurePrice>
      <AllowDiscount>1</AllowDiscount>
      <ItemStatus>1</ItemStatus>
      <ItemId>81199</ItemId>
    </Item>
    <Item>
      <PriceUpdateDate>2016-08-14 10:53:30</PriceUpdateDate>
      <ItemCode>9684</ItemCode>
      <ItemType>0</ItemType>
      <ItemName>תפוח עץ זהוב</ItemName>
      <ManufacturerName>חקלאי</ManufacturerName>
      <ManufactureCountry>ישראל</ManufactureCountry>
      <ManufacturerItemDescription>תפוח עץ זהוב</ManufacturerItemDescription>
      <UnitQty>קילוגרמים</UnitQty>
      <Quantity>1.00</Quantity>
      <UnitOfMeasure>ק"ג</UnitOfMeasure>
      <bIsWeighted>1</bIsWeighted>
      <QtyInPackage>לא ידוע</QtyInPackage>
      <ItemPrice>8.90</ItemPrice>
      <UnitOfMeasurePrice>8.9000</UnitOfMeasurePrice>
      <AllowDiscount>1</AllowDiscount>
      <ItemStatus>1</ItemStatus>
      <ItemId>81200</ItemId>
    </Item>
    <Item>
      <PriceUpdateDate>2016-03-20 08:22:19</PriceUpdateDate>
      <ItemCode>9568</ItemCode>
      <ItemType>0</ItemType>
      <ItemName>רימון</ItemName>
      <ManufacturerName>חקלאי</ManufacturerName>
      <ManufactureCountry>ישראל</ManufactureCountry>
      <ManufacturerItemDescription>רימון</ManufacturerItemDescription>
      <UnitQty>קילוגרמים</UnitQty>
      <Quantity>1.00</Quantity>
      <UnitOfMeasure>ק"ג</UnitOfMeasure>
      <bIsWeighted>1</bIsWeighted>
      <QtyInPackage>לא ידוע</QtyInPackage>
      <ItemPrice>9.90</ItemPrice>
      <UnitOfMeasurePrice>9.9000</UnitOfMeasurePrice>
      <AllowDiscount>1</AllowDiscount>
      <ItemStatus>1</ItemStatus>
      <ItemId>81201</ItemId>
    </Item>
    <Item>
      <PriceUpdateDate>2016-08-01 07:32:08</PriceUpdateDate>
      <ItemCode>9637</ItemCode>
      <ItemType>0</ItemType>
      <ItemName>קיווי מובחר</ItemName>
      <ManufacturerName>חקלאי</ManufacturerName>
      <ManufactureCountry>ישראל</ManufactureCountry>
      <ManufacturerItemDescription>קיווי מובחר</ManufacturerItemDescription>
      <UnitQty>קילוגרמים</UnitQty>
      <Quantity>1.00</Quantity>
      <UnitOfMeasure>ק"ג</UnitOfMeasure>
      <bIsWeighted>1</bIsWeighted>
      <QtyInPackage>לא ידוע</QtyInPackage>
      <ItemPrice>34.90</ItemPrice>
      <UnitOfMeasurePrice>34.9000</UnitOfMeasurePrice>
      <AllowDiscount>1</AllowDiscount>
      <ItemStatus>1</ItemStatus>
      <ItemId>81202</ItemId>
    </Item>
    <Item>
      <PriceUpdateDate>2016-05-18 06:05:34</PriceUpdateDate>
      <ItemCode>9615</ItemCode>
      <ItemType>0</ItemType>
      <ItemName>שסק שקיל</ItemName>
      <ManufacturerName>חקלאי</ManufacturerName>
      <ManufactureCountry>ישראל</ManufactureCountry>
      <ManufacturerItemDescription>שסק</ManufacturerItemDescription>
      <UnitQty>קילוגרמים</UnitQty>
      <Quantity>1.00</Quantity>
      <UnitOfMeasure>ק"ג</UnitOfMeasure>
      <bIsWeighted>1</bIsWeighted>
      <QtyInPackage>לא ידוע</QtyInPackage>
      <ItemPrice>17.90</ItemPrice>
      <UnitOfMeasurePrice>17.9000</UnitOfMeasurePrice>
      <AllowDiscount>1</AllowDiscount>
      <ItemStatus>1</ItemStatus>
      <ItemId>81205</ItemId>
    </Item>
    <Item>
      <PriceUpdateDate>2016-08-24 14:27:12</PriceUpdateDate>
      <ItemCode>9558</ItemCode>
      <ItemType>0</ItemType>
      <ItemName>סברס</ItemName>
      <ManufacturerName>חקלאי</ManufacturerName>
      <ManufactureCountry>ישראל</ManufactureCountry>
      <ManufacturerItemDescription>סברס</ManufacturerItemDescription>
      <UnitQty>קילוגרמים</UnitQty>
      <Quantity>1.00</Quantity>
      <UnitOfMeasure>ק"ג</UnitOfMeasure>
      <bIsWeighted>1</bIsWeighted>
      <QtyInPackage>לא ידוע</QtyInPackage>
      <ItemPrice>24.90</ItemPrice>
      <UnitOfMeasurePrice>24.9000</UnitOfMeasurePrice>
      <AllowDiscount>1</AllowDiscount>
      <ItemStatus>1</ItemStatus>
      <ItemId>81207</ItemId>
    </Item>
    <Item>
      <PriceUpdateDate>2016-08-25 07:22:17</PriceUpdateDate>
      <ItemCode>9555</ItemCode>
      <ItemType>0</ItemType>
      <ItemName>בננות</ItemName>
      <ManufacturerName>חקלאי</ManufacturerName>
      <ManufactureCountry>ישראל</ManufactureCountry>
      <ManufacturerItemDescription>בננות</ManufacturerItemDescription>
      <UnitQty>קילוגרמים</UnitQty>
      <Quantity>1.00</Quantity>
      <UnitOfMeasure>ק"ג</UnitOfMeasure>
      <bIsWeighted>1</bIsWeighted>
      <QtyInPackage>לא ידוע</QtyInPackage>
      <ItemPrice>7.90</ItemPrice>
      <UnitOfMeasurePrice>7.9000</UnitOfMeasurePrice>
      <AllowDiscount>1</AllowDiscount>
      <ItemStatus>1</ItemStatus>
      <ItemId>81208</ItemId>
    </Item>
    <Item>
      <PriceUpdateDate>2016-01-26 08:23:47</PriceUpdateDate>
      <ItemCode>9147</ItemCode>
      <ItemType>0</ItemType>
      <ItemName>אפרסמון</ItemName>
      <ManufacturerName>חקלאי</ManufacturerName>
      <ManufactureCountry>ישראל</ManufactureCountry>
      <ManufacturerItemDescription>אפרסמון</ManufacturerItemDescription>
      <UnitQty>קילוגרמים</UnitQty>
      <Quantity>1.00</Quantity>
      <UnitOfMeasure>ק"ג</UnitOfMeasure>
      <bIsWeighted>1</bIsWeighted>
      <QtyInPackage>לא ידוע</QtyInPackage>
      <ItemPrice>11.90</ItemPrice>
      <UnitOfMeasurePrice>11.9000</UnitOfMeasurePrice>
      <AllowDiscount>1</AllowDiscount>
      <ItemStatus>1</ItemStatus>
      <ItemId>81210</ItemId>
    </Item>
    <Item>
      <PriceUpdateDate>2016-09-01 09:13:56</PriceUpdateDate>
      <ItemCode>9604</ItemCode>
      <ItemType>0</ItemType>
      <ItemName>אגס ספדונה</ItemName>
      <ManufacturerName>חקלאי</ManufacturerName>
      <ManufactureCountry>ישראל</ManufactureCountry>
      <ManufacturerItemDescription>אגס ספדונה</ManufacturerItemDescription>
      <UnitQty>קילוגרמים</UnitQty>
      <Quantity>1.00</Quantity>
      <UnitOfMeasure>ק"ג</UnitOfMeasure>
      <bIsWeighted>1</bIsWeighted>
      <QtyInPackage>לא ידוע</QtyInPackage>
      <ItemPrice>10.90</ItemPrice>
      <UnitOfMeasurePrice>10.9000</UnitOfMeasurePrice>
      <AllowDiscount>1</AllowDiscount>
      <ItemStatus>1</ItemStatus>
      <ItemId>81211</ItemId>
    </Item>
    <Item>
      <PriceUpdateDate>2016-09-01 09:13:56</PriceUpdateDate>
      <ItemCode>9560</ItemCode>
      <ItemType>0</ItemType>
      <ItemName>אבוקדו</ItemName>
      <ManufacturerName>חקלאי</ManufacturerName>
      <ManufactureCountry>לא ידוע</ManufactureCountry>
      <ManufacturerItemDescription>אבוקדו</ManufacturerItemDescription>
      <UnitQty>קילוגרמים</UnitQty>
      <Quantity>1.00</Quantity>
      <UnitOfMeasure>ק"ג</UnitOfMeasure>
      <bIsWeighted>1</bIsWeighted>
      <QtyInPackage>לא ידוע</QtyInPackage>
      <ItemPrice>13.90</ItemPrice>
      <UnitOfMeasurePrice>13.9000</UnitOfMeasurePrice>
      <AllowDiscount>1</AllowDiscount>
      <ItemStatus>1</ItemStatus>
      <ItemId>81212</ItemId>
    </Item>
    <Item>
      <PriceUpdateDate>2016-08-31 06:03:12</PriceUpdateDate>
      <ItemCode>9318</ItemCode>
      <ItemType>0</ItemType>
      <ItemName>אבטיח</ItemName>
      <ManufacturerName>חקלאי</ManufacturerName>
      <ManufactureCountry>ישראל</ManufactureCountry>
      <ManufacturerItemDescription>אבטיח</ManufacturerItemDescription>
      <UnitQty>קילוגרמים</UnitQty>
      <Quantity>1.00</Quantity>
      <UnitOfMeasure>ק"ג</UnitOfMeasure>
      <bIsWeighted>1</bIsWeighted>
      <QtyInPackage>לא ידוע</QtyInPackage>
      <ItemPrice>3.90</ItemPrice>
      <UnitOfMeasurePrice>3.9000</UnitOfMeasurePrice>
      <AllowDiscount>1</AllowDiscount>
      <ItemStatus>1</ItemStatus>
      <ItemId>81213</ItemId>
    </Item>
    <Item>
      <PriceUpdateDate>2016-08-16 12:33:19</PriceUpdateDate>
      <ItemCode>9312</ItemCode>
      <ItemType>0</ItemType>
      <ItemName>מלון גליה</ItemName>
      <ManufacturerName>חקלאי</ManufacturerName>
      <ManufactureCountry>ישראל</ManufactureCountry>
      <ManufacturerItemDescription>מלון גליה</ManufacturerItemDescription>
      <UnitQty>קילוגרמים</UnitQty>
      <Quantity>1.00</Quantity>
      <UnitOfMeasure>ק"ג</UnitOfMeasure>
      <bIsWeighted>1</bIsWeighted>
      <QtyInPackage>לא ידוע</QtyInPackage>
      <ItemPrice>8.90</ItemPrice>
      <UnitOfMeasurePrice>8.9000</UnitOfMeasurePrice>
      <AllowDiscount>1</AllowDiscount>
      <ItemStatus>1</ItemStatus>
      <ItemId>81214</ItemId>
    </Item>
    <Item>
      <PriceUpdateDate>2016-09-01 09:13:56</PriceUpdateDate>
      <ItemCode>9295</ItemCode>
      <ItemType>0</ItemType>
      <ItemName>תפוח אדמה לבן</ItemName>
      <ManufacturerName>חקלאי</ManufacturerName>
      <ManufactureCountry>ישראל</ManufactureCountry>
      <ManufacturerItemDescription>תפוח אדמה לבן</ManufacturerItemDescription>
      <UnitQty>קילוגרמים</UnitQty>
      <Quantity>1.00</Quantity>
      <UnitOfMeasure>ק"ג</UnitOfMeasure>
      <bIsWeighted>1</bIsWeighted>
      <QtyInPackage>לא ידוע</QtyInPackage>
      <ItemPrice>4.90</ItemPrice>
      <UnitOfMeasurePrice>4.9000</UnitOfMeasurePrice>
      <AllowDiscount>1</AllowDiscount>
      <ItemStatus>1</ItemStatus>
      <ItemId>81215</ItemId>
    </Item>
    <Item>
      <PriceUpdateDate>2016-05-13 07:43:26</PriceUpdateDate>
      <ItemCode>9290</ItemCode>
      <ItemType>0</ItemType>
      <ItemName>תפוח אדמה אדום</ItemName>
      <ManufacturerName>חקלאי</ManufacturerName>
      <ManufactureCountry>ישראל</ManufactureCountry>
      <ManufacturerItemDescription>תפוח אדמה אדום</ManufacturerItemDescription>
      <UnitQty>קילוגרמים</UnitQty>
      <Quantity>1.00</Quantity>
      <UnitOfMeasure>ק"ג</UnitOfMeasure>
      <bIsWeighted>1</bIsWeighted>
      <QtyInPackage>לא ידוע</QtyInPackage>
      <ItemPrice>4.90</ItemPrice>
      <UnitOfMeasurePrice>4.9000</UnitOfMeasurePrice>
      <AllowDiscount>1</AllowDiscount>
      <ItemStatus>1</ItemStatus>
      <ItemId>81216</ItemId>
    </Item>
    <Item>
      <PriceUpdateDate>2016-09-01 09:13:56</PriceUpdateDate>
      <ItemCode>9370</ItemCode>
      <ItemType>0</ItemType>
      <ItemName>שומר</ItemName>
      <ManufacturerName>חקלאי</ManufacturerName>
      <ManufactureCountry>ישראל</ManufactureCountry>
      <ManufacturerItemDescription>שומר</ManufacturerItemDescription>
      <UnitQty>קילוגרמים</UnitQty>
      <Quantity>1.00</Quantity>
      <UnitOfMeasure>ק"ג</UnitOfMeasure>
      <bIsWeighted>1</bIsWeighted>
      <QtyInPackage>לא ידוע</QtyInPackage>
      <ItemPrice>8.90</ItemPrice>
      <UnitOfMeasurePrice>8.9000</UnitOfMeasurePrice>
      <AllowDiscount>1</AllowDiscount>
      <ItemStatus>1</ItemStatus>
      <ItemId>81218</ItemId>
    </Item>
    <Item>
      <PriceUpdateDate>2016-04-27 06:31:54</PriceUpdateDate>
      <ItemCode>9375</ItemCode>
      <ItemType>0</ItemType>
      <ItemName>ארטישוק</ItemName>
      <ManufacturerName>חקלאי</ManufacturerName>
      <ManufactureCountry>ישראל</ManufactureCountry>
      <ManufacturerItemDescription>ארטישוק</ManufacturerItemDescription>
      <UnitQty>קילוגרמים</UnitQty>
      <Quantity>1.00</Quantity>
      <UnitOfMeasure>ק"ג</UnitOfMeasure>
      <bIsWeighted>1</bIsWeighted>
      <QtyInPackage>לא ידוע</QtyInPackage>
      <ItemPrice>7.90</ItemPrice>
      <UnitOfMeasurePrice>7.9000</UnitOfMeasurePrice>
      <AllowDiscount>1</AllowDiscount>
      <ItemStatus>1</ItemStatus>
      <ItemId>81219</ItemId>
    </Item>
    <Item>
      <PriceUpdateDate>2016-07-26 06:59:39</PriceUpdateDate>
      <ItemCode>9348</ItemCode>
      <ItemType>0</ItemType>
      <ItemName>שום בתפזורת</ItemName>
      <ManufacturerName>חקלאי</ManufacturerName>
      <ManufactureCountry>ישראל</ManufactureCountry>
      <ManufacturerItemDescription>שום בתפזורת</ManufacturerItemDescription>
      <UnitQty>קילוגרמים</UnitQty>
      <Quantity>1.00</Quantity>
      <UnitOfMeasure>ק"ג</UnitOfMeasure>
      <bIsWeighted>1</bIsWeighted>
      <QtyInPackage>לא ידוע</QtyInPackage>
      <ItemPrice>34.90</ItemPrice>
      <UnitOfMeasurePrice>34.9000</UnitOfMeasurePrice>
      <AllowDiscount>1</AllowDiscount>
      <ItemStatus>1</ItemStatus>
      <ItemId>81220</ItemId>
    </Item>
    <Item>
      <PriceUpdateDate>2016-09-01 09:13:56</PriceUpdateDate>
      <ItemCode>9180</ItemCode>
      <ItemType>0</ItemType>
      <ItemName>קשואים</ItemName>
      <ManufacturerName>חקלאי</ManufacturerName>
      <ManufactureCountry>ישראל</ManufactureCountry>
      <ManufacturerItemDescription>קשואים</ManufacturerItemDescription>
      <UnitQty>קילוגרמים</UnitQty>
      <Quantity>1.00</Quantity>
      <UnitOfMeasure>ק"ג</UnitOfMeasure>
      <bIsWeighted>1</bIsWeighted>
      <QtyInPackage>לא ידוע</QtyInPackage>
      <ItemPrice>10.90</ItemPrice>
      <UnitOfMeasurePrice>10.9000</UnitOfMeasurePrice>
      <AllowDiscount>1</AllowDiscount>
      <ItemStatus>1</ItemStatus>
      <ItemId>81221</ItemId>
    </Item>
    <Item>
      <PriceUpdateDate>2016-08-16 12:33:19</PriceUpdateDate>
      <ItemCode>981</ItemCode>
      <ItemType>0</ItemType>
      <ItemName>צנונית בייבי ארוזה</ItemName>
      <ManufacturerName>חקלאי</ManufacturerName>
      <ManufactureCountry>ישראל</ManufactureCountry>
      <ManufacturerItemDescription>צנונית בייבי ארוזה</ManufacturerItemDescription>
      <UnitQty>Unknown </UnitQty>
      <Quantity>0.00</Quantity>
      <UnitOfMeasure>Unknown </UnitOfMeasure>
      <bIsWeighted>0</bIsWeighted>
      <QtyInPackage>1</QtyInPackage>
      <ItemPrice>6.90</ItemPrice>
      <UnitOfMeasurePrice>0.0000</UnitOfMeasurePrice>
      <AllowDiscount>1</AllowDiscount>
      <ItemStatus>1</ItemStatus>
      <ItemId>81225</ItemId>
    </Item>
    <Item>
      <PriceUpdateDate>2016-09-01 09:13:56</PriceUpdateDate>
      <ItemCode>9170</ItemCode>
      <ItemType>0</ItemType>
      <ItemName>קולורבי</ItemName>
      <ManufacturerName>חקלאי</ManufacturerName>
      <ManufactureCountry>ישראל</ManufactureCountry>
      <ManufacturerItemDescription>קולורבי</ManufacturerItemDescription>
      <UnitQty>קילוגרמים</UnitQty>
      <Quantity>1.00</Quantity>
      <UnitOfMeasure>ק"ג</UnitOfMeasure>
      <bIsWeighted>1</bIsWeighted>
      <QtyInPackage>לא ידוע</QtyInPackage>
      <ItemPrice>8.90</ItemPrice>
      <UnitOfMeasurePrice>8.9000</UnitOfMeasurePrice>
      <AllowDiscount>1</AllowDiscount>
      <ItemStatus>1</ItemStatus>
      <ItemId>81226</ItemId>
    </Item>
    <Item>
      <PriceUpdateDate>2016-08-18 07:04:33</PriceUpdateDate>
      <ItemCode>9158</ItemCode>
      <ItemType>0</ItemType>
      <ItemName>פלפל חריף ירוק</ItemName>
      <ManufacturerName>חקלאי</ManufacturerName>
      <ManufactureCountry>ישראל</ManufactureCountry>
      <ManufacturerItemDescription>פלפל חריף ירוק</ManufacturerItemDescription>
      <UnitQty>קילוגרמים</UnitQty>
      <Quantity>1.00</Quantity>
      <UnitOfMeasure>ק"ג</UnitOfMeasure>
      <bIsWeighted>1</bIsWeighted>
      <QtyInPackage>לא ידוע</QtyInPackage>
      <ItemPrice>8.90</ItemPrice>
      <UnitOfMeasurePrice>8.9000</UnitOfMeasurePrice>
      <AllowDiscount>1</AllowDiscount>
      <ItemStatus>1</ItemStatus>
      <ItemId>81227</ItemId>
    </Item>
    <Item>
      <PriceUpdateDate>2016-08-25 07:22:41</PriceUpdateDate>
      <ItemCode>9155</ItemCode>
      <ItemType>0</ItemType>
      <ItemName>פלפל כהה</ItemName>
      <ManufacturerName>חקלאי</ManufacturerName>
      <ManufactureCountry>ישראל</ManufactureCountry>
      <ManufacturerItemDescription>פלפל כהה</ManufacturerItemDescription>
      <UnitQty>קילוגרמים</UnitQty>
      <Quantity>1.00</Quantity>
      <UnitOfMeasure>ק"ג</UnitOfMeasure>
      <bIsWeighted>1</bIsWeighted>
      <QtyInPackage>לא ידוע</QtyInPackage>
      <ItemPrice>8.90</ItemPrice>
      <UnitOfMeasurePrice>8.9000</UnitOfMeasurePrice>
      <AllowDiscount>1</AllowDiscount>
      <ItemStatus>1</ItemStatus>
      <ItemId>81230</ItemId>
    </Item>
    <Item>
      <PriceUpdateDate>2016-09-01 09:13:56</PriceUpdateDate>
      <ItemCode>9160</ItemCode>
      <ItemType>0</ItemType>
      <ItemName>פלפל אדום</ItemName>
      <ManufacturerName>חקלאי</ManufacturerName>
      <ManufactureCountry>ישראל</ManufactureCountry>
      <ManufacturerItemDescription>פלפל אדום</ManufacturerItemDescription>
      <UnitQty>קילוגרמים</UnitQty>
      <Quantity>1.00</Quantity>
      <UnitOfMeasure>ק"ג</UnitOfMeasure>
      <bIsWeighted>1</bIsWeighted>
      <QtyInPackage>לא ידוע</QtyInPackage>
      <ItemPrice>10.90</ItemPrice>
      <UnitOfMeasurePrice>10.9000</UnitOfMeasurePrice>
      <AllowDiscount>1</AllowDiscount>
      <ItemStatus>1</ItemStatus>
      <ItemId>81231</ItemId>
    </Item>
    <Item>
      <PriceUpdateDate>2016-08-30 11:59:19</PriceUpdateDate>
      <ItemCode>911</ItemCode>
      <ItemType>0</ItemType>
      <ItemName>שרי באשכול</ItemName>
      <ManufacturerName>חקלאי</ManufacturerName>
      <ManufactureCountry>ישראל</ManufactureCountry>
      <ManufacturerItemDescription>שרי באשכול</ManufacturerItemDescription>
      <UnitQty>קילוגרמים</UnitQty>
      <Quantity>1.00</Quantity>
      <UnitOfMeasure>ק"ג</UnitOfMeasure>
      <bIsWeighted>1</bIsWeighted>
      <QtyInPackage>לא ידוע</QtyInPackage>
      <ItemPrice>17.90</ItemPrice>
      <UnitOfMeasurePrice>17.9000</UnitOfMeasurePrice>
      <AllowDiscount>1</AllowDiscount>
      <ItemStatus>1</ItemStatus>
      <ItemId>81232</ItemId>
    </Item>
    <Item>
      <PriceUpdateDate>2016-08-14 10:53:30</PriceUpdateDate>
      <ItemCode>910</ItemCode>
      <ItemType>0</ItemType>
      <ItemName>עגבניות טעם</ItemName>
      <ManufacturerName>חקלאי</ManufacturerName>
      <ManufactureCountry>ישראל</ManufactureCountry>
      <ManufacturerItemDescription>עגבניות טעם</ManufacturerItemDescription>
      <UnitQty>קילוגרמים</UnitQty>
      <Quantity>1.00</Quantity>
      <UnitOfMeasure>ק"ג</UnitOfMeasure>
      <bIsWeighted>1</bIsWeighted>
      <QtyInPackage>לא ידוע</QtyInPackage>
      <ItemPrice>8.90</ItemPrice>
      <UnitOfMeasurePrice>8.9000</UnitOfMeasurePrice>
      <AllowDiscount>1</AllowDiscount>
      <ItemStatus>1</ItemStatus>
      <ItemId>81233</ItemId>
    </Item>
    <Item>
      <PriceUpdateDate>2016-08-14 10:53:31</PriceUpdateDate>
      <ItemCode>917</ItemCode>
      <ItemType>0</ItemType>
      <ItemName>עגבניה</ItemName>
      <ManufacturerName>חקלאי</ManufacturerName>
      <ManufactureCountry>ישראל</ManufactureCountry>
      <ManufacturerItemDescription>עגבניה</ManufacturerItemDescription>
      <UnitQty>קילוגרמים</UnitQty>
      <Quantity>1.00</Quantity>
      <UnitOfMeasure>ק"ג</UnitOfMeasure>
      <bIsWeighted>1</bIsWeighted>
      <QtyInPackage>לא ידוע</QtyInPackage>
      <ItemPrice>8.90</ItemPrice>
      <UnitOfMeasurePrice>8.9000</UnitOfMeasurePrice>
      <AllowDiscount>1</AllowDiscount>
      <ItemStatus>1</ItemStatus>
      <ItemId>81234</ItemId>
    </Item>
    <Item>
      <PriceUpdateDate>2016-08-23 07:49:10</PriceUpdateDate>
      <ItemCode>941</ItemCode>
      <ItemType>0</ItemType>
      <ItemName>סלק</ItemName>
      <ManufacturerName>חקלאי</ManufacturerName>
      <ManufactureCountry>ישראל</ManufactureCountry>
      <ManufacturerItemDescription>סלק</ManufacturerItemDescription>
      <UnitQty>קילוגרמים</UnitQty>
      <Quantity>1.00</Quantity>
      <UnitOfMeasure>ק"ג</UnitOfMeasure>
      <bIsWeighted>1</bIsWeighted>
      <QtyInPackage>לא ידוע</QtyInPackage>
      <ItemPrice>7.90</ItemPrice>
      <UnitOfMeasurePrice>7.9000</UnitOfMeasurePrice>
      <AllowDiscount>1</AllowDiscount>
      <ItemStatus>1</ItemStatus>
      <ItemId>81235</ItemId>
    </Item>
    <Item>
      <PriceUpdateDate>2016-09-01 09:13:56</PriceUpdateDate>
      <ItemCode>920</ItemCode>
      <ItemType>0</ItemType>
      <ItemName>מלפפון</ItemName>
      <ManufacturerName>חקלאי</ManufacturerName>
      <ManufactureCountry>ישראל</ManufactureCountry>
      <ManufacturerItemDescription>מלפפון</ManufacturerItemDescription>
      <UnitQty>קילוגרמים</UnitQty>
      <Quantity>1.00</Quantity>
      <UnitOfMeasure>ק"ג</UnitOfMeasure>
      <bIsWeighted>1</bIsWeighted>
      <QtyInPackage>לא ידוע</QtyInPackage>
      <ItemPrice>7.90</ItemPrice>
      <UnitOfMeasurePrice>7.9000</UnitOfMeasurePrice>
      <AllowDiscount>1</AllowDiscount>
      <ItemStatus>1</ItemStatus>
      <ItemId>81236</ItemId>
    </Item>
    <Item>
      <PriceUpdateDate>2016-08-25 07:22:18</PriceUpdateDate>
      <ItemCode>9270</ItemCode>
      <ItemType>0</ItemType>
      <ItemName>לוף</ItemName>
      <ManufacturerName>חקלאי</ManufacturerName>
      <ManufactureCountry>ישראל</ManufactureCountry>
      <ManufacturerItemDescription>לוף</ManufacturerItemDescription>
      <UnitQty>קילוגרמים</UnitQty>
      <Quantity>1.00</Quantity>
      <UnitOfMeasure>ק"ג</UnitOfMeasure>
      <bIsWeighted>1</bIsWeighted>
      <QtyInPackage>לא ידוע</QtyInPackage>
      <ItemPrice>8.90</ItemPrice>
      <UnitOfMeasurePrice>8.9000</UnitOfMeasurePrice>
      <AllowDiscount>1</AllowDiscount>
      <ItemStatus>1</ItemStatus>
      <ItemId>81237</ItemId>
    </Item>
    <Item>
      <PriceUpdateDate>2016-09-01 09:13:56</PriceUpdateDate>
      <ItemCode>945</ItemCode>
      <ItemType>0</ItemType>
      <ItemName>כרוב לבן</ItemName>
      <ManufacturerName>חקלאי</ManufacturerName>
      <ManufactureCountry>ישראל</ManufactureCountry>
      <ManufacturerItemDescription>כרוב לבן</ManufacturerItemDescription>
      <UnitQty>קילוגרמים</UnitQty>
      <Quantity>1.00</Quantity>
      <UnitOfMeasure>ק"ג</UnitOfMeasure>
      <bIsWeighted>1</bIsWeighted>
      <QtyInPackage>לא ידוע</QtyInPackage>
      <ItemPrice>4.90</ItemPrice>
      <UnitOfMeasurePrice>4.9000</UnitOfMeasurePrice>
      <AllowDiscount>1</AllowDiscount>
      <ItemStatus>1</ItemStatus>
      <ItemId>81238</ItemId>
    </Item>
    <Item>
      <PriceUpdateDate>2016-09-01 09:13:56</PriceUpdateDate>
      <ItemCode>9950</ItemCode>
      <ItemType>0</ItemType>
      <ItemName>כרוב אדום</ItemName>
      <ManufacturerName>חקלאי</ManufacturerName>
      <ManufactureCountry>ישראל</ManufactureCountry>
      <ManufacturerItemDescription>כרוב אדום</ManufacturerItemDescription>
      <UnitQty>קילוגרמים</UnitQty>
      <Quantity>1.00</Quantity>
      <UnitOfMeasure>ק"ג</UnitOfMeasure>
      <bIsWeighted>1</bIsWeighted>
      <QtyInPackage>לא ידוע</QtyInPackage>
      <ItemPrice>8.90</ItemPrice>
      <UnitOfMeasurePrice>8.9000</UnitOfMeasurePrice>
      <AllowDiscount>1</AllowDiscount>
      <ItemStatus>1</ItemStatus>
      <ItemId>81239</ItemId>
    </Item>
    <Item>
      <PriceUpdateDate>2016-08-25 07:22:18</PriceUpdateDate>
      <ItemCode>9140</ItemCode>
      <ItemType>0</ItemType>
      <ItemName>חצילים</ItemName>
      <ManufacturerName>חקלאי</ManufacturerName>
      <ManufactureCountry>ישראל</ManufactureCountry>
      <ManufacturerItemDescription>חצילים</ManufacturerItemDescription>
      <UnitQty>קילוגרמים</UnitQty>
      <Quantity>1.00</Quantity>
      <UnitOfMeasure>ק"ג</UnitOfMeasure>
      <bIsWeighted>1</bIsWeighted>
      <QtyInPackage>לא ידוע</QtyInPackage>
      <ItemPrice>5.90</ItemPrice>
      <UnitOfMeasurePrice>5.9000</UnitOfMeasurePrice>
      <AllowDiscount>1</AllowDiscount>
      <ItemStatus>1</ItemStatus>
      <ItemId>81240</ItemId>
    </Item>
    <Item>
      <PriceUpdateDate>2016-06-01 10:54:27</PriceUpdateDate>
      <ItemCode>9131</ItemCode>
      <ItemType>0</ItemType>
      <ItemName>דלעת ארוזה</ItemName>
      <ManufacturerName>חקלאי</ManufacturerName>
      <ManufactureCountry>ישראל</ManufactureCountry>
      <ManufacturerItemDescription>דלעת ארוזה</ManufacturerItemDescription>
      <UnitQty>קילוגרמים</UnitQty>
      <Quantity>1.00</Quantity>
      <UnitOfMeasure>ק"ג</UnitOfMeasure>
      <bIsWeighted>1</bIsWeighted>
      <QtyInPackage>לא ידוע</QtyInPackage>
      <ItemPrice>7.90</ItemPrice>
      <UnitOfMeasurePrice>7.9000</UnitOfMeasurePrice>
      <AllowDiscount>1</AllowDiscount>
      <ItemStatus>1</ItemStatus>
      <ItemId>81241</ItemId>
    </Item>
    <Item>
      <PriceUpdateDate>2016-06-16 12:40:40</PriceUpdateDate>
      <ItemCode>9135</ItemCode>
      <ItemType>0</ItemType>
      <ItemName>דלורית</ItemName>
      <ManufacturerName>חקלאי</ManufacturerName>
      <ManufactureCountry>ישראל</ManufactureCountry>
      <ManufacturerItemDescription>דלורית</ManufacturerItemDescription>
      <UnitQty>קילוגרמים</UnitQty>
      <Quantity>1.00</Quantity>
      <UnitOfMeasure>ק"ג</UnitOfMeasure>
      <bIsWeighted>1</bIsWeighted>
      <QtyInPackage>לא ידוע</QtyInPackage>
      <ItemPrice>4.90</ItemPrice>
      <UnitOfMeasurePrice>4.9000</UnitOfMeasurePrice>
      <AllowDiscount>1</AllowDiscount>
      <ItemStatus>1</ItemStatus>
      <ItemId>81242</ItemId>
    </Item>
    <Item>
      <PriceUpdateDate>2016-09-01 09:13:56</PriceUpdateDate>
      <ItemCode>9311</ItemCode>
      <ItemType>0</ItemType>
      <ItemName>גזר ארוז</ItemName>
      <ManufacturerName>חקלאי</ManufacturerName>
      <ManufactureCountry>ישראל</ManufactureCountry>
      <ManufacturerItemDescription>גזר ארוז</ManufacturerItemDescription>
      <UnitQty>קילוגרמים</UnitQty>
      <Quantity>1.00</Quantity>
      <UnitOfMeasure>ק"ג</UnitOfMeasure>
      <bIsWeighted>1</bIsWeighted>
      <QtyInPackage>לא ידוע</QtyInPackage>
      <ItemPrice>4.90</ItemPrice>
      <UnitOfMeasurePrice>4.9000</UnitOfMeasurePrice>
      <AllowDiscount>1</AllowDiscount>
      <ItemStatus>1</ItemStatus>
      <ItemId>81243</ItemId>
    </Item>
    <Item>
      <PriceUpdateDate>2016-09-01 09:13:56</PriceUpdateDate>
      <ItemCode>990</ItemCode>
      <ItemType>0</ItemType>
      <ItemName>בצל יבש</ItemName>
      <ManufacturerName>חקלאי</ManufacturerName>
      <ManufactureCountry>ישראל</ManufactureCountry>
      <ManufacturerItemDescription>בצל יבש</ManufacturerItemDescription>
      <UnitQty>קילוגרמים</UnitQty>
      <Quantity>1.00</Quantity>
      <UnitOfMeasure>ק"ג</UnitOfMeasure>
      <bIsWeighted>1</bIsWeighted>
      <QtyInPackage>לא ידוע</QtyInPackage>
      <ItemPrice>3.90</ItemPrice>
      <UnitOfMeasurePrice>3.9000</UnitOfMeasurePrice>
      <AllowDiscount>1</AllowDiscount>
      <ItemStatus>1</ItemStatus>
      <ItemId>81244</ItemId>
    </Item>
    <Item>
      <PriceUpdateDate>2016-08-14 10:53:31</PriceUpdateDate>
      <ItemCode>9891</ItemCode>
      <ItemType>0</ItemType>
      <ItemName>ברוקולי ארוז</ItemName>
      <ManufacturerName>חקלאי</ManufacturerName>
      <ManufactureCountry>ישראל</ManufactureCountry>
      <ManufacturerItemDescription>ברוקולי ארוז</ManufacturerItemDescription>
      <UnitQty>Unknown </UnitQty>
      <Quantity>0.00</Quantity>
      <UnitOfMeasure>Unknown </UnitOfMeasure>
      <bIsWeighted>0</bIsWeighted>
      <QtyInPackage>1</QtyInPackage>
      <ItemPrice>14.90</ItemPrice>
      <UnitOfMeasurePrice>0.0000</UnitOfMeasurePrice>
      <AllowDiscount>1</AllowDiscount>
      <ItemStatus>1</ItemStatus>
      <ItemId>81246</ItemId>
    </Item>
    <Item>
      <PriceUpdateDate>2015-10-01 06:16:12</PriceUpdateDate>
      <ItemCode>7290102394821</ItemCode>
      <ItemType>1</ItemType>
      <ItemName>גבינה צהובה דקדק</ItemName>
      <ManufacturerName>טרה</ManufacturerName>
      <ManufactureCountry>ישראל</ManufactureCountry>
      <ManufacturerItemDescription>גבינה צהובה דקדק 200 28% גרם</ManufacturerItemDescription>
      <UnitQty>גרמים</UnitQty>
      <Quantity>200.00</Quantity>
      <UnitOfMeasure>100 גרם</UnitOfMeasure>
      <bIsWeighted>0</bIsWeighted>
      <QtyInPackage>1</QtyInPackage>
      <ItemPrice>15.70</ItemPrice>
      <UnitOfMeasurePrice>7.8500</UnitOfMeasurePrice>
      <AllowDiscount>1</AllowDiscount>
      <ItemStatus>1</ItemStatus>
      <ItemId>81247</ItemId>
    </Item>
    <Item>
      <PriceUpdateDate>2016-05-19 11:26:03</PriceUpdateDate>
      <ItemCode>8002085001257</ItemCode>
      <ItemType>1</ItemType>
      <ItemName>ציפס קריק קרוק אורגי</ItemName>
      <ManufacturerName>איקה</ManufacturerName>
      <ManufactureCountry>לא ידוע</ManufactureCountry>
      <ManufacturerItemDescription>ציפס קריק קרוק בטעם טבעי 100 גרם</ManufacturerItemDescription>
      <UnitQty>גרמים</UnitQty>
      <Quantity>100.00</Quantity>
      <UnitOfMeasure>100 גרם</UnitOfMeasure>
      <bIsWeighted>0</bIsWeighted>
      <QtyInPackage>1</QtyInPackage>
      <ItemPrice>9.90</ItemPrice>
      <UnitOfMeasurePrice>9.9000</UnitOfMeasurePrice>
      <AllowDiscount>1</AllowDiscount>
      <ItemStatus>1</ItemStatus>
      <ItemId>81301</ItemId>
    </Item>
    <Item>
      <PriceUpdateDate>2016-05-19 11:26:03</PriceUpdateDate>
      <ItemCode>8002085001264</ItemCode>
      <ItemType>1</ItemType>
      <ItemName>ציפס קריק קרוק חריף</ItemName>
      <ManufacturerName>איקה</ManufacturerName>
      <ManufactureCountry>לא ידוע</ManufactureCountry>
      <ManufacturerItemDescription>ציפס קריק קרוק בטעם פפריקה 100 גרם</ManufacturerItemDescription>
      <UnitQty>גרמים</UnitQty>
      <Quantity>100.00</Quantity>
      <UnitOfMeasure>100 גרם</UnitOfMeasure>
      <bIsWeighted>0</bIsWeighted>
      <QtyInPackage>1</QtyInPackage>
      <ItemPrice>9.90</ItemPrice>
      <UnitOfMeasurePrice>9.9000</UnitOfMeasurePrice>
      <AllowDiscount>1</AllowDiscount>
      <ItemStatus>1</ItemStatus>
      <ItemId>81302</ItemId>
    </Item>
    <Item>
      <PriceUpdateDate>2015-01-01 00:00:00</PriceUpdateDate>
      <ItemCode>7280001388328</ItemCode>
      <ItemType>1</ItemType>
      <ItemName>נפנף</ItemName>
      <ManufacturerName>יושלם</ManufacturerName>
      <ManufactureCountry>יושלם</ManufactureCountry>
      <ManufacturerItemDescription>נפנף</ManufacturerItemDescription>
      <UnitQty>Unknown </UnitQty>
      <Quantity>0.00</Quantity>
      <UnitOfMeasure>Unknown </UnitOfMeasure>
      <bIsWeighted>0</bIsWeighted>
      <QtyInPackage>1</QtyInPackage>
      <ItemPrice>5.00</ItemPrice>
      <UnitOfMeasurePrice>0.0000</UnitOfMeasurePrice>
      <AllowDiscount>1</AllowDiscount>
      <ItemStatus>1</ItemStatus>
      <ItemId>81322</ItemId>
    </Item>
    <Item>
      <PriceUpdateDate>2016-09-01 09:13:57</PriceUpdateDate>
      <ItemCode>9150</ItemCode>
      <ItemType>0</ItemType>
      <ItemName>פלפל בהיר</ItemName>
      <ManufacturerName>חקלאי</ManufacturerName>
      <ManufactureCountry>ישראל</ManufactureCountry>
      <ManufacturerItemDescription>פלפל בהיר</ManufacturerItemDescription>
      <UnitQty>קילוגרמים</UnitQty>
      <Quantity>1.00</Quantity>
      <UnitOfMeasure>ק"ג</UnitOfMeasure>
      <bIsWeighted>1</bIsWeighted>
      <QtyInPackage>לא ידוע</QtyInPackage>
      <ItemPrice>8.90</ItemPrice>
      <UnitOfMeasurePrice>8.9000</UnitOfMeasurePrice>
      <AllowDiscount>1</AllowDiscount>
      <ItemStatus>1</ItemStatus>
      <ItemId>81341</ItemId>
    </Item>
    <Item>
      <PriceUpdateDate>2015-05-26 08:07:51</PriceUpdateDate>
      <ItemCode>9237</ItemCode>
      <ItemType>0</ItemType>
      <ItemName>עלי חסה שטופים</ItemName>
      <ManufacturerName>חקלאי</ManufacturerName>
      <ManufactureCountry>ישראל</ManufactureCountry>
      <ManufacturerItemDescription>עלי חסה שטופים</ManufacturerItemDescription>
      <UnitQty>Unknown </UnitQty>
      <Quantity>0.00</Quantity>
      <UnitOfMeasure>Unknown </UnitOfMeasure>
      <bIsWeighted>0</bIsWeighted>
      <QtyInPackage>1</QtyInPackage>
      <ItemPrice>7.90</ItemPrice>
      <UnitOfMeasurePrice>0.0000</UnitOfMeasurePrice>
      <AllowDiscount>1</AllowDiscount>
      <ItemStatus>1</ItemStatus>
      <ItemId>81387</ItemId>
    </Item>
    <Item>
      <PriceUpdateDate>2016-09-01 09:13:56</PriceUpdateDate>
      <ItemCode>9185</ItemCode>
      <ItemType>0</ItemType>
      <ItemName>אפרסק לבן 55</ItemName>
      <ManufacturerName>חקלאי</ManufacturerName>
      <ManufactureCountry>ישראל</ManufactureCountry>
      <ManufacturerItemDescription>אפרסק לבן 55</ManufacturerItemDescription>
      <UnitQty>קילוגרמים</UnitQty>
      <Quantity>1.00</Quantity>
      <UnitOfMeasure>ק"ג</UnitOfMeasure>
      <bIsWeighted>1</bIsWeighted>
      <QtyInPackage>לא ידוע</QtyInPackage>
      <ItemPrice>10.90</ItemPrice>
      <UnitOfMeasurePrice>10.9000</UnitOfMeasurePrice>
      <AllowDiscount>1</AllowDiscount>
      <ItemStatus>1</ItemStatus>
      <ItemId>81388</ItemId>
    </Item>
    <Item>
      <PriceUpdateDate>2016-08-23 07:49:09</PriceUpdateDate>
      <ItemCode>9376</ItemCode>
      <ItemType>0</ItemType>
      <ItemName>ארטישוק ירושלמי</ItemName>
      <ManufacturerName>חקלאי</ManufacturerName>
      <ManufactureCountry>ישראל</ManufactureCountry>
      <ManufacturerItemDescription>ארטישוק ירושלמי</ManufacturerItemDescription>
      <UnitQty>קילוגרמים</UnitQty>
      <Quantity>1.00</Quantity>
      <UnitOfMeasure>ק"ג</UnitOfMeasure>
      <bIsWeighted>1</bIsWeighted>
      <QtyInPackage>לא ידוע</QtyInPackage>
      <ItemPrice>13.90</ItemPrice>
      <UnitOfMeasurePrice>13.9000</UnitOfMeasurePrice>
      <AllowDiscount>1</AllowDiscount>
      <ItemStatus>1</ItemStatus>
      <ItemId>81417</ItemId>
    </Item>
    <Item>
      <PriceUpdateDate>2015-10-26 19:15:36</PriceUpdateDate>
      <ItemCode>7290107523394</ItemCode>
      <ItemType>1</ItemType>
      <ItemName>חנוכיה ברזל</ItemName>
      <ManufacturerName>פאלאס</ManufacturerName>
      <ManufactureCountry>ישראל</ManufactureCountry>
      <ManufacturerItemDescription>חנוכיה</ManufacturerItemDescription>
      <UnitQty>Unknown </UnitQty>
      <Quantity>0.00</Quantity>
      <UnitOfMeasure>Unknown </UnitOfMeasure>
      <bIsWeighted>0</bIsWeighted>
      <QtyInPackage>1</QtyInPackage>
      <ItemPrice>19.90</ItemPrice>
      <UnitOfMeasurePrice>0.0000</UnitOfMeasurePrice>
      <AllowDiscount>1</AllowDiscount>
      <ItemStatus>1</ItemStatus>
      <ItemId>107474</ItemId>
    </Item>
    <Item>
      <PriceUpdateDate>2016-02-11 11:19:43</PriceUpdateDate>
      <ItemCode>7290102394814</ItemCode>
      <ItemType>1</ItemType>
      <ItemName>חמאה</ItemName>
      <ManufacturerName>טרה</ManufacturerName>
      <ManufactureCountry>ישראל</ManufactureCountry>
      <ManufacturerItemDescription>חמאה 200 גרם פיקוח</ManufacturerItemDescription>
      <UnitQty>גרמים</UnitQty>
      <Quantity>200.00</Quantity>
      <UnitOfMeasure>100 גרם</UnitOfMeasure>
      <bIsWeighted>0</bIsWeighted>
      <QtyInPackage>1</QtyInPackage>
      <ItemPrice>7.60</ItemPrice>
      <UnitOfMeasurePrice>3.8000</UnitOfMeasurePrice>
      <AllowDiscount>1</AllowDiscount>
      <ItemStatus>1</ItemStatus>
      <ItemId>81706</ItemId>
    </Item>
    <Item>
      <PriceUpdateDate>2016-05-27 07:52:49</PriceUpdateDate>
      <ItemCode>7290105360762</ItemCode>
      <ItemType>1</ItemType>
      <ItemName>שמן זית 1 עדין</ItemName>
      <ManufacturerName>שטראוס גרופ</ManufacturerName>
      <ManufactureCountry>ישראל</ManufactureCountry>
      <ManufacturerItemDescription>שמן זית 1 עדין 750 מ"ל</ManufacturerItemDescription>
      <UnitQty>מיליליטרים</UnitQty>
      <Quantity>750.00</Quantity>
      <UnitOfMeasure>100 מ"ל</UnitOfMeasure>
      <bIsWeighted>0</bIsWeighted>
      <QtyInPackage>1</QtyInPackage>
      <ItemPrice>39.50</ItemPrice>
      <UnitOfMeasurePrice>5.2667</UnitOfMeasurePrice>
      <AllowDiscount>1</AllowDiscount>
      <ItemStatus>1</ItemStatus>
      <ItemId>81717</ItemId>
    </Item>
    <Item>
      <PriceUpdateDate>2015-01-01 00:00:00</PriceUpdateDate>
      <ItemCode>80817109</ItemCode>
      <ItemType>1</ItemType>
      <ItemName>מסטיק מנטוסD3 טעם תו</ItemName>
      <ManufacturerName>פרפטי ואן מלה</ManufacturerName>
      <ManufactureCountry>לא ידוע</ManufactureCountry>
      <ManufacturerItemDescription>מסטיק מנטוסD3 טעם תות תפוח פטל</ManufacturerItemDescription>
      <UnitQty>גרמים</UnitQty>
      <Quantity>30.00</Quantity>
      <UnitOfMeasure>100 גרם</UnitOfMeasure>
      <bIsWeighted>0</bIsWeighted>
      <QtyInPackage>1</QtyInPackage>
      <ItemPrice>7.20</ItemPrice>
      <UnitOfMeasurePrice>24.0000</UnitOfMeasurePrice>
      <AllowDiscount>1</AllowDiscount>
      <ItemStatus>1</ItemStatus>
      <ItemId>81742</ItemId>
    </Item>
    <Item>
      <PriceUpdateDate>2015-01-01 00:00:00</PriceUpdateDate>
      <ItemCode>80938828</ItemCode>
      <ItemType>1</ItemType>
      <ItemName>מסטיק מנטוסD3 טעם אב</ItemName>
      <ManufacturerName>פרפטי ואן מלה</ManufacturerName>
      <ManufactureCountry>לא ידוע</ManufactureCountry>
      <ManufacturerItemDescription>מסטיק מנטוסD3 טעם אביטח אננס מ</ManufacturerItemDescription>
      <UnitQty>גרמים</UnitQty>
      <Quantity>30.00</Quantity>
      <UnitOfMeasure>100 גרם</UnitOfMeasure>
      <bIsWeighted>0</bIsWeighted>
      <QtyInPackage>1</QtyInPackage>
      <ItemPrice>7.20</ItemPrice>
      <UnitOfMeasurePrice>24.0000</UnitOfMeasurePrice>
      <AllowDiscount>1</AllowDiscount>
      <ItemStatus>1</ItemStatus>
      <ItemId>81744</ItemId>
    </Item>
    <Item>
      <PriceUpdateDate>2015-01-01 00:00:00</PriceUpdateDate>
      <ItemCode>80946854</ItemCode>
      <ItemType>1</ItemType>
      <ItemName>מסטיק מנטוסD3 טעם מנ</ItemName>
      <ManufacturerName>פרפטי ואן מלה</ManufacturerName>
      <ManufactureCountry>טורקיה</ManufactureCountry>
      <ManufacturerItemDescription>מסטיק מנטוסD3 טעם מנטה</ManufacturerItemDescription>
      <UnitQty>גרמים</UnitQty>
      <Quantity>30.00</Quantity>
      <UnitOfMeasure>100 גרם</UnitOfMeasure>
      <bIsWeighted>0</bIsWeighted>
      <QtyInPackage>1</QtyInPackage>
      <ItemPrice>7.20</ItemPrice>
      <UnitOfMeasurePrice>24.0000</UnitOfMeasurePrice>
      <AllowDiscount>1</AllowDiscount>
      <ItemStatus>1</ItemStatus>
      <ItemId>81745</ItemId>
    </Item>
    <Item>
      <PriceUpdateDate>2015-01-01 00:00:00</PriceUpdateDate>
      <ItemCode>8690637611698</ItemCode>
      <ItemType>1</ItemType>
      <ItemName>דאו בודי ספריי אנרכי</ItemName>
      <ManufacturerName>יוניליוור גרמניה (בו</ManufacturerName>
      <ManufactureCountry>לא ידוע</ManufactureCountry>
      <ManufacturerItemDescription>אקס דאו בודי ספריי אנרכי 150 מ</ManufacturerItemDescription>
      <UnitQty>מיליליטרים</UnitQty>
      <Quantity>150.00</Quantity>
      <UnitOfMeasure>100 מ"ל</UnitOfMeasure>
      <bIsWeighted>0</bIsWeighted>
      <QtyInPackage>1</QtyInPackage>
      <ItemPrice>21.90</ItemPrice>
      <UnitOfMeasurePrice>14.6000</UnitOfMeasurePrice>
      <AllowDiscount>1</AllowDiscount>
      <ItemStatus>1</ItemStatus>
      <ItemId>81748</ItemId>
    </Item>
    <Item>
      <PriceUpdateDate>2015-10-01 06:15:05</PriceUpdateDate>
      <ItemCode>8710502405204</ItemCode>
      <ItemType>1</ItemType>
      <ItemName>עוגיות שוקולד צ"יפס</ItemName>
      <ManufacturerName>י. מרבה ישראל בע"מ</ManufacturerName>
      <ManufactureCountry>לא ידוע</ManufactureCountry>
      <ManufacturerItemDescription>עוגיות שוקולד צ"יפס ממולאות בק</ManufacturerItemDescription>
      <UnitQty>גרמים</UnitQty>
      <Quantity>175.00</Quantity>
      <UnitOfMeasure>100 גרם</UnitOfMeasure>
      <bIsWeighted>0</bIsWeighted>
      <QtyInPackage>1</QtyInPackage>
      <ItemPrice>11.80</ItemPrice>
      <UnitOfMeasurePrice>6.7429</UnitOfMeasurePrice>
      <AllowDiscount>1</AllowDiscount>
      <ItemStatus>1</ItemStatus>
      <ItemId>81750</ItemId>
    </Item>
    <Item>
      <PriceUpdateDate>2015-10-01 06:13:23</PriceUpdateDate>
      <ItemCode>7290105364883</ItemCode>
      <ItemType>1</ItemType>
      <ItemName>מעדן ביסקויט שוקולד</ItemName>
      <ManufacturerName>שטראוס גרופ</ManufacturerName>
      <ManufactureCountry>ישראל</ManufactureCountry>
      <ManufacturerItemDescription>מעדן ביסקויט שוקולד לבן</ManufacturerItemDescription>
      <UnitQty>גרמים</UnitQty>
      <Quantity>200.00</Quantity>
      <UnitOfMeasure>100 גרם</UnitOfMeasure>
      <bIsWeighted>0</bIsWeighted>
      <QtyInPackage>1</QtyInPackage>
      <ItemPrice>15.20</ItemPrice>
      <UnitOfMeasurePrice>7.6000</UnitOfMeasurePrice>
      <AllowDiscount>1</AllowDiscount>
      <ItemStatus>1</ItemStatus>
      <ItemId>81879</ItemId>
    </Item>
    <Item>
      <PriceUpdateDate>2015-10-01 06:13:23</PriceUpdateDate>
      <ItemCode>7290105364890</ItemCode>
      <ItemType>1</ItemType>
      <ItemName>שוקולד פרה מריר 60%</ItemName>
      <ManufacturerName>שטראוס גרופ</ManufacturerName>
      <ManufactureCountry>ישראל</ManufactureCountry>
      <ManufacturerItemDescription>שוקולד פרה מריר 60% ללא סוכר</ManufacturerItemDescription>
      <UnitQty>גרמים</UnitQty>
      <Quantity>100.00</Quantity>
      <UnitOfMeasure>100 גרם</UnitOfMeasure>
      <bIsWeighted>0</bIsWeighted>
      <QtyInPackage>1</QtyInPackage>
      <ItemPrice>9.80</ItemPrice>
      <UnitOfMeasurePrice>9.8000</UnitOfMeasurePrice>
      <AllowDiscount>1</AllowDiscount>
      <ItemStatus>1</ItemStatus>
      <ItemId>81899</ItemId>
    </Item>
    <Item>
      <PriceUpdateDate>2015-08-12 06:10:48</PriceUpdateDate>
      <ItemCode>7290105367297</ItemCode>
      <ItemType>1</ItemType>
      <ItemName>יוגו.במתיקות מעודנ</ItemName>
      <ManufacturerName>שטראוס גרופ</ManufacturerName>
      <ManufactureCountry>ישראל</ManufactureCountry>
      <ManufacturerItemDescription>יוגורט 2% במתיקות מעודנת 150 ג</ManufacturerItemDescription>
      <UnitQty>גרמים</UnitQty>
      <Quantity>150.00</Quantity>
      <UnitOfMeasure>100 גרם</UnitOfMeasure>
      <bIsWeighted>0</bIsWeighted>
      <QtyInPackage>1</QtyInPackage>
      <ItemPrice>3.30</ItemPrice>
      <UnitOfMeasurePrice>2.2000</UnitOfMeasurePrice>
      <AllowDiscount>1</AllowDiscount>
      <ItemStatus>1</ItemStatus>
      <ItemId>81902</ItemId>
    </Item>
    <Item>
      <PriceUpdateDate>2015-10-01 06:15:20</PriceUpdateDate>
      <ItemCode>7290003220748</ItemCode>
      <ItemType>1</ItemType>
      <ItemName>רוטב סויה בהירה</ItemName>
      <ManufacturerName>LINGHANG INDUSTRIA</ManufacturerName>
      <ManufactureCountry>תאילנד</ManufactureCountry>
      <ManufacturerItemDescription>רוטב סויה בהירה 640 מ"ל</ManufacturerItemDescription>
      <UnitQty>מיליליטרים</UnitQty>
      <Quantity>640.00</Quantity>
      <UnitOfMeasure>100 מ"ל</UnitOfMeasure>
      <bIsWeighted>0</bIsWeighted>
      <QtyInPackage>1</QtyInPackage>
      <ItemPrice>17.10</ItemPrice>
      <UnitOfMeasurePrice>2.6719</UnitOfMeasurePrice>
      <AllowDiscount>1</AllowDiscount>
      <ItemStatus>1</ItemStatus>
      <ItemId>81935</ItemId>
    </Item>
    <Item>
      <PriceUpdateDate>2015-10-01 06:18:41</PriceUpdateDate>
      <ItemCode>7290000056951</ItemCode>
      <ItemType>1</ItemType>
      <ItemName>שמנת לבישול     15%</ItemName>
      <ManufacturerName>תנובה מרכז שיתופי לש</ManufacturerName>
      <ManufactureCountry>ישראל</ManufactureCountry>
      <ManufacturerItemDescription>שמנת לבישול 500 15% מל</ManufacturerItemDescription>
      <UnitQty>מיליליטרים</UnitQty>
      <Quantity>500.00</Quantity>
      <UnitOfMeasure>100 מ"ל</UnitOfMeasure>
      <bIsWeighted>0</bIsWeighted>
      <QtyInPackage>1</QtyInPackage>
      <ItemPrice>16.20</ItemPrice>
      <UnitOfMeasurePrice>3.2400</UnitOfMeasurePrice>
      <AllowDiscount>1</AllowDiscount>
      <ItemStatus>1</ItemStatus>
      <ItemId>81999</ItemId>
    </Item>
    <Item>
      <PriceUpdateDate>2016-02-12 07:59:50</PriceUpdateDate>
      <ItemCode>7290000056968</ItemCode>
      <ItemType>1</ItemType>
      <ItemName>שמנ מתוקה הקצפה  38%</ItemName>
      <ManufacturerName>תנובה מרכז שיתופי לש</ManufacturerName>
      <ManufactureCountry>ישראל</ManufactureCountry>
      <ManufacturerItemDescription>שמנת מתוקה להקצפה 500 38% מ"ל</ManufacturerItemDescription>
      <UnitQty>מיליליטרים</UnitQty>
      <Quantity>500.00</Quantity>
      <UnitOfMeasure>100 מ"ל</UnitOfMeasure>
      <bIsWeighted>0</bIsWeighted>
      <QtyInPackage>1</QtyInPackage>
      <ItemPrice>11.80</ItemPrice>
      <UnitOfMeasurePrice>2.3600</UnitOfMeasurePrice>
      <AllowDiscount>1</AllowDiscount>
      <ItemStatus>1</ItemStatus>
      <ItemId>82000</ItemId>
    </Item>
    <Item>
      <PriceUpdateDate>2016-07-28 07:17:36</PriceUpdateDate>
      <ItemCode>7290013474438</ItemCode>
      <ItemType>1</ItemType>
      <ItemName>בייגלה דקים שומשום</ItemName>
      <ManufacturerName>אתר בייגל - Food</ManufacturerName>
      <ManufactureCountry>ישראל</ManufactureCountry>
      <ManufacturerItemDescription>בייגלה דקים דקים שומשום קלאסי</ManufacturerItemDescription>
      <UnitQty>גרמים</UnitQty>
      <Quantity>300.00</Quantity>
      <UnitOfMeasure>100 גרם</UnitOfMeasure>
      <bIsWeighted>0</bIsWeighted>
      <QtyInPackage>1</QtyInPackage>
      <ItemPrice>11.90</ItemPrice>
      <UnitOfMeasurePrice>3.9667</UnitOfMeasurePrice>
      <AllowDiscount>1</AllowDiscount>
      <ItemStatus>1</ItemStatus>
      <ItemId>82060</ItemId>
    </Item>
    <Item>
      <PriceUpdateDate>2015-10-01 06:14:45</PriceUpdateDate>
      <ItemCode>7290013269669</ItemCode>
      <ItemType>1</ItemType>
      <ItemName>נוזל רצפות  פנטזיה</ItemName>
      <ManufacturerName>סנו</ManufacturerName>
      <ManufactureCountry>ישראל</ManufactureCountry>
      <ManufacturerItemDescription>נוזל רצפות ריצפז פנטזיה 3 ליטר</ManufacturerItemDescription>
      <UnitQty>ליטרים</UnitQty>
      <Quantity>3.00</Quantity>
      <UnitOfMeasure>ליטר</UnitOfMeasure>
      <bIsWeighted>0</bIsWeighted>
      <QtyInPackage>1</QtyInPackage>
      <ItemPrice>19.10</ItemPrice>
      <UnitOfMeasurePrice>6.3667</UnitOfMeasurePrice>
      <AllowDiscount>1</AllowDiscount>
      <ItemStatus>1</ItemStatus>
      <ItemId>86007</ItemId>
    </Item>
    <Item>
      <PriceUpdateDate>2016-08-03 06:23:42</PriceUpdateDate>
      <ItemCode>9201</ItemCode>
      <ItemType>0</ItemType>
      <ItemName>תירס ארוז</ItemName>
      <ManufacturerName>חקלאי</ManufacturerName>
      <ManufactureCountry>ישראל</ManufactureCountry>
      <ManufacturerItemDescription>תירס ארוז</ManufacturerItemDescription>
      <UnitQty>קילוגרמים</UnitQty>
      <Quantity>1.00</Quantity>
      <UnitOfMeasure>ק"ג</UnitOfMeasure>
      <bIsWeighted>1</bIsWeighted>
      <QtyInPackage>לא ידוע</QtyInPackage>
      <ItemPrice>7.90</ItemPrice>
      <UnitOfMeasurePrice>7.9000</UnitOfMeasurePrice>
      <AllowDiscount>1</AllowDiscount>
      <ItemStatus>1</ItemStatus>
      <ItemId>82216</ItemId>
    </Item>
    <Item>
      <PriceUpdateDate>2016-08-18 07:04:32</PriceUpdateDate>
      <ItemCode>927</ItemCode>
      <ItemType>0</ItemType>
      <ItemName>מלפפון בייבי יח</ItemName>
      <ManufacturerName>חקלאי</ManufacturerName>
      <ManufactureCountry>ישראל</ManufactureCountry>
      <ManufacturerItemDescription>מלפפון בייבי יח</ManufacturerItemDescription>
      <UnitQty>Unknown </UnitQty>
      <Quantity>0.00</Quantity>
      <UnitOfMeasure>Unknown </UnitOfMeasure>
      <bIsWeighted>0</bIsWeighted>
      <QtyInPackage>1</QtyInPackage>
      <ItemPrice>10.90</ItemPrice>
      <UnitOfMeasurePrice>0.0000</UnitOfMeasurePrice>
      <AllowDiscount>1</AllowDiscount>
      <ItemStatus>1</ItemStatus>
      <ItemId>82240</ItemId>
    </Item>
    <Item>
      <PriceUpdateDate>2015-10-01 06:18:41</PriceUpdateDate>
      <ItemCode>7290000058283</ItemCode>
      <ItemType>1</ItemType>
      <ItemName>גבינת עיזים למריחה</ItemName>
      <ManufacturerName>תנובה מרכז שיתופי לש</ManufacturerName>
      <ManufactureCountry>ישראל</ManufactureCountry>
      <ManufacturerItemDescription>גבינת עיזים למריחה 250 5% גרם</ManufacturerItemDescription>
      <UnitQty>גרמים</UnitQty>
      <Quantity>250.00</Quantity>
      <UnitOfMeasure>100 גרם</UnitOfMeasure>
      <bIsWeighted>0</bIsWeighted>
      <QtyInPackage>1</QtyInPackage>
      <ItemPrice>15.40</ItemPrice>
      <UnitOfMeasurePrice>6.1600</UnitOfMeasurePrice>
      <AllowDiscount>1</AllowDiscount>
      <ItemStatus>1</ItemStatus>
      <ItemId>82255</ItemId>
    </Item>
    <Item>
      <PriceUpdateDate>2015-10-01 06:13:23</PriceUpdateDate>
      <ItemCode>7290104729539</ItemCode>
      <ItemType>1</ItemType>
      <ItemName>מאגדת חטיף דגנים</ItemName>
      <ManufacturerName>שטראוס גרופ</ManufacturerName>
      <ManufactureCountry>ישראל</ManufactureCountry>
      <ManufacturerItemDescription>חטיף דגנים שוקולד חלב ומיקס</ManufacturerItemDescription>
      <UnitQty>גרמים</UnitQty>
      <Quantity>180.00</Quantity>
      <UnitOfMeasure>100 גרם</UnitOfMeasure>
      <bIsWeighted>0</bIsWeighted>
      <QtyInPackage>1</QtyInPackage>
      <ItemPrice>18.70</ItemPrice>
      <UnitOfMeasurePrice>10.3889</UnitOfMeasurePrice>
      <AllowDiscount>1</AllowDiscount>
      <ItemStatus>1</ItemStatus>
      <ItemId>82265</ItemId>
    </Item>
    <Item>
      <PriceUpdateDate>2015-08-12 06:10:48</PriceUpdateDate>
      <ItemCode>7290105368331</ItemCode>
      <ItemType>1</ItemType>
      <ItemName>מילקי תות</ItemName>
      <ManufacturerName>שטראוס גרופ</ManufacturerName>
      <ManufactureCountry>ישראל</ManufactureCountry>
      <ManufacturerItemDescription>מילקי תות 133 גרם</ManufacturerItemDescription>
      <UnitQty>גרמים</UnitQty>
      <Quantity>133.00</Quantity>
      <UnitOfMeasure>100 גרם</UnitOfMeasure>
      <bIsWeighted>0</bIsWeighted>
      <QtyInPackage>1</QtyInPackage>
      <ItemPrice>3.00</ItemPrice>
      <UnitOfMeasurePrice>2.2556</UnitOfMeasurePrice>
      <AllowDiscount>1</AllowDiscount>
      <ItemStatus>1</ItemStatus>
      <ItemId>82272</ItemId>
    </Item>
    <Item>
      <PriceUpdateDate>2016-05-04 08:38:10</PriceUpdateDate>
      <ItemCode>7290105961822</ItemCode>
      <ItemType>1</ItemType>
      <ItemName>תפוציפס קראנץ גריל</ItemName>
      <ManufacturerName>שטראוס גרופ</ManufacturerName>
      <ManufactureCountry>לא ידוע</ManufactureCountry>
      <ManufacturerItemDescription>תפוציפס קראנץ גריל 200 גרם</ManufacturerItemDescription>
      <UnitQty>גרמים</UnitQty>
      <Quantity>200.00</Quantity>
      <UnitOfMeasure>100 גרם</UnitOfMeasure>
      <bIsWeighted>0</bIsWeighted>
      <QtyInPackage>1</QtyInPackage>
      <ItemPrice>9.70</ItemPrice>
      <UnitOfMeasurePrice>4.8500</UnitOfMeasurePrice>
      <AllowDiscount>1</AllowDiscount>
      <ItemStatus>1</ItemStatus>
      <ItemId>82275</ItemId>
    </Item>
    <Item>
      <PriceUpdateDate>2015-08-09 08:03:36</PriceUpdateDate>
      <ItemCode>7290105694881</ItemCode>
      <ItemType>1</ItemType>
      <ItemName>סחוג ירוק רפי</ItemName>
      <ManufacturerName>סלטי צבר</ManufacturerName>
      <ManufactureCountry>ישראל</ManufactureCountry>
      <ManufacturerItemDescription>סחוג ירוק רפי 150 גרם</ManufacturerItemDescription>
      <UnitQty>גרמים</UnitQty>
      <Quantity>150.00</Quantity>
      <UnitOfMeasure>100 גרם</UnitOfMeasure>
      <bIsWeighted>0</bIsWeighted>
      <QtyInPackage>1</QtyInPackage>
      <ItemPrice>10.90</ItemPrice>
      <UnitOfMeasurePrice>7.2667</UnitOfMeasurePrice>
      <AllowDiscount>1</AllowDiscount>
      <ItemStatus>1</ItemStatus>
      <ItemId>82307</ItemId>
    </Item>
    <Item>
      <PriceUpdateDate>2015-01-01 00:00:00</PriceUpdateDate>
      <ItemCode>7290105694966</ItemCode>
      <ItemType>1</ItemType>
      <ItemName>סחוג אדום רפי 150 גר</ItemName>
      <ManufacturerName>אסם</ManufacturerName>
      <ManufactureCountry>יושלם</ManufactureCountry>
      <ManufacturerItemDescription>סחוג אדום רפי 150 גרם</ManufacturerItemDescription>
      <UnitQty>גרמים</UnitQty>
      <Quantity>150.00</Quantity>
      <UnitOfMeasure>100 גרם</UnitOfMeasure>
      <bIsWeighted>0</bIsWeighted>
      <QtyInPackage>1</QtyInPackage>
      <ItemPrice>10.90</ItemPrice>
      <UnitOfMeasurePrice>7.2667</UnitOfMeasurePrice>
      <AllowDiscount>1</AllowDiscount>
      <ItemStatus>1</ItemStatus>
      <ItemId>82325</ItemId>
    </Item>
    <Item>
      <PriceUpdateDate>2015-10-01 06:13:05</PriceUpdateDate>
      <ItemCode>7290012803215</ItemCode>
      <ItemType>1</ItemType>
      <ItemName>ופל בלגי בטעם שוקולד</ItemName>
      <ManufacturerName>גילרו בע"מ</ManufacturerName>
      <ManufactureCountry>ישראל</ManufactureCountry>
      <ManufacturerItemDescription>ופל בלגי בטעם שוקולד 200 גרם</ManufacturerItemDescription>
      <UnitQty>גרמים</UnitQty>
      <Quantity>200.00</Quantity>
      <UnitOfMeasure>100 גרם</UnitOfMeasure>
      <bIsWeighted>0</bIsWeighted>
      <QtyInPackage>1</QtyInPackage>
      <ItemPrice>10.80</ItemPrice>
      <UnitOfMeasurePrice>5.4000</UnitOfMeasurePrice>
      <AllowDiscount>1</AllowDiscount>
      <ItemStatus>1</ItemStatus>
      <ItemId>82404</ItemId>
    </Item>
    <Item>
      <PriceUpdateDate>2016-05-13 07:42:47</PriceUpdateDate>
      <ItemCode>7290105695321</ItemCode>
      <ItemType>1</ItemType>
      <ItemName>עוגת בראוניס פאדג</ItemName>
      <ManufacturerName>אסם</ManufacturerName>
      <ManufactureCountry>ישראל</ManufactureCountry>
      <ManufacturerItemDescription>עוגת הבית בראוניס פאדג 380 גר</ManufacturerItemDescription>
      <UnitQty>גרמים</UnitQty>
      <Quantity>380.00</Quantity>
      <UnitOfMeasure>100 גרם</UnitOfMeasure>
      <bIsWeighted>0</bIsWeighted>
      <QtyInPackage>1</QtyInPackage>
      <ItemPrice>21.80</ItemPrice>
      <UnitOfMeasurePrice>5.7368</UnitOfMeasurePrice>
      <AllowDiscount>1</AllowDiscount>
      <ItemStatus>1</ItemStatus>
      <ItemId>82567</ItemId>
    </Item>
    <Item>
      <PriceUpdateDate>2015-06-14 11:54:19</PriceUpdateDate>
      <ItemCode>7290105367617</ItemCode>
      <ItemType>1</ItemType>
      <ItemName>דנונה פרי 0% דיאט</ItemName>
      <ManufacturerName>שטראוס גרופ</ManufacturerName>
      <ManufactureCountry>ישראל</ManufactureCountry>
      <ManufacturerItemDescription>דנונה פרי בתחתית דיאט תות          1 0%</ManufacturerItemDescription>
      <UnitQty>גרמים</UnitQty>
      <Quantity>150.00</Quantity>
      <UnitOfMeasure>100 גרם</UnitOfMeasure>
      <bIsWeighted>0</bIsWeighted>
      <QtyInPackage>1</QtyInPackage>
      <ItemPrice>4.90</ItemPrice>
      <UnitOfMeasurePrice>3.2667</UnitOfMeasurePrice>
      <AllowDiscount>1</AllowDiscount>
      <ItemStatus>1</ItemStatus>
      <ItemId>82582</ItemId>
    </Item>
    <Item>
      <PriceUpdateDate>2015-10-01 06:16:18</PriceUpdateDate>
      <ItemCode>4000539014000</ItemCode>
      <ItemType>1</ItemType>
      <ItemName>לינדט קריאשן אורנג "</ItemName>
      <ManufacturerName>לינדט</ManufacturerName>
      <ManufactureCountry>צרפת</ManufactureCountry>
      <ManufacturerItemDescription>לינדט קריאשן אורנג 150 גרם</ManufacturerItemDescription>
      <UnitQty>גרמים</UnitQty>
      <Quantity>150.00</Quantity>
      <UnitOfMeasure>100 גרם</UnitOfMeasure>
      <bIsWeighted>0</bIsWeighted>
      <QtyInPackage>1</QtyInPackage>
      <ItemPrice>24.70</ItemPrice>
      <UnitOfMeasurePrice>16.4667</UnitOfMeasurePrice>
      <AllowDiscount>1</AllowDiscount>
      <ItemStatus>1</ItemStatus>
      <ItemId>82630</ItemId>
    </Item>
    <Item>
      <PriceUpdateDate>2015-10-01 06:13:23</PriceUpdateDate>
      <ItemCode>7290105368225</ItemCode>
      <ItemType>1</ItemType>
      <ItemName>סלט חומוס ופלפל</ItemName>
      <ManufacturerName>שטראוס גרופ</ManufacturerName>
      <ManufactureCountry>ישראל</ManufactureCountry>
      <ManufacturerItemDescription>סלט חומוס ופלפל שיפקה 400 גרם</ManufacturerItemDescription>
      <UnitQty>גרמים</UnitQty>
      <Quantity>400.00</Quantity>
      <UnitOfMeasure>100 גרם</UnitOfMeasure>
      <bIsWeighted>0</bIsWeighted>
      <QtyInPackage>1</QtyInPackage>
      <ItemPrice>12.20</ItemPrice>
      <UnitOfMeasurePrice>3.0500</UnitOfMeasurePrice>
      <AllowDiscount>1</AllowDiscount>
      <ItemStatus>1</ItemStatus>
      <ItemId>82651</ItemId>
    </Item>
    <Item>
      <PriceUpdateDate>2015-01-01 00:00:00</PriceUpdateDate>
      <ItemCode>4043041008716</ItemCode>
      <ItemType>1</ItemType>
      <ItemName>סוכריות אורביט דרופס</ItemName>
      <ManufacturerName>ריגלי</ManufacturerName>
      <ManufactureCountry>צ'כיה</ManufactureCountry>
      <ManufacturerItemDescription>סוכריות אורביט דרופס פירות יער</ManufacturerItemDescription>
      <UnitQty>Unknown </UnitQty>
      <Quantity>0.00</Quantity>
      <UnitOfMeasure>Unknown </UnitOfMeasure>
      <bIsWeighted>0</bIsWeighted>
      <QtyInPackage>1</QtyInPackage>
      <ItemPrice>6.00</ItemPrice>
      <UnitOfMeasurePrice>0.0000</UnitOfMeasurePrice>
      <AllowDiscount>1</AllowDiscount>
      <ItemStatus>1</ItemStatus>
      <ItemId>82703</ItemId>
    </Item>
    <Item>
      <PriceUpdateDate>2015-10-01 06:14:44</PriceUpdateDate>
      <ItemCode>7290013269690</ItemCode>
      <ItemType>1</ItemType>
      <ItemName>ג"ל  לאסלה</ItemName>
      <ManufacturerName>NICOLS</ManufacturerName>
      <ManufactureCountry>פולין</ManufactureCountry>
      <ManufacturerItemDescription>סנובון גל לאסלה לימון 55 מל</ManufacturerItemDescription>
      <UnitQty>מיליליטרים</UnitQty>
      <Quantity>55.00</Quantity>
      <UnitOfMeasure>100 מ"ל</UnitOfMeasure>
      <bIsWeighted>0</bIsWeighted>
      <QtyInPackage>1</QtyInPackage>
      <ItemPrice>12.80</ItemPrice>
      <UnitOfMeasurePrice>23.2727</UnitOfMeasurePrice>
      <AllowDiscount>1</AllowDiscount>
      <ItemStatus>1</ItemStatus>
      <ItemId>82705</ItemId>
    </Item>
    <Item>
      <PriceUpdateDate>2016-08-25 07:22:41</PriceUpdateDate>
      <ItemCode>9757</ItemCode>
      <ItemType>0</ItemType>
      <ItemName>שזיף צהוב</ItemName>
      <ManufacturerName>חקלאי</ManufacturerName>
      <ManufactureCountry>ישראל</ManufactureCountry>
      <ManufacturerItemDescription>שזיף צהוב</ManufacturerItemDescription>
      <UnitQty>קילוגרמים</UnitQty>
      <Quantity>1.00</Quantity>
      <UnitOfMeasure>ק"ג</UnitOfMeasure>
      <bIsWeighted>1</bIsWeighted>
      <QtyInPackage>לא ידוע</QtyInPackage>
      <ItemPrice>15.90</ItemPrice>
      <UnitOfMeasurePrice>15.9000</UnitOfMeasurePrice>
      <AllowDiscount>1</AllowDiscount>
      <ItemStatus>1</ItemStatus>
      <ItemId>82779</ItemId>
    </Item>
    <Item>
      <PriceUpdateDate>2016-08-25 07:22:42</PriceUpdateDate>
      <ItemCode>943</ItemCode>
      <ItemType>0</ItemType>
      <ItemName>ענב שחור</ItemName>
      <ManufacturerName>חקלאי</ManufacturerName>
      <ManufactureCountry>ישראל</ManufactureCountry>
      <ManufacturerItemDescription>ענב שחור</ManufacturerItemDescription>
      <UnitQty>קילוגרמים</UnitQty>
      <Quantity>1.00</Quantity>
      <UnitOfMeasure>ק"ג</UnitOfMeasure>
      <bIsWeighted>1</bIsWeighted>
      <QtyInPackage>לא ידוע</QtyInPackage>
      <ItemPrice>19.90</ItemPrice>
      <UnitOfMeasurePrice>19.9000</UnitOfMeasurePrice>
      <AllowDiscount>1</AllowDiscount>
      <ItemStatus>1</ItemStatus>
      <ItemId>82788</ItemId>
    </Item>
    <Item>
      <PriceUpdateDate>2015-10-01 06:17:40</PriceUpdateDate>
      <ItemCode>7290000416540</ItemCode>
      <ItemType>1</ItemType>
      <ItemName>ממרח אגוזים</ItemName>
      <ManufacturerName>השחר העולה תעשיות ממ</ManufacturerName>
      <ManufactureCountry>ישראל</ManufactureCountry>
      <ManufacturerItemDescription>ממרח אגוזים 350 גרם</ManufacturerItemDescription>
      <UnitQty>גרמים</UnitQty>
      <Quantity>350.00</Quantity>
      <UnitOfMeasure>100 גרם</UnitOfMeasure>
      <bIsWeighted>0</bIsWeighted>
      <QtyInPackage>1</QtyInPackage>
      <ItemPrice>14.90</ItemPrice>
      <UnitOfMeasurePrice>4.2571</UnitOfMeasurePrice>
      <AllowDiscount>1</AllowDiscount>
      <ItemStatus>1</ItemStatus>
      <ItemId>82799</ItemId>
    </Item>
    <Item>
      <PriceUpdateDate>2015-10-01 06:14:44</PriceUpdateDate>
      <ItemCode>7290013269911</ItemCode>
      <ItemType>1</ItemType>
      <ItemName>סנו           K 333</ItemName>
      <ManufacturerName>סנו</ManufacturerName>
      <ManufactureCountry>לא ידוע</ManufactureCountry>
      <ManufacturerItemDescription>סנו K 750 333 מ"ל</ManufacturerItemDescription>
      <UnitQty>מיליליטרים</UnitQty>
      <Quantity>750.00</Quantity>
      <UnitOfMeasure>100 מ"ל</UnitOfMeasure>
      <bIsWeighted>0</bIsWeighted>
      <QtyInPackage>1</QtyInPackage>
      <ItemPrice>27.60</ItemPrice>
      <UnitOfMeasurePrice>3.6800</UnitOfMeasurePrice>
      <AllowDiscount>1</AllowDiscount>
      <ItemStatus>1</ItemStatus>
      <ItemId>82819</ItemId>
    </Item>
    <Item>
      <PriceUpdateDate>2015-10-01 06:18:38</PriceUpdateDate>
      <ItemCode>7290000044743</ItemCode>
      <ItemType>1</ItemType>
      <ItemName>פרילי אננס</ItemName>
      <ManufacturerName>תנובה מרכז שיתופי לש</ManufacturerName>
      <ManufactureCountry>ישראל</ManufactureCountry>
      <ManufacturerItemDescription>פרילי אננס 500 מ"ל</ManufacturerItemDescription>
      <UnitQty>מיליליטרים</UnitQty>
      <Quantity>500.00</Quantity>
      <UnitOfMeasure>100 מ"ל</UnitOfMeasure>
      <bIsWeighted>0</bIsWeighted>
      <QtyInPackage>1</QtyInPackage>
      <ItemPrice>10.60</ItemPrice>
      <UnitOfMeasurePrice>2.1200</UnitOfMeasurePrice>
      <AllowDiscount>1</AllowDiscount>
      <ItemStatus>1</ItemStatus>
      <ItemId>82976</ItemId>
    </Item>
    <Item>
      <PriceUpdateDate>2015-08-12 06:10:53</PriceUpdateDate>
      <ItemCode>7290105964793</ItemCode>
      <ItemType>1</ItemType>
      <ItemName>חטיף אנרגי אגוז</ItemName>
      <ManufacturerName>שטראוס גרופ</ManufacturerName>
      <ManufactureCountry>ישראל</ManufactureCountry>
      <ManufacturerItemDescription>חטיף אנרגי מיקס אגוזים מצופה ש</ManufacturerItemDescription>
      <UnitQty>גרמים</UnitQty>
      <Quantity>30.00</Quantity>
      <UnitOfMeasure>100 גרם</UnitOfMeasure>
      <bIsWeighted>0</bIsWeighted>
      <QtyInPackage>1</QtyInPackage>
      <ItemPrice>4.50</ItemPrice>
      <UnitOfMeasurePrice>15.0000</UnitOfMeasurePrice>
      <AllowDiscount>1</AllowDiscount>
      <ItemStatus>1</ItemStatus>
      <ItemId>82978</ItemId>
    </Item>
    <Item>
      <PriceUpdateDate>2015-01-01 00:00:00</PriceUpdateDate>
      <ItemCode>4043041008686</ItemCode>
      <ItemType>1</ItemType>
      <ItemName>סוכריות אורביט דרופס</ItemName>
      <ManufacturerName>ריגלי</ManufacturerName>
      <ManufactureCountry>צ'כיה</ManufactureCountry>
      <ManufacturerItemDescription>סוכריות אורביט דרופס טעם לימון</ManufacturerItemDescription>
      <UnitQty>Unknown </UnitQty>
      <Quantity>0.00</Quantity>
      <UnitOfMeasure>Unknown </UnitOfMeasure>
      <bIsWeighted>0</bIsWeighted>
      <QtyInPackage>1</QtyInPackage>
      <ItemPrice>6.00</ItemPrice>
      <UnitOfMeasurePrice>0.0000</UnitOfMeasurePrice>
      <AllowDiscount>1</AllowDiscount>
      <ItemStatus>1</ItemStatus>
      <ItemId>83046</ItemId>
    </Item>
    <Item>
      <PriceUpdateDate>2015-10-01 06:14:26</PriceUpdateDate>
      <ItemCode>3523230025638</ItemCode>
      <ItemType>1</ItemType>
      <ItemName>גבינת עיזים בושה</ItemName>
      <ManufacturerName>אוריאל</ManufacturerName>
      <ManufactureCountry>צרפת</ManufactureCountry>
      <ManufacturerItemDescription>גבינת עיזים בושה 125 גרם</ManufacturerItemDescription>
      <UnitQty>גרמים</UnitQty>
      <Quantity>125.00</Quantity>
      <UnitOfMeasure>100 גרם</UnitOfMeasure>
      <bIsWeighted>0</bIsWeighted>
      <QtyInPackage>1</QtyInPackage>
      <ItemPrice>20.70</ItemPrice>
      <UnitOfMeasurePrice>16.5600</UnitOfMeasurePrice>
      <AllowDiscount>1</AllowDiscount>
      <ItemStatus>1</ItemStatus>
      <ItemId>83129</ItemId>
    </Item>
    <Item>
      <PriceUpdateDate>2015-10-01 06:13:24</PriceUpdateDate>
      <ItemCode>7290105964915</ItemCode>
      <ItemType>1</ItemType>
      <ItemName>פופקורן בטעם טבעי</ItemName>
      <ManufacturerName>שטראוס גרופ</ManufacturerName>
      <ManufactureCountry>ישראל</ManufactureCountry>
      <ManufacturerItemDescription>פופקורן בטעם טבעי 80 גרם</ManufacturerItemDescription>
      <UnitQty>גרמים</UnitQty>
      <Quantity>80.00</Quantity>
      <UnitOfMeasure>100 גרם</UnitOfMeasure>
      <bIsWeighted>0</bIsWeighted>
      <QtyInPackage>1</QtyInPackage>
      <ItemPrice>5.60</ItemPrice>
      <UnitOfMeasurePrice>7.0000</UnitOfMeasurePrice>
      <AllowDiscount>1</AllowDiscount>
      <ItemStatus>1</ItemStatus>
      <ItemId>83180</ItemId>
    </Item>
    <Item>
      <PriceUpdateDate>2015-10-01 06:15:05</PriceUpdateDate>
      <ItemCode>3574660333466</ItemCode>
      <ItemType>1</ItemType>
      <ItemName>טמפוני אובה קומפורט</ItemName>
      <ManufacturerName>CILAG GMBH INTERNATI</ManufacturerName>
      <ManufactureCountry>גרמניה</ManufactureCountry>
      <ManufacturerItemDescription>אובה קומפורט מיני 32 יח</ManufacturerItemDescription>
      <UnitQty>Unknown </UnitQty>
      <Quantity>0.00</Quantity>
      <UnitOfMeasure>Unknown </UnitOfMeasure>
      <bIsWeighted>0</bIsWeighted>
      <QtyInPackage>1</QtyInPackage>
      <ItemPrice>35.50</ItemPrice>
      <UnitOfMeasurePrice>0.0000</UnitOfMeasurePrice>
      <AllowDiscount>1</AllowDiscount>
      <ItemStatus>1</ItemStatus>
      <ItemId>83202</ItemId>
    </Item>
    <Item>
      <PriceUpdateDate>2015-01-01 00:00:00</PriceUpdateDate>
      <ItemCode>7290104961540</ItemCode>
      <ItemType>1</ItemType>
      <ItemName>טיטניום דאו ספריי</ItemName>
      <ManufacturerName>אמיליה קוסמטיקס</ManufacturerName>
      <ManufactureCountry>ישראל</ManufactureCountry>
      <ManufacturerItemDescription>טיטניום דאו ספריי גוף מטאל          150</ManufacturerItemDescription>
      <UnitQty>מיליליטרים</UnitQty>
      <Quantity>150.00</Quantity>
      <UnitOfMeasure>100 מ"ל</UnitOfMeasure>
      <bIsWeighted>0</bIsWeighted>
      <QtyInPackage>1</QtyInPackage>
      <ItemPrice>23.90</ItemPrice>
      <UnitOfMeasurePrice>15.9333</UnitOfMeasurePrice>
      <AllowDiscount>1</AllowDiscount>
      <ItemStatus>1</ItemStatus>
      <ItemId>83253</ItemId>
    </Item>
    <Item>
      <PriceUpdateDate>2015-07-19 11:36:38</PriceUpdateDate>
      <ItemCode>7290004121945</ItemCode>
      <ItemType>1</ItemType>
      <ItemName>חלב 1.5 2% ליטר</ItemName>
      <ManufacturerName>תנובה מרכז שיתופי לש</ManufacturerName>
      <ManufactureCountry>ישראל</ManufactureCountry>
      <ManufacturerItemDescription>חלב 1.5 2% ליטר</ManufacturerItemDescription>
      <UnitQty>ליטרים</UnitQty>
      <Quantity>1.50</Quantity>
      <UnitOfMeasure>ליטר</UnitOfMeasure>
      <bIsWeighted>0</bIsWeighted>
      <QtyInPackage>1</QtyInPackage>
      <ItemPrice>8.40</ItemPrice>
      <UnitOfMeasurePrice>5.6000</UnitOfMeasurePrice>
      <AllowDiscount>1</AllowDiscount>
      <ItemStatus>1</ItemStatus>
      <ItemId>86195</ItemId>
    </Item>
    <Item>
      <PriceUpdateDate>2015-10-01 06:18:45</PriceUpdateDate>
      <ItemCode>7290105500151</ItemCode>
      <ItemType>1</ItemType>
      <ItemName>וודקה פינלנדיה</ItemName>
      <ManufacturerName>אלטיקקורפ</ManufacturerName>
      <ManufactureCountry>לא ידוע</ManufactureCountry>
      <ManufacturerItemDescription>וודקה פינלנדיה 700 מל</ManufacturerItemDescription>
      <UnitQty>מיליליטרים</UnitQty>
      <Quantity>700.00</Quantity>
      <UnitOfMeasure>100 מ"ל</UnitOfMeasure>
      <bIsWeighted>0</bIsWeighted>
      <QtyInPackage>1</QtyInPackage>
      <ItemPrice>95.90</ItemPrice>
      <UnitOfMeasurePrice>13.7000</UnitOfMeasurePrice>
      <AllowDiscount>1</AllowDiscount>
      <ItemStatus>1</ItemStatus>
      <ItemId>83362</ItemId>
    </Item>
    <Item>
      <PriceUpdateDate>2015-11-13 08:46:59</PriceUpdateDate>
      <ItemCode>7290001710869</ItemCode>
      <ItemType>1</ItemType>
      <ItemName>שניצל עוף קפוא לק"ג</ItemName>
      <ManufacturerName>לאטי עזרא</ManufacturerName>
      <ManufactureCountry>ישראל</ManufactureCountry>
      <ManufacturerItemDescription>שניצל עוף קפוא לק"ג</ManufacturerItemDescription>
      <UnitQty>קילוגרמים</UnitQty>
      <Quantity>1.00</Quantity>
      <UnitOfMeasure>ק"ג</UnitOfMeasure>
      <bIsWeighted>1</bIsWeighted>
      <QtyInPackage>לא ידוע</QtyInPackage>
      <ItemPrice>44.90</ItemPrice>
      <UnitOfMeasurePrice>44.9000</UnitOfMeasurePrice>
      <AllowDiscount>1</AllowDiscount>
      <ItemStatus>1</ItemStatus>
      <ItemId>83371</ItemId>
    </Item>
    <Item>
      <PriceUpdateDate>2015-01-01 00:00:00</PriceUpdateDate>
      <ItemCode>7501013100990</ItemCode>
      <ItemType>1</ItemType>
      <ItemName>נקטר קוקוס ואננס500</ItemName>
      <ManufacturerName>COMERCIALIZADORA ELO</ManufacturerName>
      <ManufactureCountry>מקסיקו</ManufactureCountry>
      <ManufacturerItemDescription>נקטר קוקוס אננס  500 JUMEX מל</ManufacturerItemDescription>
      <UnitQty>מיליליטרים</UnitQty>
      <Quantity>500.00</Quantity>
      <UnitOfMeasure>100 מ"ל</UnitOfMeasure>
      <bIsWeighted>0</bIsWeighted>
      <QtyInPackage>1</QtyInPackage>
      <ItemPrice>7.50</ItemPrice>
      <UnitOfMeasurePrice>1.5000</UnitOfMeasurePrice>
      <AllowDiscount>1</AllowDiscount>
      <ItemStatus>1</ItemStatus>
      <ItemId>83373</ItemId>
    </Item>
    <Item>
      <PriceUpdateDate>2015-01-01 00:00:00</PriceUpdateDate>
      <ItemCode>7501013100112</ItemCode>
      <ItemType>1</ItemType>
      <ItemName>נקטר אננס טבעי 500 מ</ItemName>
      <ManufacturerName>COMERCIALIZADORA ELO</ManufacturerName>
      <ManufactureCountry>מקסיקו</ManufactureCountry>
      <ManufacturerItemDescription>מיץ אננס 500 JUMEX 100% מל</ManufacturerItemDescription>
      <UnitQty>מיליליטרים</UnitQty>
      <Quantity>500.00</Quantity>
      <UnitOfMeasure>100 מ"ל</UnitOfMeasure>
      <bIsWeighted>0</bIsWeighted>
      <QtyInPackage>1</QtyInPackage>
      <ItemPrice>7.50</ItemPrice>
      <UnitOfMeasurePrice>1.5000</UnitOfMeasurePrice>
      <AllowDiscount>1</AllowDiscount>
      <ItemStatus>1</ItemStatus>
      <ItemId>83374</ItemId>
    </Item>
    <Item>
      <PriceUpdateDate>2015-10-01 06:16:26</PriceUpdateDate>
      <ItemCode>8693323002909</ItemCode>
      <ItemType>1</ItemType>
      <ItemName>גומי חמוץ  250 גר</ItemName>
      <ManufacturerName>סאאדת</ManufacturerName>
      <ManufactureCountry>לא ידוע</ManufactureCountry>
      <ManufacturerItemDescription>גומי חמוץ  250 גר</ManufacturerItemDescription>
      <UnitQty>גרמים</UnitQty>
      <Quantity>250.00</Quantity>
      <UnitOfMeasure>100 גרם</UnitOfMeasure>
      <bIsWeighted>0</bIsWeighted>
      <QtyInPackage>1</QtyInPackage>
      <ItemPrice>10.80</ItemPrice>
      <UnitOfMeasurePrice>4.3200</UnitOfMeasurePrice>
      <AllowDiscount>1</AllowDiscount>
      <ItemStatus>1</ItemStatus>
      <ItemId>101017</ItemId>
    </Item>
    <Item>
      <PriceUpdateDate>2015-07-07 08:19:27</PriceUpdateDate>
      <ItemCode>5904941751920</ItemCode>
      <ItemType>1</ItemType>
      <ItemName>משקה אנרגיה בלו די</ItemName>
      <ManufacturerName>בני פאוזי שמשום 2009</ManufacturerName>
      <ManufactureCountry>לא ידוע</ManufactureCountry>
      <ManufacturerItemDescription>משקה אנרגיה בלו די 250 מל</ManufacturerItemDescription>
      <UnitQty>מיליליטרים</UnitQty>
      <Quantity>250.00</Quantity>
      <UnitOfMeasure>100 מ"ל</UnitOfMeasure>
      <bIsWeighted>0</bIsWeighted>
      <QtyInPackage>1</QtyInPackage>
      <ItemPrice>4.60</ItemPrice>
      <UnitOfMeasurePrice>1.8400</UnitOfMeasurePrice>
      <AllowDiscount>1</AllowDiscount>
      <ItemStatus>1</ItemStatus>
      <ItemId>83404</ItemId>
    </Item>
    <Item>
      <PriceUpdateDate>2016-07-20 07:58:31</PriceUpdateDate>
      <ItemCode>9138</ItemCode>
      <ItemType>0</ItemType>
      <ItemName>דלעת ערמונים</ItemName>
      <ManufacturerName>חקלאי</ManufacturerName>
      <ManufactureCountry>ישראל</ManufactureCountry>
      <ManufacturerItemDescription>דלעת ערמונים</ManufacturerItemDescription>
      <UnitQty>קילוגרמים</UnitQty>
      <Quantity>1.00</Quantity>
      <UnitOfMeasure>ק"ג</UnitOfMeasure>
      <bIsWeighted>1</bIsWeighted>
      <QtyInPackage>לא ידוע</QtyInPackage>
      <ItemPrice>6.90</ItemPrice>
      <UnitOfMeasurePrice>6.9000</UnitOfMeasurePrice>
      <AllowDiscount>1</AllowDiscount>
      <ItemStatus>1</ItemStatus>
      <ItemId>83421</ItemId>
    </Item>
    <Item>
      <PriceUpdateDate>2016-08-25 07:22:42</PriceUpdateDate>
      <ItemCode>9766</ItemCode>
      <ItemType>0</ItemType>
      <ItemName>שזיף שגיב</ItemName>
      <ManufacturerName>חקלאי</ManufacturerName>
      <ManufactureCountry>ישראל</ManufactureCountry>
      <ManufacturerItemDescription>שזיף שגיב</ManufacturerItemDescription>
      <UnitQty>קילוגרמים</UnitQty>
      <Quantity>1.00</Quantity>
      <UnitOfMeasure>ק"ג</UnitOfMeasure>
      <bIsWeighted>1</bIsWeighted>
      <QtyInPackage>לא ידוע</QtyInPackage>
      <ItemPrice>13.90</ItemPrice>
      <UnitOfMeasurePrice>13.9000</UnitOfMeasurePrice>
      <AllowDiscount>1</AllowDiscount>
      <ItemStatus>1</ItemStatus>
      <ItemId>83425</ItemId>
    </Item>
    <Item>
      <PriceUpdateDate>2015-10-01 06:16:31</PriceUpdateDate>
      <ItemCode>36000258660</ItemCode>
      <ItemType>1</ItemType>
      <ItemName>ממחטות טישיו קלינקס</ItemName>
      <ManufacturerName>KC USA</ManufacturerName>
      <ManufactureCountry>ארצות הברית</ManufactureCountry>
      <ManufacturerItemDescription>ממחטות טישיו קלינקס לושן            120</ManufacturerItemDescription>
      <UnitQty>Unknown </UnitQty>
      <Quantity>0.00</Quantity>
      <UnitOfMeasure>Unknown </UnitOfMeasure>
      <bIsWeighted>0</bIsWeighted>
      <QtyInPackage>1</QtyInPackage>
      <ItemPrice>16.70</ItemPrice>
      <UnitOfMeasurePrice>0.0000</UnitOfMeasurePrice>
      <AllowDiscount>1</AllowDiscount>
      <ItemStatus>1</ItemStatus>
      <ItemId>83461</ItemId>
    </Item>
    <Item>
      <PriceUpdateDate>2015-10-01 06:15:05</PriceUpdateDate>
      <ItemCode>6937266703045</ItemCode>
      <ItemType>1</ItemType>
      <ItemName>שיק היידרו 5 רביעיית</ItemName>
      <ManufacturerName>ENERGIZER SINGAPORE</ManufacturerName>
      <ManufactureCountry>סין</ManufactureCountry>
      <ManufacturerItemDescription>שיק היידרו 5 רביעיית סכינים</ManufacturerItemDescription>
      <UnitQty>Unknown </UnitQty>
      <Quantity>0.00</Quantity>
      <UnitOfMeasure>Unknown </UnitOfMeasure>
      <bIsWeighted>0</bIsWeighted>
      <QtyInPackage>1</QtyInPackage>
      <ItemPrice>64.30</ItemPrice>
      <UnitOfMeasurePrice>0.0000</UnitOfMeasurePrice>
      <AllowDiscount>1</AllowDiscount>
      <ItemStatus>1</ItemStatus>
      <ItemId>83476</ItemId>
    </Item>
    <Item>
      <PriceUpdateDate>2015-10-01 06:15:05</PriceUpdateDate>
      <ItemCode>6937266703052</ItemCode>
      <ItemType>1</ItemType>
      <ItemName>שיק היידרו 3 מכשיר+ס</ItemName>
      <ManufacturerName>ENERGIZER SINGAPORE</ManufacturerName>
      <ManufactureCountry>סין</ManufactureCountry>
      <ManufacturerItemDescription>שיק היידרו 3 מכשיר+סכין</ManufacturerItemDescription>
      <UnitQty>Unknown </UnitQty>
      <Quantity>0.00</Quantity>
      <UnitOfMeasure>Unknown </UnitOfMeasure>
      <bIsWeighted>0</bIsWeighted>
      <QtyInPackage>1</QtyInPackage>
      <ItemPrice>42.50</ItemPrice>
      <UnitOfMeasurePrice>0.0000</UnitOfMeasurePrice>
      <AllowDiscount>1</AllowDiscount>
      <ItemStatus>1</ItemStatus>
      <ItemId>83477</ItemId>
    </Item>
    <Item>
      <PriceUpdateDate>2015-10-01 06:15:05</PriceUpdateDate>
      <ItemCode>6937266703069</ItemCode>
      <ItemType>1</ItemType>
      <ItemName>שיק הידרו 3 רביעיית</ItemName>
      <ManufacturerName>ENERGIZER SINGAPORE</ManufacturerName>
      <ManufactureCountry>סין</ManufactureCountry>
      <ManufacturerItemDescription>שיק הידרו 3 רביעיית סכינים</ManufacturerItemDescription>
      <UnitQty>Unknown </UnitQty>
      <Quantity>0.00</Quantity>
      <UnitOfMeasure>Unknown </UnitOfMeasure>
      <bIsWeighted>0</bIsWeighted>
      <QtyInPackage>1</QtyInPackage>
      <ItemPrice>39.30</ItemPrice>
      <UnitOfMeasurePrice>0.0000</UnitOfMeasurePrice>
      <AllowDiscount>1</AllowDiscount>
      <ItemStatus>1</ItemStatus>
      <ItemId>83478</ItemId>
    </Item>
    <Item>
      <PriceUpdateDate>2015-10-01 06:15:30</PriceUpdateDate>
      <ItemCode>7290011018184</ItemCode>
      <ItemType>1</ItemType>
      <ItemName>תה קר אפרסק</ItemName>
      <ManufacturerName>FUZE TEA</ManufacturerName>
      <ManufactureCountry>ישראל</ManufactureCountry>
      <ManufacturerItemDescription>תה קר FUZE TEA אפרסק 500 מל</ManufacturerItemDescription>
      <UnitQty>מיליליטרים</UnitQty>
      <Quantity>500.00</Quantity>
      <UnitOfMeasure>100 מ"ל</UnitOfMeasure>
      <bIsWeighted>0</bIsWeighted>
      <QtyInPackage>1</QtyInPackage>
      <ItemPrice>7.70</ItemPrice>
      <UnitOfMeasurePrice>1.5400</UnitOfMeasurePrice>
      <AllowDiscount>1</AllowDiscount>
      <ItemStatus>1</ItemStatus>
      <ItemId>83492</ItemId>
    </Item>
    <Item>
      <PriceUpdateDate>2015-10-01 06:15:30</PriceUpdateDate>
      <ItemCode>7290011018214</ItemCode>
      <ItemType>1</ItemType>
      <ItemName>תה קר מנגו אננס</ItemName>
      <ManufacturerName>FUZE TEA</ManufacturerName>
      <ManufactureCountry>ישראל</ManufactureCountry>
      <ManufacturerItemDescription>תה קר FUZE TEA מנגו אננס500 מל</ManufacturerItemDescription>
      <UnitQty>מיליליטרים</UnitQty>
      <Quantity>500.00</Quantity>
      <UnitOfMeasure>100 מ"ל</UnitOfMeasure>
      <bIsWeighted>0</bIsWeighted>
      <QtyInPackage>1</QtyInPackage>
      <ItemPrice>7.70</ItemPrice>
      <UnitOfMeasurePrice>1.5400</UnitOfMeasurePrice>
      <AllowDiscount>1</AllowDiscount>
      <ItemStatus>1</ItemStatus>
      <ItemId>83495</ItemId>
    </Item>
    <Item>
      <PriceUpdateDate>2016-05-19 11:18:56</PriceUpdateDate>
      <ItemCode>7290011018252</ItemCode>
      <ItemType>1</ItemType>
      <ItemName>תה קר מנגו אננס</ItemName>
      <ManufacturerName>FUZE TEA</ManufacturerName>
      <ManufactureCountry>ישראל</ManufactureCountry>
      <ManufacturerItemDescription>תה קר FUZE TEA מנגו אננס 1.5 ל</ManufacturerItemDescription>
      <UnitQty>ליטרים</UnitQty>
      <Quantity>1.50</Quantity>
      <UnitOfMeasure>ליטר</UnitOfMeasure>
      <bIsWeighted>0</bIsWeighted>
      <QtyInPackage>1</QtyInPackage>
      <ItemPrice>7.60</ItemPrice>
      <UnitOfMeasurePrice>5.0667</UnitOfMeasurePrice>
      <AllowDiscount>1</AllowDiscount>
      <ItemStatus>1</ItemStatus>
      <ItemId>83498</ItemId>
    </Item>
    <Item>
      <PriceUpdateDate>2016-05-19 11:18:56</PriceUpdateDate>
      <ItemCode>7290011018276</ItemCode>
      <ItemType>1</ItemType>
      <ItemName>תה קר אקזוטי</ItemName>
      <ManufacturerName>FUZE TEA</ManufacturerName>
      <ManufactureCountry>ישראל</ManufactureCountry>
      <ManufacturerItemDescription>תה קר FUZE TEA אקזוטי 1.5 ל            .</ManufacturerItemDescription>
      <UnitQty>ליטרים</UnitQty>
      <Quantity>1.50</Quantity>
      <UnitOfMeasure>ליטר</UnitOfMeasure>
      <bIsWeighted>0</bIsWeighted>
      <QtyInPackage>1</QtyInPackage>
      <ItemPrice>7.60</ItemPrice>
      <UnitOfMeasurePrice>5.0667</UnitOfMeasurePrice>
      <AllowDiscount>1</AllowDiscount>
      <ItemStatus>1</ItemStatus>
      <ItemId>83500</ItemId>
    </Item>
    <Item>
      <PriceUpdateDate>2016-06-07 08:18:48</PriceUpdateDate>
      <ItemCode>7290011018283</ItemCode>
      <ItemType>1</ItemType>
      <ItemName>תה קר אפרסק</ItemName>
      <ManufacturerName>FUZE TEA</ManufacturerName>
      <ManufactureCountry>לא ידוע</ManufactureCountry>
      <ManufacturerItemDescription>תה קר FUZE TEA אפרסק 1.5 ל             .</ManufacturerItemDescription>
      <UnitQty>ליטרים</UnitQty>
      <Quantity>1.50</Quantity>
      <UnitOfMeasure>ליטר</UnitOfMeasure>
      <bIsWeighted>0</bIsWeighted>
      <QtyInPackage>1</QtyInPackage>
      <ItemPrice>7.60</ItemPrice>
      <UnitOfMeasurePrice>5.0667</UnitOfMeasurePrice>
      <AllowDiscount>1</AllowDiscount>
      <ItemStatus>1</ItemStatus>
      <ItemId>83501</ItemId>
    </Item>
    <Item>
      <PriceUpdateDate>2015-10-01 06:15:25</PriceUpdateDate>
      <ItemCode>7290001501368</ItemCode>
      <ItemType>1</ItemType>
      <ItemName>סירופ ליים</ItemName>
      <ManufacturerName>סודה סטרים</ManufacturerName>
      <ManufactureCountry>ישראל</ManufactureCountry>
      <ManufacturerItemDescription>סירופ ליים 500 מל</ManufacturerItemDescription>
      <UnitQty>Unknown </UnitQty>
      <Quantity>0.00</Quantity>
      <UnitOfMeasure>Unknown </UnitOfMeasure>
      <bIsWeighted>0</bIsWeighted>
      <QtyInPackage>1</QtyInPackage>
      <ItemPrice>14.80</ItemPrice>
      <UnitOfMeasurePrice>0.0000</UnitOfMeasurePrice>
      <AllowDiscount>1</AllowDiscount>
      <ItemStatus>1</ItemStatus>
      <ItemId>83514</ItemId>
    </Item>
    <Item>
      <PriceUpdateDate>2015-10-01 06:17:35</PriceUpdateDate>
      <ItemCode>37600207188</ItemCode>
      <ItemType>1</ItemType>
      <ItemName>חמאת בוטנים קלאסי</ItemName>
      <ManufacturerName>הורמל</ManufacturerName>
      <ManufactureCountry>לא ידוע</ManufactureCountry>
      <ManufacturerItemDescription>חמאת בוטנים סקיפי קלאסי462 גרם</ManufacturerItemDescription>
      <UnitQty>גרמים</UnitQty>
      <Quantity>462.00</Quantity>
      <UnitOfMeasure>100 גרם</UnitOfMeasure>
      <bIsWeighted>0</bIsWeighted>
      <QtyInPackage>1</QtyInPackage>
      <ItemPrice>24.70</ItemPrice>
      <UnitOfMeasurePrice>5.3463</UnitOfMeasurePrice>
      <AllowDiscount>1</AllowDiscount>
      <ItemStatus>1</ItemStatus>
      <ItemId>98881</ItemId>
    </Item>
    <Item>
      <PriceUpdateDate>2015-01-01 00:00:00</PriceUpdateDate>
      <ItemCode>7290013848789</ItemCode>
      <ItemType>1</ItemType>
      <ItemName>אלסבון מוצק דבש</ItemName>
      <ManufacturerName>קוסמופארם</ManufacturerName>
      <ManufactureCountry>ישראל</ManufactureCountry>
      <ManufacturerItemDescription>כיף אלסבון מוצק דבש רביעייה</ManufacturerItemDescription>
      <UnitQty>Unknown </UnitQty>
      <Quantity>0.00</Quantity>
      <UnitOfMeasure>Unknown </UnitOfMeasure>
      <bIsWeighted>0</bIsWeighted>
      <QtyInPackage>4</QtyInPackage>
      <ItemPrice>12.90</ItemPrice>
      <UnitOfMeasurePrice>0.0000</UnitOfMeasurePrice>
      <AllowDiscount>1</AllowDiscount>
      <ItemStatus>1</ItemStatus>
      <ItemId>83660</ItemId>
    </Item>
    <Item>
      <PriceUpdateDate>2015-01-01 00:00:00</PriceUpdateDate>
      <ItemCode>7290013848796</ItemCode>
      <ItemType>1</ItemType>
      <ItemName>אלסבון מוצק שקד</ItemName>
      <ManufacturerName>קוסמופארם</ManufacturerName>
      <ManufactureCountry>ישראל</ManufactureCountry>
      <ManufacturerItemDescription>כיף אלסבון מוצק שקד רביעייה</ManufacturerItemDescription>
      <UnitQty>Unknown </UnitQty>
      <Quantity>0.00</Quantity>
      <UnitOfMeasure>Unknown </UnitOfMeasure>
      <bIsWeighted>0</bIsWeighted>
      <QtyInPackage>4</QtyInPackage>
      <ItemPrice>12.90</ItemPrice>
      <UnitOfMeasurePrice>0.0000</UnitOfMeasurePrice>
      <AllowDiscount>1</AllowDiscount>
      <ItemStatus>1</ItemStatus>
      <ItemId>83661</ItemId>
    </Item>
    <Item>
      <PriceUpdateDate>2015-10-01 06:14:44</PriceUpdateDate>
      <ItemCode>7290013848802</ItemCode>
      <ItemType>1</ItemType>
      <ItemName>אלסבון מוצק לבנדר</ItemName>
      <ManufacturerName>קוסמופארם</ManufacturerName>
      <ManufactureCountry>ישראל</ManufactureCountry>
      <ManufacturerItemDescription>כיף אלסבון מוצק לבנדר רביעייה</ManufacturerItemDescription>
      <UnitQty>Unknown </UnitQty>
      <Quantity>0.00</Quantity>
      <UnitOfMeasure>Unknown </UnitOfMeasure>
      <bIsWeighted>0</bIsWeighted>
      <QtyInPackage>4</QtyInPackage>
      <ItemPrice>12.80</ItemPrice>
      <UnitOfMeasurePrice>0.0000</UnitOfMeasurePrice>
      <AllowDiscount>1</AllowDiscount>
      <ItemStatus>1</ItemStatus>
      <ItemId>83662</ItemId>
    </Item>
    <Item>
      <PriceUpdateDate>2015-10-01 06:14:44</PriceUpdateDate>
      <ItemCode>7290013848819</ItemCode>
      <ItemType>1</ItemType>
      <ItemName>אלסבון מוצק לוטוס</ItemName>
      <ManufacturerName>קוסמופארם</ManufacturerName>
      <ManufactureCountry>ישראל</ManufactureCountry>
      <ManufacturerItemDescription>כיף אלסבון מוצק לוטוס               1/4</ManufacturerItemDescription>
      <UnitQty>Unknown </UnitQty>
      <Quantity>0.00</Quantity>
      <UnitOfMeasure>Unknown </UnitOfMeasure>
      <bIsWeighted>0</bIsWeighted>
      <QtyInPackage>4</QtyInPackage>
      <ItemPrice>12.80</ItemPrice>
      <UnitOfMeasurePrice>0.0000</UnitOfMeasurePrice>
      <AllowDiscount>1</AllowDiscount>
      <ItemStatus>1</ItemStatus>
      <ItemId>83663</ItemId>
    </Item>
    <Item>
      <PriceUpdateDate>2015-10-01 06:15:31</PriceUpdateDate>
      <ItemCode>7290011017866</ItemCode>
      <ItemType>1</ItemType>
      <ItemName>קוקה קולה פחית סליק</ItemName>
      <ManufacturerName>החברה המרכזית למשקאו</ManufacturerName>
      <ManufactureCountry>ישראל</ManufactureCountry>
      <ManufacturerItemDescription>קוקה קולה פחית סליק 330 מל</ManufacturerItemDescription>
      <UnitQty>מיליליטרים</UnitQty>
      <Quantity>330.00</Quantity>
      <UnitOfMeasure>100 מ"ל</UnitOfMeasure>
      <bIsWeighted>0</bIsWeighted>
      <QtyInPackage>1</QtyInPackage>
      <ItemPrice>6.20</ItemPrice>
      <UnitOfMeasurePrice>1.8788</UnitOfMeasurePrice>
      <AllowDiscount>1</AllowDiscount>
      <ItemStatus>1</ItemStatus>
      <ItemId>83840</ItemId>
    </Item>
    <Item>
      <PriceUpdateDate>2015-10-01 06:15:31</PriceUpdateDate>
      <ItemCode>7290011017873</ItemCode>
      <ItemType>1</ItemType>
      <ItemName>קולה פחית ZERO סליק</ItemName>
      <ManufacturerName>החברה המרכזית למשקאו</ManufacturerName>
      <ManufactureCountry>ישראל</ManufactureCountry>
      <ManufacturerItemDescription>קולה פחית ZERO סליק 330 מל</ManufacturerItemDescription>
      <UnitQty>מיליליטרים</UnitQty>
      <Quantity>330.00</Quantity>
      <UnitOfMeasure>100 מ"ל</UnitOfMeasure>
      <bIsWeighted>0</bIsWeighted>
      <QtyInPackage>1</QtyInPackage>
      <ItemPrice>6.20</ItemPrice>
      <UnitOfMeasurePrice>1.8788</UnitOfMeasurePrice>
      <AllowDiscount>1</AllowDiscount>
      <ItemStatus>1</ItemStatus>
      <ItemId>83841</ItemId>
    </Item>
    <Item>
      <PriceUpdateDate>2015-08-27 07:44:09</PriceUpdateDate>
      <ItemCode>7290012019258</ItemCode>
      <ItemType>1</ItemType>
      <ItemName>רסק תפוחי עץ</ItemName>
      <ManufacturerName>Cherry growers inc</ManufacturerName>
      <ManufactureCountry>ארצות הברית</ManufactureCountry>
      <ManufacturerItemDescription>רסק תפוחי עץ 4 יחידות</ManufacturerItemDescription>
      <UnitQty>Unknown </UnitQty>
      <Quantity>0.00</Quantity>
      <UnitOfMeasure>Unknown </UnitOfMeasure>
      <bIsWeighted>0</bIsWeighted>
      <QtyInPackage>1</QtyInPackage>
      <ItemPrice>12.90</ItemPrice>
      <UnitOfMeasurePrice>0.0000</UnitOfMeasurePrice>
      <AllowDiscount>1</AllowDiscount>
      <ItemStatus>1</ItemStatus>
      <ItemId>83848</ItemId>
    </Item>
    <Item>
      <PriceUpdateDate>2015-08-27 07:44:09</PriceUpdateDate>
      <ItemCode>7290012019265</ItemCode>
      <ItemType>1</ItemType>
      <ItemName>רסק תפוחי עץ דיאט</ItemName>
      <ManufacturerName>Cherry growers inc</ManufacturerName>
      <ManufactureCountry>ארצות הברית</ManufactureCountry>
      <ManufacturerItemDescription>רסק תפוחי עץ דיאט 4 יחידות</ManufacturerItemDescription>
      <UnitQty>Unknown </UnitQty>
      <Quantity>0.00</Quantity>
      <UnitOfMeasure>Unknown </UnitOfMeasure>
      <bIsWeighted>0</bIsWeighted>
      <QtyInPackage>1</QtyInPackage>
      <ItemPrice>12.90</ItemPrice>
      <UnitOfMeasurePrice>0.0000</UnitOfMeasurePrice>
      <AllowDiscount>1</AllowDiscount>
      <ItemStatus>1</ItemStatus>
      <ItemId>83849</ItemId>
    </Item>
    <Item>
      <PriceUpdateDate>2015-10-14 08:32:31</PriceUpdateDate>
      <ItemCode>7290005896439</ItemCode>
      <ItemType>1</ItemType>
      <ItemName>בירה מכבי בקבוק</ItemName>
      <ManufacturerName>טמפו</ManufacturerName>
      <ManufactureCountry>ישראל</ManufactureCountry>
      <ManufacturerItemDescription>בירה מכבי בקבוק 500 מל חוזר</ManufacturerItemDescription>
      <UnitQty>מיליליטרים</UnitQty>
      <Quantity>500.00</Quantity>
      <UnitOfMeasure>100 מ"ל</UnitOfMeasure>
      <bIsWeighted>0</bIsWeighted>
      <QtyInPackage>1</QtyInPackage>
      <ItemPrice>6.50</ItemPrice>
      <UnitOfMeasurePrice>1.3000</UnitOfMeasurePrice>
      <AllowDiscount>1</AllowDiscount>
      <ItemStatus>1</ItemStatus>
      <ItemId>83871</ItemId>
    </Item>
    <Item>
      <PriceUpdateDate>2015-10-01 06:13:43</PriceUpdateDate>
      <ItemCode>7290000160818</ItemCode>
      <ItemType>1</ItemType>
      <ItemName>קליר שמפו לשיער רך ו</ItemName>
      <ManufacturerName>יושלם</ManufacturerName>
      <ManufactureCountry>יושלם</ManufactureCountry>
      <ManufacturerItemDescription>קליר שמפו לשיער רך ומבריק           700</ManufacturerItemDescription>
      <UnitQty>מיליליטרים</UnitQty>
      <Quantity>700.00</Quantity>
      <UnitOfMeasure>100 מ"ל</UnitOfMeasure>
      <bIsWeighted>0</bIsWeighted>
      <QtyInPackage>1</QtyInPackage>
      <ItemPrice>35.00</ItemPrice>
      <UnitOfMeasurePrice>5.0000</UnitOfMeasurePrice>
      <AllowDiscount>1</AllowDiscount>
      <ItemStatus>1</ItemStatus>
      <ItemId>83941</ItemId>
    </Item>
    <Item>
      <PriceUpdateDate>2015-01-01 00:00:00</PriceUpdateDate>
      <ItemCode>9002859050763</ItemCode>
      <ItemType>1</ItemType>
      <ItemName>שוקולד ברשת בצורות</ItemName>
      <ManufacturerName>גונץ</ManufacturerName>
      <ManufactureCountry>אוסטריה</ManufactureCountry>
      <ManufacturerItemDescription>שוקולד ברשת בצורת חיפושית</ManufacturerItemDescription>
      <UnitQty>גרמים</UnitQty>
      <Quantity>100.00</Quantity>
      <UnitOfMeasure>100 גרם</UnitOfMeasure>
      <bIsWeighted>0</bIsWeighted>
      <QtyInPackage>1</QtyInPackage>
      <ItemPrice>10.00</ItemPrice>
      <UnitOfMeasurePrice>10.0000</UnitOfMeasurePrice>
      <AllowDiscount>1</AllowDiscount>
      <ItemStatus>1</ItemStatus>
      <ItemId>83983</ItemId>
    </Item>
    <Item>
      <PriceUpdateDate>2015-10-01 06:16:51</PriceUpdateDate>
      <ItemCode>7290013117694</ItemCode>
      <ItemType>1</ItemType>
      <ItemName>מאפה פילו מילוי בשר</ItemName>
      <ManufacturerName>מעדנות</ManufacturerName>
      <ManufactureCountry>ישראל</ManufactureCountry>
      <ManufacturerItemDescription>מאפה פילו מילוי בשר 700 גר</ManufacturerItemDescription>
      <UnitQty>גרמים</UnitQty>
      <Quantity>700.00</Quantity>
      <UnitOfMeasure>100 גרם</UnitOfMeasure>
      <bIsWeighted>0</bIsWeighted>
      <QtyInPackage>1</QtyInPackage>
      <ItemPrice>41.50</ItemPrice>
      <UnitOfMeasurePrice>5.9286</UnitOfMeasurePrice>
      <AllowDiscount>1</AllowDiscount>
      <ItemStatus>1</ItemStatus>
      <ItemId>84069</ItemId>
    </Item>
    <Item>
      <PriceUpdateDate>2015-08-14 07:09:07</PriceUpdateDate>
      <ItemCode>835811006053</ItemCode>
      <ItemType>1</ItemType>
      <ItemName>קורנפלור 200 גר</ItemName>
      <ManufacturerName>ר.ס חברה ליבוא ויצור</ManufacturerName>
      <ManufactureCountry>ישראל</ManufactureCountry>
      <ManufacturerItemDescription>קורנפלור 200 גר</ManufacturerItemDescription>
      <UnitQty>גרמים</UnitQty>
      <Quantity>200.00</Quantity>
      <UnitOfMeasure>100 גרם</UnitOfMeasure>
      <bIsWeighted>0</bIsWeighted>
      <QtyInPackage>1</QtyInPackage>
      <ItemPrice>3.50</ItemPrice>
      <UnitOfMeasurePrice>1.7500</UnitOfMeasurePrice>
      <AllowDiscount>1</AllowDiscount>
      <ItemStatus>1</ItemStatus>
      <ItemId>84179</ItemId>
    </Item>
    <Item>
      <PriceUpdateDate>2016-08-31 16:53:10</PriceUpdateDate>
      <ItemCode>7290014002135</ItemCode>
      <ItemType>1</ItemType>
      <ItemName>תה ירוק מיקס 5 טעמים</ItemName>
      <ManufacturerName>ויסוצקי</ManufacturerName>
      <ManufactureCountry>לא ידוע</ManufactureCountry>
      <ManufacturerItemDescription>תה ירוק מיקס</ManufacturerItemDescription>
      <UnitQty>גרמים</UnitQty>
      <Quantity>37.00</Quantity>
      <UnitOfMeasure>100 גרם</UnitOfMeasure>
      <bIsWeighted>0</bIsWeighted>
      <QtyInPackage>1</QtyInPackage>
      <ItemPrice>26.90</ItemPrice>
      <UnitOfMeasurePrice>72.7027</UnitOfMeasurePrice>
      <AllowDiscount>1</AllowDiscount>
      <ItemStatus>1</ItemStatus>
      <ItemId>84228</ItemId>
    </Item>
    <Item>
      <PriceUpdateDate>2015-10-01 06:13:24</PriceUpdateDate>
      <ItemCode>7290105963864</ItemCode>
      <ItemType>1</ItemType>
      <ItemName>חזרת</ItemName>
      <ManufacturerName>שטראוס גרופ</ManufacturerName>
      <ManufactureCountry>ישראל</ManufactureCountry>
      <ManufacturerItemDescription>חזרת 220 גרם</ManufacturerItemDescription>
      <UnitQty>גרמים</UnitQty>
      <Quantity>220.00</Quantity>
      <UnitOfMeasure>100 גרם</UnitOfMeasure>
      <bIsWeighted>0</bIsWeighted>
      <QtyInPackage>1</QtyInPackage>
      <ItemPrice>12.90</ItemPrice>
      <UnitOfMeasurePrice>5.8636</UnitOfMeasurePrice>
      <AllowDiscount>1</AllowDiscount>
      <ItemStatus>1</ItemStatus>
      <ItemId>84245</ItemId>
    </Item>
    <Item>
      <PriceUpdateDate>2015-10-01 06:17:25</PriceUpdateDate>
      <ItemCode>7290104509353</ItemCode>
      <ItemType>1</ItemType>
      <ItemName>עוגת בריוש פרג</ItemName>
      <ManufacturerName>אסם</ManufacturerName>
      <ManufactureCountry>ישראל</ManufactureCountry>
      <ManufacturerItemDescription>עוגת בריוש פרג</ManufacturerItemDescription>
      <UnitQty>Unknown </UnitQty>
      <Quantity>0.00</Quantity>
      <UnitOfMeasure>Unknown </UnitOfMeasure>
      <bIsWeighted>0</bIsWeighted>
      <QtyInPackage>1</QtyInPackage>
      <ItemPrice>25.90</ItemPrice>
      <UnitOfMeasurePrice>0.0000</UnitOfMeasurePrice>
      <AllowDiscount>1</AllowDiscount>
      <ItemStatus>1</ItemStatus>
      <ItemId>84252</ItemId>
    </Item>
    <Item>
      <PriceUpdateDate>2015-10-01 06:13:24</PriceUpdateDate>
      <ItemCode>7290105968654</ItemCode>
      <ItemType>1</ItemType>
      <ItemName>פסטה רביולי בטטה400</ItemName>
      <ManufacturerName>שטראוס גרופ</ManufacturerName>
      <ManufactureCountry>ישראל</ManufactureCountry>
      <ManufacturerItemDescription>פסטה רביולי בטטה 400 גרם</ManufacturerItemDescription>
      <UnitQty>גרמים</UnitQty>
      <Quantity>400.00</Quantity>
      <UnitOfMeasure>100 גרם</UnitOfMeasure>
      <bIsWeighted>0</bIsWeighted>
      <QtyInPackage>1</QtyInPackage>
      <ItemPrice>20.00</ItemPrice>
      <UnitOfMeasurePrice>5.0000</UnitOfMeasurePrice>
      <AllowDiscount>1</AllowDiscount>
      <ItemStatus>1</ItemStatus>
      <ItemId>84302</ItemId>
    </Item>
    <Item>
      <PriceUpdateDate>2016-02-11 08:35:54</PriceUpdateDate>
      <ItemCode>9002859050671</ItemCode>
      <ItemType>1</ItemType>
      <ItemName>שוקולד ברשת בצורות</ItemName>
      <ManufacturerName>גונץ</ManufacturerName>
      <ManufactureCountry>אוסטריה</ManufactureCountry>
      <ManufacturerItemDescription>שוקולד ברשת בצורת לבבות</ManufacturerItemDescription>
      <UnitQty>גרמים</UnitQty>
      <Quantity>100.00</Quantity>
      <UnitOfMeasure>100 גרם</UnitOfMeasure>
      <bIsWeighted>0</bIsWeighted>
      <QtyInPackage>1</QtyInPackage>
      <ItemPrice>10.90</ItemPrice>
      <UnitOfMeasurePrice>10.9000</UnitOfMeasurePrice>
      <AllowDiscount>1</AllowDiscount>
      <ItemStatus>1</ItemStatus>
      <ItemId>84351</ItemId>
    </Item>
    <Item>
      <PriceUpdateDate>2016-02-08 08:20:31</PriceUpdateDate>
      <ItemCode>5710840126130</ItemCode>
      <ItemType>1</ItemType>
      <ItemName>טבק באלי תכלת 40 גר</ItemName>
      <ManufacturerName>S.T.G</ManufacturerName>
      <ManufactureCountry>דנמרק</ManufactureCountry>
      <ManufacturerItemDescription>טבק באלי תכלת 40 גר</ManufacturerItemDescription>
      <UnitQty>Unknown </UnitQty>
      <Quantity>0.00</Quantity>
      <UnitOfMeasure>Unknown </UnitOfMeasure>
      <bIsWeighted>0</bIsWeighted>
      <QtyInPackage>1</QtyInPackage>
      <ItemPrice>44.90</ItemPrice>
      <UnitOfMeasurePrice>0.0000</UnitOfMeasurePrice>
      <AllowDiscount>1</AllowDiscount>
      <ItemStatus>1</ItemStatus>
      <ItemId>108437</ItemId>
    </Item>
    <Item>
      <PriceUpdateDate>2015-10-01 06:14:45</PriceUpdateDate>
      <ItemCode>7290014397224</ItemCode>
      <ItemType>1</ItemType>
      <ItemName>גל כביסה מרוכז  750</ItemName>
      <ManufacturerName>סנו</ManufacturerName>
      <ManufactureCountry>לא ידוע</ManufactureCountry>
      <ManufacturerItemDescription>גל כביסה מרוכז ביו 750 מ"ל</ManufacturerItemDescription>
      <UnitQty>מיליליטרים</UnitQty>
      <Quantity>750.00</Quantity>
      <UnitOfMeasure>100 מ"ל</UnitOfMeasure>
      <bIsWeighted>0</bIsWeighted>
      <QtyInPackage>1</QtyInPackage>
      <ItemPrice>27.70</ItemPrice>
      <UnitOfMeasurePrice>3.6933</UnitOfMeasurePrice>
      <AllowDiscount>1</AllowDiscount>
      <ItemStatus>1</ItemStatus>
      <ItemId>84436</ItemId>
    </Item>
    <Item>
      <PriceUpdateDate>2015-10-01 06:14:45</PriceUpdateDate>
      <ItemCode>7290014397231</ItemCode>
      <ItemType>1</ItemType>
      <ItemName>גל כביסה מרוכז קולור</ItemName>
      <ManufacturerName>סנו</ManufacturerName>
      <ManufactureCountry>לא ידוע</ManufactureCountry>
      <ManufacturerItemDescription>גל כביסה מרוכז קולור 750 מ"ל</ManufacturerItemDescription>
      <UnitQty>מיליליטרים</UnitQty>
      <Quantity>750.00</Quantity>
      <UnitOfMeasure>100 מ"ל</UnitOfMeasure>
      <bIsWeighted>0</bIsWeighted>
      <QtyInPackage>1</QtyInPackage>
      <ItemPrice>27.70</ItemPrice>
      <UnitOfMeasurePrice>3.6933</UnitOfMeasurePrice>
      <AllowDiscount>1</AllowDiscount>
      <ItemStatus>1</ItemStatus>
      <ItemId>84437</ItemId>
    </Item>
    <Item>
      <PriceUpdateDate>2016-06-07 08:19:31</PriceUpdateDate>
      <ItemCode>7290011964832</ItemCode>
      <ItemType>1</ItemType>
      <ItemName>בצל מטוגן שקית</ItemName>
      <ManufacturerName>תבליני טעם וריח</ManufacturerName>
      <ManufactureCountry>לא ידוע</ManufactureCountry>
      <ManufacturerItemDescription>בצל מטוגן50 גרם שקית</ManufacturerItemDescription>
      <UnitQty>Unknown </UnitQty>
      <Quantity>0.00</Quantity>
      <UnitOfMeasure>Unknown </UnitOfMeasure>
      <bIsWeighted>0</bIsWeighted>
      <QtyInPackage>1</QtyInPackage>
      <ItemPrice>7.20</ItemPrice>
      <UnitOfMeasurePrice>0.0000</UnitOfMeasurePrice>
      <AllowDiscount>1</AllowDiscount>
      <ItemStatus>1</ItemStatus>
      <ItemId>84547</ItemId>
    </Item>
    <Item>
      <PriceUpdateDate>2015-10-01 06:14:39</PriceUpdateDate>
      <ItemCode>7290011765309</ItemCode>
      <ItemType>1</ItemType>
      <ItemName>מברשת שיניים</ItemName>
      <ManufacturerName>z.h. plastic</ManufacturerName>
      <ManufactureCountry>סין</ManufactureCountry>
      <ManufacturerItemDescription>מברשת שיניים אורביטול זוג</ManufacturerItemDescription>
      <UnitQty>Unknown </UnitQty>
      <Quantity>0.00</Quantity>
      <UnitOfMeasure>Unknown </UnitOfMeasure>
      <bIsWeighted>0</bIsWeighted>
      <QtyInPackage>1</QtyInPackage>
      <ItemPrice>21.00</ItemPrice>
      <UnitOfMeasurePrice>0.0000</UnitOfMeasurePrice>
      <AllowDiscount>1</AllowDiscount>
      <ItemStatus>1</ItemStatus>
      <ItemId>84700</ItemId>
    </Item>
    <Item>
      <PriceUpdateDate>2015-10-01 06:14:08</PriceUpdateDate>
      <ItemCode>7290013412423</ItemCode>
      <ItemType>1</ItemType>
      <ItemName>חיתולי בייביסיטר מיד</ItemName>
      <ManufacturerName>dpl תעשיות מוצרים חד</ManufacturerName>
      <ManufactureCountry>ישראל</ManufactureCountry>
      <ManufacturerItemDescription>חיתולי בייביסיטר מידה 42 1 יח</ManufacturerItemDescription>
      <UnitQty>Unknown </UnitQty>
      <Quantity>0.00</Quantity>
      <UnitOfMeasure>Unknown </UnitOfMeasure>
      <bIsWeighted>0</bIsWeighted>
      <QtyInPackage>1</QtyInPackage>
      <ItemPrice>37.50</ItemPrice>
      <UnitOfMeasurePrice>0.0000</UnitOfMeasurePrice>
      <AllowDiscount>1</AllowDiscount>
      <ItemStatus>1</ItemStatus>
      <ItemId>84805</ItemId>
    </Item>
    <Item>
      <PriceUpdateDate>2015-10-01 06:15:21</PriceUpdateDate>
      <ItemCode>7290010328505</ItemCode>
      <ItemType>1</ItemType>
      <ItemName>חטיפי חלבה ללא סוכר</ItemName>
      <ManufacturerName>אחווה</ManufacturerName>
      <ManufactureCountry>ישראל</ManufactureCountry>
      <ManufacturerItemDescription>חטיפי חלבה ללא סוכר 10 ג            15*"</ManufacturerItemDescription>
      <UnitQty>גרמים</UnitQty>
      <Quantity>150.00</Quantity>
      <UnitOfMeasure>100 גרם</UnitOfMeasure>
      <bIsWeighted>0</bIsWeighted>
      <QtyInPackage>1</QtyInPackage>
      <ItemPrice>9.90</ItemPrice>
      <UnitOfMeasurePrice>6.6000</UnitOfMeasurePrice>
      <AllowDiscount>1</AllowDiscount>
      <ItemStatus>1</ItemStatus>
      <ItemId>96892</ItemId>
    </Item>
    <Item>
      <PriceUpdateDate>2015-10-01 06:14:43</PriceUpdateDate>
      <ItemCode>7290012116612</ItemCode>
      <ItemType>1</ItemType>
      <ItemName>מברשות שיניים</ItemName>
      <ManufacturerName>z.h. plastic</ManufacturerName>
      <ManufactureCountry>סין</ManufactureCountry>
      <ManufacturerItemDescription>אורביטול מברשת שיניים               1/4</ManufacturerItemDescription>
      <UnitQty>Unknown </UnitQty>
      <Quantity>0.00</Quantity>
      <UnitOfMeasure>Unknown </UnitOfMeasure>
      <bIsWeighted>0</bIsWeighted>
      <QtyInPackage>1</QtyInPackage>
      <ItemPrice>21.70</ItemPrice>
      <UnitOfMeasurePrice>0.0000</UnitOfMeasurePrice>
      <AllowDiscount>1</AllowDiscount>
      <ItemStatus>1</ItemStatus>
      <ItemId>84818</ItemId>
    </Item>
    <Item>
      <PriceUpdateDate>2015-01-01 00:00:00</PriceUpdateDate>
      <ItemCode>87311396</ItemCode>
      <ItemType>1</ItemType>
      <ItemName>סוכריות מנטוס גליל</ItemName>
      <ManufacturerName>פרפטי ואן מלה</ManufacturerName>
      <ManufactureCountry>לא ידוע</ManufactureCountry>
      <ManufacturerItemDescription>סוכריות מנטוס גליל</ManufacturerItemDescription>
      <UnitQty>Unknown </UnitQty>
      <Quantity>0.00</Quantity>
      <UnitOfMeasure>Unknown </UnitOfMeasure>
      <bIsWeighted>0</bIsWeighted>
      <QtyInPackage>1</QtyInPackage>
      <ItemPrice>3.90</ItemPrice>
      <UnitOfMeasurePrice>0.0000</UnitOfMeasurePrice>
      <AllowDiscount>1</AllowDiscount>
      <ItemStatus>1</ItemStatus>
      <ItemId>84894</ItemId>
    </Item>
    <Item>
      <PriceUpdateDate>2015-12-17 09:52:15</PriceUpdateDate>
      <ItemCode>7290011378769</ItemCode>
      <ItemType>1</ItemType>
      <ItemName>מאגדת חטיף חלבה וניל</ItemName>
      <ManufacturerName>רושדי תעשיות מזון בע</ManufacturerName>
      <ManufactureCountry>לא ידוע</ManufactureCountry>
      <ManufacturerItemDescription>מאגדת חטיף חלבה וניל</ManufacturerItemDescription>
      <UnitQty>גרמים</UnitQty>
      <Quantity>120.00</Quantity>
      <UnitOfMeasure>100 גרם</UnitOfMeasure>
      <bIsWeighted>0</bIsWeighted>
      <QtyInPackage>1</QtyInPackage>
      <ItemPrice>13.90</ItemPrice>
      <UnitOfMeasurePrice>11.5833</UnitOfMeasurePrice>
      <AllowDiscount>1</AllowDiscount>
      <ItemStatus>1</ItemStatus>
      <ItemId>85020</ItemId>
    </Item>
    <Item>
      <PriceUpdateDate>2015-10-01 06:13:41</PriceUpdateDate>
      <ItemCode>7290100249932</ItemCode>
      <ItemType>1</ItemType>
      <ItemName>דליפקאן</ItemName>
      <ManufacturerName>אתר שפע - Food</ManufacturerName>
      <ManufactureCountry>ישראל</ManufactureCountry>
      <ManufacturerItemDescription>דליפקאן 400 גר בדץ</ManufacturerItemDescription>
      <UnitQty>גרמים</UnitQty>
      <Quantity>400.00</Quantity>
      <UnitOfMeasure>100 גרם</UnitOfMeasure>
      <bIsWeighted>0</bIsWeighted>
      <QtyInPackage>1</QtyInPackage>
      <ItemPrice>24.50</ItemPrice>
      <UnitOfMeasurePrice>6.1250</UnitOfMeasurePrice>
      <AllowDiscount>1</AllowDiscount>
      <ItemStatus>1</ItemStatus>
      <ItemId>85054</ItemId>
    </Item>
    <Item>
      <PriceUpdateDate>2015-01-01 00:00:00</PriceUpdateDate>
      <ItemCode>72994320</ItemCode>
      <ItemType>1</ItemType>
      <ItemName>מסטיק סטיקס בזוקה</ItemName>
      <ManufacturerName>ASCOM CONFECTION GMB</ManufacturerName>
      <ManufactureCountry>גרמניה</ManufactureCountry>
      <ManufacturerItemDescription>מסטיק סטיקס בזוקה ללס</ManufacturerItemDescription>
      <UnitQty>Unknown </UnitQty>
      <Quantity>0.00</Quantity>
      <UnitOfMeasure>Unknown </UnitOfMeasure>
      <bIsWeighted>0</bIsWeighted>
      <QtyInPackage>1</QtyInPackage>
      <ItemPrice>3.00</ItemPrice>
      <UnitOfMeasurePrice>0.0000</UnitOfMeasurePrice>
      <AllowDiscount>1</AllowDiscount>
      <ItemStatus>1</ItemStatus>
      <ItemId>85105</ItemId>
    </Item>
    <Item>
      <PriceUpdateDate>2015-01-01 00:00:00</PriceUpdateDate>
      <ItemCode>72994344</ItemCode>
      <ItemType>1</ItemType>
      <ItemName>מסטיק סטיקס ריח פה</ItemName>
      <ManufacturerName>ASCOM CONFECTION GMB</ManufacturerName>
      <ManufactureCountry>גרמניה</ManufactureCountry>
      <ManufacturerItemDescription>מסטיק מאסט סטיקס ריח פה</ManufacturerItemDescription>
      <UnitQty>Unknown </UnitQty>
      <Quantity>0.00</Quantity>
      <UnitOfMeasure>Unknown </UnitOfMeasure>
      <bIsWeighted>0</bIsWeighted>
      <QtyInPackage>1</QtyInPackage>
      <ItemPrice>3.00</ItemPrice>
      <UnitOfMeasurePrice>0.0000</UnitOfMeasurePrice>
      <AllowDiscount>1</AllowDiscount>
      <ItemStatus>1</ItemStatus>
      <ItemId>85107</ItemId>
    </Item>
    <Item>
      <PriceUpdateDate>2016-08-31 16:53:10</PriceUpdateDate>
      <ItemCode>7290012413612</ItemCode>
      <ItemType>1</ItemType>
      <ItemName>תה ירוק חמוציות</ItemName>
      <ManufacturerName>ויסוצקי</ManufacturerName>
      <ManufactureCountry>ישראל</ManufactureCountry>
      <ManufacturerItemDescription>תה ירוק חמוציות 25 שקיקים</ManufacturerItemDescription>
      <UnitQty>גרמים</UnitQty>
      <Quantity>37.00</Quantity>
      <UnitOfMeasure>100 גרם</UnitOfMeasure>
      <bIsWeighted>0</bIsWeighted>
      <QtyInPackage>1</QtyInPackage>
      <ItemPrice>26.90</ItemPrice>
      <UnitOfMeasurePrice>72.7027</UnitOfMeasurePrice>
      <AllowDiscount>1</AllowDiscount>
      <ItemStatus>1</ItemStatus>
      <ItemId>85122</ItemId>
    </Item>
    <Item>
      <PriceUpdateDate>2015-07-24 06:45:13</PriceUpdateDate>
      <ItemCode>7290014002128</ItemCode>
      <ItemType>1</ItemType>
      <ItemName>תה ירוק לימונית</ItemName>
      <ManufacturerName>ויסוצקי</ManufacturerName>
      <ManufactureCountry>ישראל</ManufactureCountry>
      <ManufacturerItemDescription>תה ירוק לימונית מנטה 25 שקיקים</ManufacturerItemDescription>
      <UnitQty>גרמים</UnitQty>
      <Quantity>37.00</Quantity>
      <UnitOfMeasure>100 גרם</UnitOfMeasure>
      <bIsWeighted>0</bIsWeighted>
      <QtyInPackage>1</QtyInPackage>
      <ItemPrice>26.90</ItemPrice>
      <UnitOfMeasurePrice>72.7027</UnitOfMeasurePrice>
      <AllowDiscount>1</AllowDiscount>
      <ItemStatus>1</ItemStatus>
      <ItemId>85126</ItemId>
    </Item>
    <Item>
      <PriceUpdateDate>2015-10-01 06:14:26</PriceUpdateDate>
      <ItemCode>7290002929031</ItemCode>
      <ItemType>1</ItemType>
      <ItemName>גפילטע פיש 520 גרם</ItemName>
      <ManufacturerName>דלידג</ManufacturerName>
      <ManufactureCountry>ישראל</ManufactureCountry>
      <ManufacturerItemDescription>גפילטע פיש 520 גרם</ManufacturerItemDescription>
      <UnitQty>גרמים</UnitQty>
      <Quantity>520.00</Quantity>
      <UnitOfMeasure>100 גרם</UnitOfMeasure>
      <bIsWeighted>0</bIsWeighted>
      <QtyInPackage>1</QtyInPackage>
      <ItemPrice>12.80</ItemPrice>
      <UnitOfMeasurePrice>2.4615</UnitOfMeasurePrice>
      <AllowDiscount>1</AllowDiscount>
      <ItemStatus>1</ItemStatus>
      <ItemId>92365</ItemId>
    </Item>
    <Item>
      <PriceUpdateDate>2015-10-01 06:15:05</PriceUpdateDate>
      <ItemCode>7290103129354</ItemCode>
      <ItemType>1</ItemType>
      <ItemName>ספיד סטיק דאו    X5</ItemName>
      <ManufacturerName>COLGATE ($) -PALMOLI</ManufacturerName>
      <ManufactureCountry>ארצות הברית</ManufactureCountry>
      <ManufacturerItemDescription>ספיד סטיק דאו X5 סטיק 50 גרם</ManufacturerItemDescription>
      <UnitQty>Unknown </UnitQty>
      <Quantity>0.00</Quantity>
      <UnitOfMeasure>Unknown </UnitOfMeasure>
      <bIsWeighted>0</bIsWeighted>
      <QtyInPackage>1</QtyInPackage>
      <ItemPrice>27.60</ItemPrice>
      <UnitOfMeasurePrice>0.0000</UnitOfMeasurePrice>
      <AllowDiscount>1</AllowDiscount>
      <ItemStatus>1</ItemStatus>
      <ItemId>85278</ItemId>
    </Item>
    <Item>
      <PriceUpdateDate>2016-04-14 07:35:05</PriceUpdateDate>
      <ItemCode>7290013883445</ItemCode>
      <ItemType>1</ItemType>
      <ItemName>אסטוניש קרם לניקוי מ</ItemName>
      <ManufacturerName>אסטוניש</ManufacturerName>
      <ManufactureCountry>אנגליה</ManufactureCountry>
      <ManufacturerItemDescription>אסטוניש קרם לניקוי מטבחים           550</ManufacturerItemDescription>
      <UnitQty>מיליליטרים</UnitQty>
      <Quantity>550.00</Quantity>
      <UnitOfMeasure>100 מ"ל</UnitOfMeasure>
      <bIsWeighted>0</bIsWeighted>
      <QtyInPackage>1</QtyInPackage>
      <ItemPrice>15.90</ItemPrice>
      <UnitOfMeasurePrice>2.8909</UnitOfMeasurePrice>
      <AllowDiscount>1</AllowDiscount>
      <ItemStatus>1</ItemStatus>
      <ItemId>85290</ItemId>
    </Item>
    <Item>
      <PriceUpdateDate>2015-10-01 06:13:24</PriceUpdateDate>
      <ItemCode>7290105961525</ItemCode>
      <ItemType>1</ItemType>
      <ItemName>שוקולד ספלנדיד מריר</ItemName>
      <ManufacturerName>שטראוס גרופ</ManufacturerName>
      <ManufactureCountry>ישראל</ManufactureCountry>
      <ManufacturerItemDescription>שוקולד ספלנדיד מריר                 85%</ManufacturerItemDescription>
      <UnitQty>גרמים</UnitQty>
      <Quantity>100.00</Quantity>
      <UnitOfMeasure>100 גרם</UnitOfMeasure>
      <bIsWeighted>0</bIsWeighted>
      <QtyInPackage>1</QtyInPackage>
      <ItemPrice>11.60</ItemPrice>
      <UnitOfMeasurePrice>11.6000</UnitOfMeasurePrice>
      <AllowDiscount>1</AllowDiscount>
      <ItemStatus>1</ItemStatus>
      <ItemId>85306</ItemId>
    </Item>
    <Item>
      <PriceUpdateDate>2015-10-01 06:14:45</PriceUpdateDate>
      <ItemCode>7290014397156</ItemCode>
      <ItemType>1</ItemType>
      <ItemName>קרמה קרם גוף וניל</ItemName>
      <ManufacturerName>קוסמופארם</ManufacturerName>
      <ManufactureCountry>ישראל</ManufactureCountry>
      <ManufacturerItemDescription>קרמה קרם גוף פרח הוניל 500 מל</ManufacturerItemDescription>
      <UnitQty>מיליליטרים</UnitQty>
      <Quantity>500.00</Quantity>
      <UnitOfMeasure>100 מ"ל</UnitOfMeasure>
      <bIsWeighted>0</bIsWeighted>
      <QtyInPackage>1</QtyInPackage>
      <ItemPrice>27.60</ItemPrice>
      <UnitOfMeasurePrice>5.5200</UnitOfMeasurePrice>
      <AllowDiscount>1</AllowDiscount>
      <ItemStatus>1</ItemStatus>
      <ItemId>85310</ItemId>
    </Item>
    <Item>
      <PriceUpdateDate>2016-04-05 13:26:18</PriceUpdateDate>
      <ItemCode>7290105968098</ItemCode>
      <ItemType>1</ItemType>
      <ItemName>סלט קולסלאו 500 גרם</ItemName>
      <ManufacturerName>שטראוס גרופ</ManufacturerName>
      <ManufactureCountry>ישראל</ManufactureCountry>
      <ManufacturerItemDescription>סלט קולסלאו 500 גרם</ManufacturerItemDescription>
      <UnitQty>גרמים</UnitQty>
      <Quantity>500.00</Quantity>
      <UnitOfMeasure>100 גרם</UnitOfMeasure>
      <bIsWeighted>0</bIsWeighted>
      <QtyInPackage>1</QtyInPackage>
      <ItemPrice>15.50</ItemPrice>
      <UnitOfMeasurePrice>3.1000</UnitOfMeasurePrice>
      <AllowDiscount>1</AllowDiscount>
      <ItemStatus>1</ItemStatus>
      <ItemId>85368</ItemId>
    </Item>
    <Item>
      <PriceUpdateDate>2015-10-01 06:14:26</PriceUpdateDate>
      <ItemCode>7290002973218</ItemCode>
      <ItemType>1</ItemType>
      <ItemName>בסגנון פטה יווני</ItemName>
      <ManufacturerName>נטו מלינדה סיימן.</ManufacturerName>
      <ManufactureCountry>ישראל</ManufactureCountry>
      <ManufacturerItemDescription>בסגנון פטה יווני 400 16% גרם</ManufacturerItemDescription>
      <UnitQty>גרמים</UnitQty>
      <Quantity>400.00</Quantity>
      <UnitOfMeasure>100 גרם</UnitOfMeasure>
      <bIsWeighted>0</bIsWeighted>
      <QtyInPackage>1</QtyInPackage>
      <ItemPrice>20.70</ItemPrice>
      <UnitOfMeasurePrice>5.1750</UnitOfMeasurePrice>
      <AllowDiscount>1</AllowDiscount>
      <ItemStatus>1</ItemStatus>
      <ItemId>85687</ItemId>
    </Item>
    <Item>
      <PriceUpdateDate>2015-08-02 08:18:20</PriceUpdateDate>
      <ItemCode>7290003400500</ItemCode>
      <ItemType>1</ItemType>
      <ItemName>חטיף קרמל עם בוטנים</ItemName>
      <ManufacturerName>הרשי</ManufacturerName>
      <ManufactureCountry>לא ידוע</ManufactureCountry>
      <ManufacturerItemDescription>חטיף קרמל עם בוטנים 47 גרם</ManufacturerItemDescription>
      <UnitQty>Unknown </UnitQty>
      <Quantity>0.00</Quantity>
      <UnitOfMeasure>Unknown </UnitOfMeasure>
      <bIsWeighted>0</bIsWeighted>
      <QtyInPackage>1</QtyInPackage>
      <ItemPrice>5.30</ItemPrice>
      <UnitOfMeasurePrice>0.0000</UnitOfMeasurePrice>
      <AllowDiscount>1</AllowDiscount>
      <ItemStatus>1</ItemStatus>
      <ItemId>93837</ItemId>
    </Item>
    <Item>
      <PriceUpdateDate>2015-10-01 06:18:51</PriceUpdateDate>
      <ItemCode>8002450202005</ItemCode>
      <ItemType>1</ItemType>
      <ItemName>ורדי ספרקלטיני אסאי</ItemName>
      <ManufacturerName>יקב</ManufacturerName>
      <ManufactureCountry>איטליה</ManufactureCountry>
      <ManufacturerItemDescription>ורדי ספרקלטיני אסאי בוסקה</ManufacturerItemDescription>
      <UnitQty>מיליליטרים</UnitQty>
      <Quantity>750.00</Quantity>
      <UnitOfMeasure>100 מ"ל</UnitOfMeasure>
      <bIsWeighted>0</bIsWeighted>
      <QtyInPackage>1</QtyInPackage>
      <ItemPrice>31.20</ItemPrice>
      <UnitOfMeasurePrice>4.1600</UnitOfMeasurePrice>
      <AllowDiscount>1</AllowDiscount>
      <ItemStatus>1</ItemStatus>
      <ItemId>85823</ItemId>
    </Item>
    <Item>
      <PriceUpdateDate>2015-10-01 06:13:24</PriceUpdateDate>
      <ItemCode>7290106520066</ItemCode>
      <ItemType>1</ItemType>
      <ItemName>רבע לשבע טעם שוקולד</ItemName>
      <ManufacturerName>הגביע מוצרי וופלים ב</ManufacturerName>
      <ManufactureCountry>ישראל</ManufactureCountry>
      <ManufacturerItemDescription>רבע לשבע בד"צ 160 גרם</ManufacturerItemDescription>
      <UnitQty>גרמים</UnitQty>
      <Quantity>160.00</Quantity>
      <UnitOfMeasure>100 גרם</UnitOfMeasure>
      <bIsWeighted>0</bIsWeighted>
      <QtyInPackage>1</QtyInPackage>
      <ItemPrice>13.70</ItemPrice>
      <UnitOfMeasurePrice>8.5625</UnitOfMeasurePrice>
      <AllowDiscount>1</AllowDiscount>
      <ItemStatus>1</ItemStatus>
      <ItemId>86008</ItemId>
    </Item>
    <Item>
      <PriceUpdateDate>2016-07-20 07:59:42</PriceUpdateDate>
      <ItemCode>7290014466128</ItemCode>
      <ItemType>1</ItemType>
      <ItemName>יין הר חרמון אינדיגו</ItemName>
      <ManufacturerName>יקב רמת הגולן</ManufacturerName>
      <ManufactureCountry>לא ידוע</ManufactureCountry>
      <ManufacturerItemDescription>יין הר חרמון אינדיגו 750 מ"ל</ManufacturerItemDescription>
      <UnitQty>מיליליטרים</UnitQty>
      <Quantity>750.00</Quantity>
      <UnitOfMeasure>100 מ"ל</UnitOfMeasure>
      <bIsWeighted>0</bIsWeighted>
      <QtyInPackage>1</QtyInPackage>
      <ItemPrice>39.90</ItemPrice>
      <UnitOfMeasurePrice>5.3200</UnitOfMeasurePrice>
      <AllowDiscount>1</AllowDiscount>
      <ItemStatus>1</ItemStatus>
      <ItemId>86009</ItemId>
    </Item>
    <Item>
      <PriceUpdateDate>2015-08-27 12:06:18</PriceUpdateDate>
      <ItemCode>7622300617820</ItemCode>
      <ItemType>1</ItemType>
      <ItemName>שוקולד מילקה אוראו 1</ItemName>
      <ManufacturerName>מונדלייז</ManufacturerName>
      <ManufactureCountry>גרמניה</ManufactureCountry>
      <ManufacturerItemDescription>שוקולד מילקה אוראו 100 גרם</ManufacturerItemDescription>
      <UnitQty>גרמים</UnitQty>
      <Quantity>100.00</Quantity>
      <UnitOfMeasure>100 גרם</UnitOfMeasure>
      <bIsWeighted>0</bIsWeighted>
      <QtyInPackage>1</QtyInPackage>
      <ItemPrice>9.90</ItemPrice>
      <UnitOfMeasurePrice>9.9000</UnitOfMeasurePrice>
      <AllowDiscount>1</AllowDiscount>
      <ItemStatus>1</ItemStatus>
      <ItemId>86467</ItemId>
    </Item>
    <Item>
      <PriceUpdateDate>2015-01-01 00:00:00</PriceUpdateDate>
      <ItemCode>4009900402965</ItemCode>
      <ItemType>1</ItemType>
      <ItemName>בקבוקון וויט פירות</ItemName>
      <ManufacturerName>ריגלי</ManufacturerName>
      <ManufactureCountry>פולין</ManufactureCountry>
      <ManufacturerItemDescription>אורביט בקבוקון וויט פירות</ManufacturerItemDescription>
      <UnitQty>Unknown </UnitQty>
      <Quantity>0.00</Quantity>
      <UnitOfMeasure>Unknown </UnitOfMeasure>
      <bIsWeighted>0</bIsWeighted>
      <QtyInPackage>1</QtyInPackage>
      <ItemPrice>11.00</ItemPrice>
      <UnitOfMeasurePrice>0.0000</UnitOfMeasurePrice>
      <AllowDiscount>1</AllowDiscount>
      <ItemStatus>1</ItemStatus>
      <ItemId>86602</ItemId>
    </Item>
    <Item>
      <PriceUpdateDate>2015-01-01 00:00:00</PriceUpdateDate>
      <ItemCode>4009900403023</ItemCode>
      <ItemType>1</ItemType>
      <ItemName>בקבוקון וויט מנטה</ItemName>
      <ManufacturerName>ריגלי</ManufacturerName>
      <ManufactureCountry>פולין</ManufactureCountry>
      <ManufacturerItemDescription>אורביט בקבוקון וויט מנטה</ManufacturerItemDescription>
      <UnitQty>גרמים</UnitQty>
      <Quantity>64.00</Quantity>
      <UnitOfMeasure>100 גרם</UnitOfMeasure>
      <bIsWeighted>0</bIsWeighted>
      <QtyInPackage>1</QtyInPackage>
      <ItemPrice>11.00</ItemPrice>
      <UnitOfMeasurePrice>17.1875</UnitOfMeasurePrice>
      <AllowDiscount>1</AllowDiscount>
      <ItemStatus>1</ItemStatus>
      <ItemId>86603</ItemId>
    </Item>
    <Item>
      <PriceUpdateDate>2015-10-01 06:14:45</PriceUpdateDate>
      <ItemCode>7290013848635</ItemCode>
      <ItemType>1</ItemType>
      <ItemName>שמפו לשיער רגיל</ItemName>
      <ManufacturerName>קוסמופארם</ManufacturerName>
      <ManufactureCountry>ישראל</ManufactureCountry>
      <ManufacturerItemDescription>קרמה שמפו לשיער רגיל 700 מל</ManufacturerItemDescription>
      <UnitQty>מיליליטרים</UnitQty>
      <Quantity>700.00</Quantity>
      <UnitOfMeasure>100 מ"ל</UnitOfMeasure>
      <bIsWeighted>0</bIsWeighted>
      <QtyInPackage>1</QtyInPackage>
      <ItemPrice>21.70</ItemPrice>
      <UnitOfMeasurePrice>3.1000</UnitOfMeasurePrice>
      <AllowDiscount>1</AllowDiscount>
      <ItemStatus>1</ItemStatus>
      <ItemId>86744</ItemId>
    </Item>
    <Item>
      <PriceUpdateDate>2015-10-01 06:14:46</PriceUpdateDate>
      <ItemCode>7290013848673</ItemCode>
      <ItemType>1</ItemType>
      <ItemName>שמפו/מרכך לשיער</ItemName>
      <ManufacturerName>קוסמופארם</ManufacturerName>
      <ManufactureCountry>ישראל</ManufactureCountry>
      <ManufacturerItemDescription>קרמה שמפו/מרכך לכל סוגי שיער</ManufacturerItemDescription>
      <UnitQty>מיליליטרים</UnitQty>
      <Quantity>700.00</Quantity>
      <UnitOfMeasure>100 מ"ל</UnitOfMeasure>
      <bIsWeighted>0</bIsWeighted>
      <QtyInPackage>1</QtyInPackage>
      <ItemPrice>21.70</ItemPrice>
      <UnitOfMeasurePrice>3.1000</UnitOfMeasurePrice>
      <AllowDiscount>1</AllowDiscount>
      <ItemStatus>1</ItemStatus>
      <ItemId>86748</ItemId>
    </Item>
    <Item>
      <PriceUpdateDate>2015-10-01 06:14:46</PriceUpdateDate>
      <ItemCode>7290013848680</ItemCode>
      <ItemType>1</ItemType>
      <ItemName>מרכך לשיער רגיל</ItemName>
      <ManufacturerName>קוסמופארם</ManufacturerName>
      <ManufactureCountry>ישראל</ManufactureCountry>
      <ManufacturerItemDescription>קרמה מרכך לשיער רגיל 700 מל</ManufacturerItemDescription>
      <UnitQty>מיליליטרים</UnitQty>
      <Quantity>700.00</Quantity>
      <UnitOfMeasure>100 מ"ל</UnitOfMeasure>
      <bIsWeighted>0</bIsWeighted>
      <QtyInPackage>1</QtyInPackage>
      <ItemPrice>21.70</ItemPrice>
      <UnitOfMeasurePrice>3.1000</UnitOfMeasurePrice>
      <AllowDiscount>1</AllowDiscount>
      <ItemStatus>1</ItemStatus>
      <ItemId>86749</ItemId>
    </Item>
    <Item>
      <PriceUpdateDate>2015-10-01 06:14:46</PriceUpdateDate>
      <ItemCode>7290013848697</ItemCode>
      <ItemType>1</ItemType>
      <ItemName>מרכך לשיער יבש</ItemName>
      <ManufacturerName>קוסמופארם</ManufacturerName>
      <ManufactureCountry>ישראל</ManufactureCountry>
      <ManufacturerItemDescription>קרמה מרכך לשיער יבש 700 מל</ManufacturerItemDescription>
      <UnitQty>מיליליטרים</UnitQty>
      <Quantity>700.00</Quantity>
      <UnitOfMeasure>100 מ"ל</UnitOfMeasure>
      <bIsWeighted>0</bIsWeighted>
      <QtyInPackage>1</QtyInPackage>
      <ItemPrice>21.70</ItemPrice>
      <UnitOfMeasurePrice>3.1000</UnitOfMeasurePrice>
      <AllowDiscount>1</AllowDiscount>
      <ItemStatus>1</ItemStatus>
      <ItemId>86750</ItemId>
    </Item>
    <Item>
      <PriceUpdateDate>2015-10-01 06:23:34</PriceUpdateDate>
      <ItemCode>7290013412591</ItemCode>
      <ItemType>1</ItemType>
      <ItemName>חיתולי קומפקט מיני</ItemName>
      <ManufacturerName>יושלם</ManufacturerName>
      <ManufactureCountry>יושלם</ManufactureCountry>
      <ManufacturerItemDescription>בייביסיטר קומפקט מיני 20 יח</ManufacturerItemDescription>
      <UnitQty>Unknown </UnitQty>
      <Quantity>0.00</Quantity>
      <UnitOfMeasure>Unknown </UnitOfMeasure>
      <bIsWeighted>0</bIsWeighted>
      <QtyInPackage>1</QtyInPackage>
      <ItemPrice>17.80</ItemPrice>
      <UnitOfMeasurePrice>0.0000</UnitOfMeasurePrice>
      <AllowDiscount>1</AllowDiscount>
      <ItemStatus>1</ItemStatus>
      <ItemId>86766</ItemId>
    </Item>
    <Item>
      <PriceUpdateDate>2015-10-01 06:14:46</PriceUpdateDate>
      <ItemCode>7290014397507</ItemCode>
      <ItemType>1</ItemType>
      <ItemName>מבשם אויר נטול יסמין</ItemName>
      <ManufacturerName>סנו</ManufacturerName>
      <ManufactureCountry>ישראל</ManufactureCountry>
      <ManufacturerItemDescription>סנו פרש בוקר אביבי למאסק מעודן</ManufacturerItemDescription>
      <UnitQty>מיליליטרים</UnitQty>
      <Quantity>350.00</Quantity>
      <UnitOfMeasure>100 מ"ל</UnitOfMeasure>
      <bIsWeighted>0</bIsWeighted>
      <QtyInPackage>1</QtyInPackage>
      <ItemPrice>18.70</ItemPrice>
      <UnitOfMeasurePrice>5.3429</UnitOfMeasurePrice>
      <AllowDiscount>1</AllowDiscount>
      <ItemStatus>1</ItemStatus>
      <ItemId>86772</ItemId>
    </Item>
    <Item>
      <PriceUpdateDate>2015-10-01 06:14:46</PriceUpdateDate>
      <ItemCode>7290014397514</ItemCode>
      <ItemType>1</ItemType>
      <ItemName>מבשם אויר נטול גז כו</ItemName>
      <ManufacturerName>סנו</ManufacturerName>
      <ManufactureCountry>ישראל</ManufactureCountry>
      <ManufacturerItemDescription>מבשם אויר נטול גז כותנה מלטפת</ManufacturerItemDescription>
      <UnitQty>מיליליטרים</UnitQty>
      <Quantity>350.00</Quantity>
      <UnitOfMeasure>100 מ"ל</UnitOfMeasure>
      <bIsWeighted>0</bIsWeighted>
      <QtyInPackage>1</QtyInPackage>
      <ItemPrice>18.70</ItemPrice>
      <UnitOfMeasurePrice>5.3429</UnitOfMeasurePrice>
      <AllowDiscount>1</AllowDiscount>
      <ItemStatus>1</ItemStatus>
      <ItemId>86773</ItemId>
    </Item>
    <Item>
      <PriceUpdateDate>2015-06-14 11:54:28</PriceUpdateDate>
      <ItemCode>7290102395446</ItemCode>
      <ItemType>1</ItemType>
      <ItemName>מעדן מוו וניל קצפת</ItemName>
      <ManufacturerName>טרה</ManufacturerName>
      <ManufactureCountry>ישראל</ManufactureCountry>
      <ManufacturerItemDescription>מעדן מוו וניל קצפת 123 גרם</ManufacturerItemDescription>
      <UnitQty>גרמים</UnitQty>
      <Quantity>123.00</Quantity>
      <UnitOfMeasure>100 גרם</UnitOfMeasure>
      <bIsWeighted>0</bIsWeighted>
      <QtyInPackage>1</QtyInPackage>
      <ItemPrice>2.90</ItemPrice>
      <UnitOfMeasurePrice>2.3577</UnitOfMeasurePrice>
      <AllowDiscount>1</AllowDiscount>
      <ItemStatus>1</ItemStatus>
      <ItemId>86787</ItemId>
    </Item>
    <Item>
      <PriceUpdateDate>2015-06-14 11:54:28</PriceUpdateDate>
      <ItemCode>7290102395460</ItemCode>
      <ItemType>1</ItemType>
      <ItemName>מעדן מו שוקולד אגוז</ItemName>
      <ManufacturerName>טרה</ManufacturerName>
      <ManufactureCountry>ישראל</ManufactureCountry>
      <ManufacturerItemDescription>מעדן מוו שוקולד אגוזים 123 גרם</ManufacturerItemDescription>
      <UnitQty>גרמים</UnitQty>
      <Quantity>123.00</Quantity>
      <UnitOfMeasure>100 גרם</UnitOfMeasure>
      <bIsWeighted>0</bIsWeighted>
      <QtyInPackage>1</QtyInPackage>
      <ItemPrice>2.90</ItemPrice>
      <UnitOfMeasurePrice>2.3577</UnitOfMeasurePrice>
      <AllowDiscount>1</AllowDiscount>
      <ItemStatus>1</ItemStatus>
      <ItemId>86789</ItemId>
    </Item>
    <Item>
      <PriceUpdateDate>2015-06-14 11:54:28</PriceUpdateDate>
      <ItemCode>7290102395477</ItemCode>
      <ItemType>1</ItemType>
      <ItemName>מעדן מו שוקולד וקצפת</ItemName>
      <ManufacturerName>טרה</ManufacturerName>
      <ManufactureCountry>ישראל</ManufactureCountry>
      <ManufacturerItemDescription>מעדן מוו שוקולד וקצפת 123 גרם</ManufacturerItemDescription>
      <UnitQty>גרמים</UnitQty>
      <Quantity>123.00</Quantity>
      <UnitOfMeasure>100 גרם</UnitOfMeasure>
      <bIsWeighted>0</bIsWeighted>
      <QtyInPackage>1</QtyInPackage>
      <ItemPrice>2.90</ItemPrice>
      <UnitOfMeasurePrice>2.3577</UnitOfMeasurePrice>
      <AllowDiscount>1</AllowDiscount>
      <ItemStatus>1</ItemStatus>
      <ItemId>86790</ItemId>
    </Item>
    <Item>
      <PriceUpdateDate>2015-10-01 06:15:05</PriceUpdateDate>
      <ItemCode>7891024124826</ItemCode>
      <ItemType>1</ItemType>
      <ItemName>משחת שיניים אופטיק</ItemName>
      <ManufacturerName>COLGATE ($) -PALMOLI</ManufacturerName>
      <ManufactureCountry>ברזיל</ManufactureCountry>
      <ManufacturerItemDescription>משחת שיניים אופטיק וויט 75 מ"ל</ManufacturerItemDescription>
      <UnitQty>מיליליטרים</UnitQty>
      <Quantity>75.00</Quantity>
      <UnitOfMeasure>100 מ"ל</UnitOfMeasure>
      <bIsWeighted>0</bIsWeighted>
      <QtyInPackage>1</QtyInPackage>
      <ItemPrice>27.60</ItemPrice>
      <UnitOfMeasurePrice>36.8000</UnitOfMeasurePrice>
      <AllowDiscount>1</AllowDiscount>
      <ItemStatus>1</ItemStatus>
      <ItemId>86795</ItemId>
    </Item>
    <Item>
      <PriceUpdateDate>2016-02-03 07:46:30</PriceUpdateDate>
      <ItemCode>5710840013485</ItemCode>
      <ItemType>1</ItemType>
      <ItemName>טבק באלי אדום 40 גר</ItemName>
      <ManufacturerName>S.T.G</ManufacturerName>
      <ManufactureCountry>דנמרק</ManufactureCountry>
      <ManufacturerItemDescription>באלי  שאג</ManufacturerItemDescription>
      <UnitQty>קילוגרמים</UnitQty>
      <Quantity>0.01</Quantity>
      <UnitOfMeasure>ק"ג</UnitOfMeasure>
      <bIsWeighted>0</bIsWeighted>
      <QtyInPackage>1</QtyInPackage>
      <ItemPrice>44.90</ItemPrice>
      <UnitOfMeasurePrice>4490.0000</UnitOfMeasurePrice>
      <AllowDiscount>1</AllowDiscount>
      <ItemStatus>1</ItemStatus>
      <ItemId>86977</ItemId>
    </Item>
    <Item>
      <PriceUpdateDate>2015-10-01 06:15:11</PriceUpdateDate>
      <ItemCode>7290014603028</ItemCode>
      <ItemType>1</ItemType>
      <ItemName>שלגון סולרו טעם וניל</ItemName>
      <ManufacturerName>גלידת שטראוס בע"מ</ManufacturerName>
      <ManufactureCountry>ישראל</ManufactureCountry>
      <ManufacturerItemDescription>שלגון סולרו טעם וניל ציפוי תות</ManufacturerItemDescription>
      <UnitQty>גרמים</UnitQty>
      <Quantity>27.00</Quantity>
      <UnitOfMeasure>100 גרם</UnitOfMeasure>
      <bIsWeighted>0</bIsWeighted>
      <QtyInPackage>1</QtyInPackage>
      <ItemPrice>9.80</ItemPrice>
      <UnitOfMeasurePrice>36.2963</UnitOfMeasurePrice>
      <AllowDiscount>1</AllowDiscount>
      <ItemStatus>1</ItemStatus>
      <ItemId>87240</ItemId>
    </Item>
    <Item>
      <PriceUpdateDate>2015-01-01 00:00:00</PriceUpdateDate>
      <ItemCode>7290106570023</ItemCode>
      <ItemType>1</ItemType>
      <ItemName>בייגלה שטוחים שומשום</ItemName>
      <ManufacturerName>אסם</ManufacturerName>
      <ManufactureCountry>לא ידוע</ManufactureCountry>
      <ManufacturerItemDescription>בייגלה שטוחים שומשום ללא גלוטן</ManufacturerItemDescription>
      <UnitQty>גרמים</UnitQty>
      <Quantity>250.00</Quantity>
      <UnitOfMeasure>100 גרם</UnitOfMeasure>
      <bIsWeighted>0</bIsWeighted>
      <QtyInPackage>1</QtyInPackage>
      <ItemPrice>15.80</ItemPrice>
      <UnitOfMeasurePrice>6.3200</UnitOfMeasurePrice>
      <AllowDiscount>1</AllowDiscount>
      <ItemStatus>1</ItemStatus>
      <ItemId>87244</ItemId>
    </Item>
    <Item>
      <PriceUpdateDate>2015-01-01 00:00:00</PriceUpdateDate>
      <ItemCode>7290106570177</ItemCode>
      <ItemType>1</ItemType>
      <ItemName>בייגלה שטוחים מלח</ItemName>
      <ManufacturerName>אסם</ManufacturerName>
      <ManufactureCountry>לא ידוע</ManufactureCountry>
      <ManufacturerItemDescription>בייגלה שטוחים מלח ללא גלוטן</ManufacturerItemDescription>
      <UnitQty>גרמים</UnitQty>
      <Quantity>250.00</Quantity>
      <UnitOfMeasure>100 גרם</UnitOfMeasure>
      <bIsWeighted>0</bIsWeighted>
      <QtyInPackage>1</QtyInPackage>
      <ItemPrice>15.80</ItemPrice>
      <UnitOfMeasurePrice>6.3200</UnitOfMeasurePrice>
      <AllowDiscount>1</AllowDiscount>
      <ItemStatus>1</ItemStatus>
      <ItemId>87245</ItemId>
    </Item>
    <Item>
      <PriceUpdateDate>2015-10-01 06:16:21</PriceUpdateDate>
      <ItemCode>7290106571754</ItemCode>
      <ItemType>1</ItemType>
      <ItemName>שלגון פרילי מנגו</ItemName>
      <ManufacturerName>נגה גלידות</ManufacturerName>
      <ManufactureCountry>ישראל</ManufactureCountry>
      <ManufacturerItemDescription>שלגון פרילי מנגו</ManufacturerItemDescription>
      <UnitQty>גרמים</UnitQty>
      <Quantity>78.00</Quantity>
      <UnitOfMeasure>100 גרם</UnitOfMeasure>
      <bIsWeighted>0</bIsWeighted>
      <QtyInPackage>1</QtyInPackage>
      <ItemPrice>5.80</ItemPrice>
      <UnitOfMeasurePrice>7.4359</UnitOfMeasurePrice>
      <AllowDiscount>1</AllowDiscount>
      <ItemStatus>1</ItemStatus>
      <ItemId>87249</ItemId>
    </Item>
    <Item>
      <PriceUpdateDate>2015-01-01 00:00:00</PriceUpdateDate>
      <ItemCode>7290106571792</ItemCode>
      <ItemType>1</ItemType>
      <ItemName>שלגון ויטמנצ"יק ענבי</ItemName>
      <ManufacturerName>נגה גלידות</ManufacturerName>
      <ManufactureCountry>ישראל</ManufactureCountry>
      <ManufacturerItemDescription>שלגון ויטמנציק ענבים</ManufacturerItemDescription>
      <UnitQty>גרמים</UnitQty>
      <Quantity>80.00</Quantity>
      <UnitOfMeasure>100 גרם</UnitOfMeasure>
      <bIsWeighted>0</bIsWeighted>
      <QtyInPackage>1</QtyInPackage>
      <ItemPrice>2.90</ItemPrice>
      <UnitOfMeasurePrice>3.6250</UnitOfMeasurePrice>
      <AllowDiscount>1</AllowDiscount>
      <ItemStatus>1</ItemStatus>
      <ItemId>87250</ItemId>
    </Item>
    <Item>
      <PriceUpdateDate>2016-03-29 10:13:52</PriceUpdateDate>
      <ItemCode>7290003220823</ItemCode>
      <ItemType>1</ItemType>
      <ItemName>רוטב צילי חריף  700</ItemName>
      <ManufacturerName>THAI PREEDA TRADING</ManufacturerName>
      <ManufactureCountry>תאילנד</ManufactureCountry>
      <ManufacturerItemDescription>רוטב צילי חריף 700 מל</ManufacturerItemDescription>
      <UnitQty>מיליליטרים</UnitQty>
      <Quantity>700.00</Quantity>
      <UnitOfMeasure>100 מ"ל</UnitOfMeasure>
      <bIsWeighted>0</bIsWeighted>
      <QtyInPackage>1</QtyInPackage>
      <ItemPrice>14.90</ItemPrice>
      <UnitOfMeasurePrice>2.1286</UnitOfMeasurePrice>
      <AllowDiscount>1</AllowDiscount>
      <ItemStatus>1</ItemStatus>
      <ItemId>87319</ItemId>
    </Item>
    <Item>
      <PriceUpdateDate>2015-10-01 06:13:06</PriceUpdateDate>
      <ItemCode>5000204658064</ItemCode>
      <ItemType>1</ItemType>
      <ItemName>משחת נעליים קיוי אקס</ItemName>
      <ManufacturerName>SC Jonson</ManufacturerName>
      <ManufactureCountry>אינדונזיה</ManufactureCountry>
      <ManufacturerItemDescription>משחת נעליים קיוי אקסספרס שחור</ManufacturerItemDescription>
      <UnitQty>Unknown </UnitQty>
      <Quantity>0.00</Quantity>
      <UnitOfMeasure>Unknown </UnitOfMeasure>
      <bIsWeighted>0</bIsWeighted>
      <QtyInPackage>1</QtyInPackage>
      <ItemPrice>16.20</ItemPrice>
      <UnitOfMeasurePrice>0.0000</UnitOfMeasurePrice>
      <AllowDiscount>1</AllowDiscount>
      <ItemStatus>1</ItemStatus>
      <ItemId>87322</ItemId>
    </Item>
    <Item>
      <PriceUpdateDate>2015-10-01 06:13:06</PriceUpdateDate>
      <ItemCode>5000204658125</ItemCode>
      <ItemType>1</ItemType>
      <ItemName>משחת נעליים קיוי קרא</ItemName>
      <ManufacturerName>SC Jonson</ManufacturerName>
      <ManufactureCountry>אינדונזיה</ManufactureCountry>
      <ManufacturerItemDescription>משחת נעליים קיוי קראון חום           75</ManufacturerItemDescription>
      <UnitQty>מיליליטרים</UnitQty>
      <Quantity>75.00</Quantity>
      <UnitOfMeasure>100 מ"ל</UnitOfMeasure>
      <bIsWeighted>0</bIsWeighted>
      <QtyInPackage>1</QtyInPackage>
      <ItemPrice>13.90</ItemPrice>
      <UnitOfMeasurePrice>18.5333</UnitOfMeasurePrice>
      <AllowDiscount>1</AllowDiscount>
      <ItemStatus>1</ItemStatus>
      <ItemId>87323</ItemId>
    </Item>
    <Item>
      <PriceUpdateDate>2015-10-01 06:13:06</PriceUpdateDate>
      <ItemCode>5000204658187</ItemCode>
      <ItemType>1</ItemType>
      <ItemName>משחת נעליים קיווי קר</ItemName>
      <ManufacturerName>SC Jonson</ManufacturerName>
      <ManufactureCountry>אינדונזיה</ManufactureCountry>
      <ManufacturerItemDescription>משחת נעליים קיווי קראון שחור</ManufacturerItemDescription>
      <UnitQty>מיליליטרים</UnitQty>
      <Quantity>75.00</Quantity>
      <UnitOfMeasure>100 מ"ל</UnitOfMeasure>
      <bIsWeighted>0</bIsWeighted>
      <QtyInPackage>1</QtyInPackage>
      <ItemPrice>13.90</ItemPrice>
      <UnitOfMeasurePrice>18.5333</UnitOfMeasurePrice>
      <AllowDiscount>1</AllowDiscount>
      <ItemStatus>1</ItemStatus>
      <ItemId>87324</ItemId>
    </Item>
    <Item>
      <PriceUpdateDate>2015-10-01 06:13:07</PriceUpdateDate>
      <ItemCode>5000204660159</ItemCode>
      <ItemType>1</ItemType>
      <ItemName>משחת נעליים קיוי אקס</ItemName>
      <ManufacturerName>SC Jonson</ManufacturerName>
      <ManufactureCountry>אינדונזיה</ManufactureCountry>
      <ManufacturerItemDescription>משחת נעליים קיוי אקספרס שקוף</ManufacturerItemDescription>
      <UnitQty>גרמים</UnitQty>
      <Quantity>750.00</Quantity>
      <UnitOfMeasure>100 גרם</UnitOfMeasure>
      <bIsWeighted>0</bIsWeighted>
      <QtyInPackage>1</QtyInPackage>
      <ItemPrice>16.20</ItemPrice>
      <UnitOfMeasurePrice>2.1600</UnitOfMeasurePrice>
      <AllowDiscount>1</AllowDiscount>
      <ItemStatus>1</ItemStatus>
      <ItemId>87325</ItemId>
    </Item>
    <Item>
      <PriceUpdateDate>2015-10-01 06:16:21</PriceUpdateDate>
      <ItemCode>7290000072944</ItemCode>
      <ItemType>1</ItemType>
      <ItemName>שלגון פרילי יוגורט פ</ItemName>
      <ManufacturerName>נגה גלידות</ManufacturerName>
      <ManufactureCountry>ישראל</ManufactureCountry>
      <ManufacturerItemDescription>שלגון פרילי יוגורט פירות יער</ManufacturerItemDescription>
      <UnitQty>גרמים</UnitQty>
      <Quantity>68.00</Quantity>
      <UnitOfMeasure>100 גרם</UnitOfMeasure>
      <bIsWeighted>0</bIsWeighted>
      <QtyInPackage>1</QtyInPackage>
      <ItemPrice>5.80</ItemPrice>
      <UnitOfMeasurePrice>8.5294</UnitOfMeasurePrice>
      <AllowDiscount>1</AllowDiscount>
      <ItemStatus>1</ItemStatus>
      <ItemId>87402</ItemId>
    </Item>
    <Item>
      <PriceUpdateDate>2015-01-01 00:00:00</PriceUpdateDate>
      <ItemCode>7501013100037</ItemCode>
      <ItemType>1</ItemType>
      <ItemName>נקטר מנגו 500 מל</ItemName>
      <ManufacturerName>COMERCIALIZADORA ELO</ManufacturerName>
      <ManufactureCountry>מקסיקו</ManufactureCountry>
      <ManufacturerItemDescription>נקטר מנגו 500 מל</ManufacturerItemDescription>
      <UnitQty>מיליליטרים</UnitQty>
      <Quantity>500.00</Quantity>
      <UnitOfMeasure>100 מ"ל</UnitOfMeasure>
      <bIsWeighted>0</bIsWeighted>
      <QtyInPackage>1</QtyInPackage>
      <ItemPrice>7.50</ItemPrice>
      <UnitOfMeasurePrice>1.5000</UnitOfMeasurePrice>
      <AllowDiscount>1</AllowDiscount>
      <ItemStatus>1</ItemStatus>
      <ItemId>89878</ItemId>
    </Item>
    <Item>
      <PriceUpdateDate>2015-10-01 06:15:20</PriceUpdateDate>
      <ItemCode>7290003220274</ItemCode>
      <ItemType>1</ItemType>
      <ItemName>נודלס בטעם עוף</ItemName>
      <ManufacturerName>WELL-GROW CO LTD</ManufacturerName>
      <ManufactureCountry>תאילנד</ManufactureCountry>
      <ManufacturerItemDescription>נודלס WOK בטעם עוף 60 גר               "</ManufacturerItemDescription>
      <UnitQty>Unknown </UnitQty>
      <Quantity>0.00</Quantity>
      <UnitOfMeasure>Unknown </UnitOfMeasure>
      <bIsWeighted>0</bIsWeighted>
      <QtyInPackage>1</QtyInPackage>
      <ItemPrice>6.90</ItemPrice>
      <UnitOfMeasurePrice>0.0000</UnitOfMeasurePrice>
      <AllowDiscount>1</AllowDiscount>
      <ItemStatus>1</ItemStatus>
      <ItemId>87482</ItemId>
    </Item>
    <Item>
      <PriceUpdateDate>2015-10-18 17:18:25</PriceUpdateDate>
      <ItemCode>7290101865261</ItemCode>
      <ItemType>1</ItemType>
      <ItemName>נוזל הברקה למדיח</ItemName>
      <ManufacturerName>פיניש</ManufacturerName>
      <ManufactureCountry>לא ידוע</ManufactureCountry>
      <ManufacturerItemDescription>פיניש נוזל הברקה למדיח 800 מ"ל</ManufacturerItemDescription>
      <UnitQty>מיליליטרים</UnitQty>
      <Quantity>800.00</Quantity>
      <UnitOfMeasure>100 מ"ל</UnitOfMeasure>
      <bIsWeighted>0</bIsWeighted>
      <QtyInPackage>1</QtyInPackage>
      <ItemPrice>34.60</ItemPrice>
      <UnitOfMeasurePrice>4.3250</UnitOfMeasurePrice>
      <AllowDiscount>1</AllowDiscount>
      <ItemStatus>1</ItemStatus>
      <ItemId>87568</ItemId>
    </Item>
    <Item>
      <PriceUpdateDate>2015-10-01 06:15:27</PriceUpdateDate>
      <ItemCode>9000100737111</ItemCode>
      <ItemType>1</ItemType>
      <ItemName>טבליות למדיח סומט מו</ItemName>
      <ManufacturerName>הנקל</ManufacturerName>
      <ManufactureCountry>גרמניה</ManufactureCountry>
      <ManufacturerItemDescription>טבליות למדיח סומט מולטי פרפקט</ManufacturerItemDescription>
      <UnitQty>Unknown </UnitQty>
      <Quantity>0.00</Quantity>
      <UnitOfMeasure>Unknown </UnitOfMeasure>
      <bIsWeighted>0</bIsWeighted>
      <QtyInPackage>1</QtyInPackage>
      <ItemPrice>34.60</ItemPrice>
      <UnitOfMeasurePrice>0.0000</UnitOfMeasurePrice>
      <AllowDiscount>1</AllowDiscount>
      <ItemStatus>1</ItemStatus>
      <ItemId>87591</ItemId>
    </Item>
    <Item>
      <PriceUpdateDate>2016-01-01 07:13:24</PriceUpdateDate>
      <ItemCode>7290105360328</ItemCode>
      <ItemType>1</ItemType>
      <ItemName>קפסולות אספרסו חזק</ItemName>
      <ManufacturerName>שטראוס גרופ</ManufacturerName>
      <ManufactureCountry>ישראל</ManufactureCountry>
      <ManufacturerItemDescription>קפסולות אספרסו חזק10 יח 5*גרם</ManufacturerItemDescription>
      <UnitQty>גרמים</UnitQty>
      <Quantity>50.00</Quantity>
      <UnitOfMeasure>100 גרם</UnitOfMeasure>
      <bIsWeighted>0</bIsWeighted>
      <QtyInPackage>1</QtyInPackage>
      <ItemPrice>20.90</ItemPrice>
      <UnitOfMeasurePrice>41.8000</UnitOfMeasurePrice>
      <AllowDiscount>1</AllowDiscount>
      <ItemStatus>1</ItemStatus>
      <ItemId>87672</ItemId>
    </Item>
    <Item>
      <PriceUpdateDate>2015-10-01 06:13:39</PriceUpdateDate>
      <ItemCode>7290000316444</ItemCode>
      <ItemType>1</ItemType>
      <ItemName>ברנפלקס ללא סוכר בדצ</ItemName>
      <ManufacturerName>אתר שפע - Food</ManufacturerName>
      <ManufactureCountry>ישראל</ManufactureCountry>
      <ManufacturerItemDescription>ברנפלקס ללא סוכר בדצ 500 גרם</ManufacturerItemDescription>
      <UnitQty>גרמים</UnitQty>
      <Quantity>500.00</Quantity>
      <UnitOfMeasure>100 גרם</UnitOfMeasure>
      <bIsWeighted>0</bIsWeighted>
      <QtyInPackage>1</QtyInPackage>
      <ItemPrice>26.70</ItemPrice>
      <UnitOfMeasurePrice>5.3400</UnitOfMeasurePrice>
      <AllowDiscount>1</AllowDiscount>
      <ItemStatus>1</ItemStatus>
      <ItemId>87680</ItemId>
    </Item>
    <Item>
      <PriceUpdateDate>2015-10-01 06:16:47</PriceUpdateDate>
      <ItemCode>4002448013761</ItemCode>
      <ItemType>1</ItemType>
      <ItemName>פיניש מפיץ ריח למדיח</ItemName>
      <ManufacturerName>פיניש</ManufacturerName>
      <ManufactureCountry>הונגריה</ManufactureCountry>
      <ManufacturerItemDescription>פיניש מפיץ ריח למדיח תפוז</ManufacturerItemDescription>
      <UnitQty>Unknown </UnitQty>
      <Quantity>0.00</Quantity>
      <UnitOfMeasure>Unknown </UnitOfMeasure>
      <bIsWeighted>0</bIsWeighted>
      <QtyInPackage>1</QtyInPackage>
      <ItemPrice>19.70</ItemPrice>
      <UnitOfMeasurePrice>0.0000</UnitOfMeasurePrice>
      <AllowDiscount>1</AllowDiscount>
      <ItemStatus>1</ItemStatus>
      <ItemId>87712</ItemId>
    </Item>
    <Item>
      <PriceUpdateDate>2015-10-01 06:13:24</PriceUpdateDate>
      <ItemCode>7290106520905</ItemCode>
      <ItemType>1</ItemType>
      <ItemName>סלט טורקי</ItemName>
      <ManufacturerName>שטראוס גרופ</ManufacturerName>
      <ManufactureCountry>ישראל</ManufactureCountry>
      <ManufacturerItemDescription>סלט טורקי עם פלפל קלוי 400 גרם</ManufacturerItemDescription>
      <UnitQty>גרמים</UnitQty>
      <Quantity>400.00</Quantity>
      <UnitOfMeasure>100 גרם</UnitOfMeasure>
      <bIsWeighted>0</bIsWeighted>
      <QtyInPackage>1</QtyInPackage>
      <ItemPrice>16.90</ItemPrice>
      <UnitOfMeasurePrice>4.2250</UnitOfMeasurePrice>
      <AllowDiscount>1</AllowDiscount>
      <ItemStatus>1</ItemStatus>
      <ItemId>87869</ItemId>
    </Item>
    <Item>
      <PriceUpdateDate>2015-11-01 09:42:22</PriceUpdateDate>
      <ItemCode>5000146048671</ItemCode>
      <ItemType>1</ItemType>
      <ItemName>מטליות ניקוי כלי כסף</ItemName>
      <ManufacturerName>סילבו</ManufacturerName>
      <ManufactureCountry>פורטוגל</ManufactureCountry>
      <ManufacturerItemDescription>מטליות לניקוי כלי כסף</ManufacturerItemDescription>
      <UnitQty>גרמים</UnitQty>
      <Quantity>75.00</Quantity>
      <UnitOfMeasure>100 גרם</UnitOfMeasure>
      <bIsWeighted>0</bIsWeighted>
      <QtyInPackage>1</QtyInPackage>
      <ItemPrice>24.90</ItemPrice>
      <UnitOfMeasurePrice>33.2000</UnitOfMeasurePrice>
      <AllowDiscount>1</AllowDiscount>
      <ItemStatus>1</ItemStatus>
      <ItemId>87902</ItemId>
    </Item>
    <Item>
      <PriceUpdateDate>2015-01-01 00:00:00</PriceUpdateDate>
      <ItemCode>5000159376655</ItemCode>
      <ItemType>1</ItemType>
      <ItemName>סוכריות סקיטלס פירות</ItemName>
      <ManufacturerName>ריגלי</ManufacturerName>
      <ManufactureCountry>צ'כיה</ManufactureCountry>
      <ManufacturerItemDescription>סוכריות סקיטלס פירות 38 גרם</ManufacturerItemDescription>
      <UnitQty>גרמים</UnitQty>
      <Quantity>38.00</Quantity>
      <UnitOfMeasure>100 גרם</UnitOfMeasure>
      <bIsWeighted>0</bIsWeighted>
      <QtyInPackage>1</QtyInPackage>
      <ItemPrice>3.80</ItemPrice>
      <UnitOfMeasurePrice>10.0000</UnitOfMeasurePrice>
      <AllowDiscount>1</AllowDiscount>
      <ItemStatus>1</ItemStatus>
      <ItemId>87968</ItemId>
    </Item>
    <Item>
      <PriceUpdateDate>2015-10-01 06:13:07</PriceUpdateDate>
      <ItemCode>7038516830500</ItemCode>
      <ItemType>1</ItemType>
      <ItemName>חוט דנטלי</ItemName>
      <ManufacturerName>JORDAN</ManufacturerName>
      <ManufactureCountry>מלזיה</ManufactureCountry>
      <ManufacturerItemDescription>חוט דנטלי מחליק בקלות גורדן</ManufacturerItemDescription>
      <UnitQty>Unknown </UnitQty>
      <Quantity>0.00</Quantity>
      <UnitOfMeasure>Unknown </UnitOfMeasure>
      <bIsWeighted>0</bIsWeighted>
      <QtyInPackage>1</QtyInPackage>
      <ItemPrice>17.70</ItemPrice>
      <UnitOfMeasurePrice>0.0000</UnitOfMeasurePrice>
      <AllowDiscount>1</AllowDiscount>
      <ItemStatus>1</ItemStatus>
      <ItemId>87971</ItemId>
    </Item>
    <Item>
      <PriceUpdateDate>2015-10-01 06:15:05</PriceUpdateDate>
      <ItemCode>7290003514007</ItemCode>
      <ItemType>1</ItemType>
      <ItemName>שקדי מרק מנה</ItemName>
      <ManufacturerName>מנה  י.א בע"מ</ManufacturerName>
      <ManufactureCountry>ישראל</ManufactureCountry>
      <ManufacturerItemDescription>שקדי מרק מנה 400 גרם</ManufacturerItemDescription>
      <UnitQty>גרמים</UnitQty>
      <Quantity>400.00</Quantity>
      <UnitOfMeasure>100 גרם</UnitOfMeasure>
      <bIsWeighted>0</bIsWeighted>
      <QtyInPackage>1</QtyInPackage>
      <ItemPrice>10.80</ItemPrice>
      <UnitOfMeasurePrice>2.7000</UnitOfMeasurePrice>
      <AllowDiscount>1</AllowDiscount>
      <ItemStatus>1</ItemStatus>
      <ItemId>88029</ItemId>
    </Item>
    <Item>
      <PriceUpdateDate>2015-12-15 08:27:10</PriceUpdateDate>
      <ItemCode>4015400564164</ItemCode>
      <ItemType>1</ItemType>
      <ItemName>מגן תחתון לונג פלוס</ItemName>
      <ManufacturerName>פרוקטר אנד גמבל</ManufacturerName>
      <ManufactureCountry>לא ידוע</ManufactureCountry>
      <ManufacturerItemDescription>אולדייז מגן תחתון לונג פלוס          44</ManufacturerItemDescription>
      <UnitQty>Unknown </UnitQty>
      <Quantity>0.00</Quantity>
      <UnitOfMeasure>Unknown </UnitOfMeasure>
      <bIsWeighted>0</bIsWeighted>
      <QtyInPackage>1</QtyInPackage>
      <ItemPrice>29.60</ItemPrice>
      <UnitOfMeasurePrice>0.0000</UnitOfMeasurePrice>
      <AllowDiscount>1</AllowDiscount>
      <ItemStatus>1</ItemStatus>
      <ItemId>88033</ItemId>
    </Item>
    <Item>
      <PriceUpdateDate>2016-05-19 11:26:05</PriceUpdateDate>
      <ItemCode>4015400564683</ItemCode>
      <ItemType>1</ItemType>
      <ItemName>מגן תחתון דואו נורמל</ItemName>
      <ManufacturerName>פרוקטר אנד גמבל</ManufacturerName>
      <ManufactureCountry>לא ידוע</ManufactureCountry>
      <ManufacturerItemDescription>אולדייז מגן תחתון דואו נורמל          60</ManufacturerItemDescription>
      <UnitQty>Unknown </UnitQty>
      <Quantity>0.00</Quantity>
      <UnitOfMeasure>Unknown </UnitOfMeasure>
      <bIsWeighted>0</bIsWeighted>
      <QtyInPackage>1</QtyInPackage>
      <ItemPrice>29.60</ItemPrice>
      <UnitOfMeasurePrice>0.0000</UnitOfMeasurePrice>
      <AllowDiscount>1</AllowDiscount>
      <ItemStatus>1</ItemStatus>
      <ItemId>88037</ItemId>
    </Item>
    <Item>
      <PriceUpdateDate>2015-10-01 06:17:32</PriceUpdateDate>
      <ItemCode>5410076659708</ItemCode>
      <ItemType>1</ItemType>
      <ItemName>הד&amp;שולדרס מרכך תפוח</ItemName>
      <ManufacturerName>פרוקטר אנד גמבל</ManufacturerName>
      <ManufactureCountry>צרפת</ManufactureCountry>
      <ManufacturerItemDescription>הד&amp;שולדרס מרכך תפוח 400 מ"ל</ManufacturerItemDescription>
      <UnitQty>מיליליטרים</UnitQty>
      <Quantity>400.00</Quantity>
      <UnitOfMeasure>100 מ"ל</UnitOfMeasure>
      <bIsWeighted>0</bIsWeighted>
      <QtyInPackage>1</QtyInPackage>
      <ItemPrice>25.60</ItemPrice>
      <UnitOfMeasurePrice>6.4000</UnitOfMeasurePrice>
      <AllowDiscount>1</AllowDiscount>
      <ItemStatus>1</ItemStatus>
      <ItemId>88040</ItemId>
    </Item>
    <Item>
      <PriceUpdateDate>2015-10-02 09:08:57</PriceUpdateDate>
      <ItemCode>7290013284310</ItemCode>
      <ItemType>1</ItemType>
      <ItemName>רוטב פסטה לילדים</ItemName>
      <ManufacturerName>פריניר (הדס 1987) בע</ManufacturerName>
      <ManufactureCountry>ישראל</ManufactureCountry>
      <ManufacturerItemDescription>רוטב פסטה לילדים 240 גרם</ManufacturerItemDescription>
      <UnitQty>גרמים</UnitQty>
      <Quantity>240.00</Quantity>
      <UnitOfMeasure>100 גרם</UnitOfMeasure>
      <bIsWeighted>0</bIsWeighted>
      <QtyInPackage>1</QtyInPackage>
      <ItemPrice>5.70</ItemPrice>
      <UnitOfMeasurePrice>2.3750</UnitOfMeasurePrice>
      <AllowDiscount>1</AllowDiscount>
      <ItemStatus>1</ItemStatus>
      <ItemId>88055</ItemId>
    </Item>
    <Item>
      <PriceUpdateDate>2015-10-01 06:13:44</PriceUpdateDate>
      <ItemCode>8690637631009</ItemCode>
      <ItemType>1</ItemType>
      <ItemName>אקס דאו בודי ספריי</ItemName>
      <ManufacturerName>יוניליוור גרמניה (בו</ManufacturerName>
      <ManufactureCountry>לא ידוע</ManufactureCountry>
      <ManufacturerItemDescription>אקס דאו "בודי ספריי אפולו150 מ</ManufacturerItemDescription>
      <UnitQty>מיליליטרים</UnitQty>
      <Quantity>150.00</Quantity>
      <UnitOfMeasure>100 מ"ל</UnitOfMeasure>
      <bIsWeighted>0</bIsWeighted>
      <QtyInPackage>1</QtyInPackage>
      <ItemPrice>21.70</ItemPrice>
      <UnitOfMeasurePrice>14.4667</UnitOfMeasurePrice>
      <AllowDiscount>1</AllowDiscount>
      <ItemStatus>1</ItemStatus>
      <ItemId>88074</ItemId>
    </Item>
    <Item>
      <PriceUpdateDate>2015-10-01 06:13:44</PriceUpdateDate>
      <ItemCode>8711700826419</ItemCode>
      <ItemType>1</ItemType>
      <ItemName>דאב תחליב רחצה תאנה</ItemName>
      <ManufacturerName>יוניליוור גרמניה (בו</ManufacturerName>
      <ManufactureCountry>לא ידוע</ManufactureCountry>
      <ManufacturerItemDescription>דאב תחליב רחצה תאנה500 מל</ManufacturerItemDescription>
      <UnitQty>מיליליטרים</UnitQty>
      <Quantity>500.00</Quantity>
      <UnitOfMeasure>100 מ"ל</UnitOfMeasure>
      <bIsWeighted>0</bIsWeighted>
      <QtyInPackage>1</QtyInPackage>
      <ItemPrice>17.70</ItemPrice>
      <UnitOfMeasurePrice>3.5400</UnitOfMeasurePrice>
      <AllowDiscount>1</AllowDiscount>
      <ItemStatus>1</ItemStatus>
      <ItemId>88141</ItemId>
    </Item>
    <Item>
      <PriceUpdateDate>2015-10-01 06:18:41</PriceUpdateDate>
      <ItemCode>7290014758308</ItemCode>
      <ItemType>1</ItemType>
      <ItemName>יוגורט עיזים</ItemName>
      <ManufacturerName>תנובה מרכז שיתופי לש</ManufacturerName>
      <ManufactureCountry>ישראל</ManufactureCountry>
      <ManufacturerItemDescription>יוגורט עיזים 150 גרם</ManufacturerItemDescription>
      <UnitQty>גרמים</UnitQty>
      <Quantity>150.00</Quantity>
      <UnitOfMeasure>100 גרם</UnitOfMeasure>
      <bIsWeighted>0</bIsWeighted>
      <QtyInPackage>1</QtyInPackage>
      <ItemPrice>6.10</ItemPrice>
      <UnitOfMeasurePrice>4.0667</UnitOfMeasurePrice>
      <AllowDiscount>1</AllowDiscount>
      <ItemStatus>1</ItemStatus>
      <ItemId>88208</ItemId>
    </Item>
    <Item>
      <PriceUpdateDate>2015-10-01 06:15:31</PriceUpdateDate>
      <ItemCode>7290011018443</ItemCode>
      <ItemType>1</ItemType>
      <ItemName>פאנטה אורנג</ItemName>
      <ManufacturerName>החברה המרכזית למשקאו</ManufacturerName>
      <ManufactureCountry>ישראל</ManufactureCountry>
      <ManufacturerItemDescription>פאנטה אורנג פחית סליק 330 מל</ManufacturerItemDescription>
      <UnitQty>מיליליטרים</UnitQty>
      <Quantity>330.00</Quantity>
      <UnitOfMeasure>100 מ"ל</UnitOfMeasure>
      <bIsWeighted>0</bIsWeighted>
      <QtyInPackage>1</QtyInPackage>
      <ItemPrice>6.20</ItemPrice>
      <UnitOfMeasurePrice>1.8788</UnitOfMeasurePrice>
      <AllowDiscount>1</AllowDiscount>
      <ItemStatus>1</ItemStatus>
      <ItemId>88303</ItemId>
    </Item>
    <Item>
      <PriceUpdateDate>2016-06-07 08:18:50</PriceUpdateDate>
      <ItemCode>7290004230364</ItemCode>
      <ItemType>1</ItemType>
      <ItemName>מקלות בורקס פילו גבי</ItemName>
      <ManufacturerName>שגמור לפסטיליה בעמ</ManufacturerName>
      <ManufactureCountry>לא ידוע</ManufactureCountry>
      <ManufacturerItemDescription>מקלות בורקס פילו גבינה צרפתי</ManufacturerItemDescription>
      <UnitQty>גרמים</UnitQty>
      <Quantity>600.00</Quantity>
      <UnitOfMeasure>100 גרם</UnitOfMeasure>
      <bIsWeighted>0</bIsWeighted>
      <QtyInPackage>1</QtyInPackage>
      <ItemPrice>23.60</ItemPrice>
      <UnitOfMeasurePrice>3.9333</UnitOfMeasurePrice>
      <AllowDiscount>1</AllowDiscount>
      <ItemStatus>1</ItemStatus>
      <ItemId>88322</ItemId>
    </Item>
    <Item>
      <PriceUpdateDate>2016-06-07 08:18:48</PriceUpdateDate>
      <ItemCode>7290011018580</ItemCode>
      <ItemType>1</ItemType>
      <ItemName>תה קר FUZE TEA ענבים</ItemName>
      <ManufacturerName>FUZE TEA</ManufacturerName>
      <ManufactureCountry>לא ידוע</ManufactureCountry>
      <ManufacturerItemDescription>תה קר FUZE TEA ענבים 1.5 ליטר</ManufacturerItemDescription>
      <UnitQty>ליטרים</UnitQty>
      <Quantity>1.50</Quantity>
      <UnitOfMeasure>ליטר</UnitOfMeasure>
      <bIsWeighted>0</bIsWeighted>
      <QtyInPackage>1</QtyInPackage>
      <ItemPrice>7.60</ItemPrice>
      <UnitOfMeasurePrice>5.0667</UnitOfMeasurePrice>
      <AllowDiscount>1</AllowDiscount>
      <ItemStatus>1</ItemStatus>
      <ItemId>88329</ItemId>
    </Item>
    <Item>
      <PriceUpdateDate>2015-10-15 09:09:58</PriceUpdateDate>
      <ItemCode>7290008464130</ItemCode>
      <ItemType>1</ItemType>
      <ItemName>בירה גולדסטאר 1/6 ל.</ItemName>
      <ManufacturerName>טמפו</ManufacturerName>
      <ManufactureCountry>ישראל</ManufactureCountry>
      <ManufacturerItemDescription>בירה גולדסטאר 1/6 ל.מסונן           330</ManufacturerItemDescription>
      <UnitQty>ליטרים</UnitQty>
      <Quantity>1.98</Quantity>
      <UnitOfMeasure>ליטר</UnitOfMeasure>
      <bIsWeighted>0</bIsWeighted>
      <QtyInPackage>1</QtyInPackage>
      <ItemPrice>47.10</ItemPrice>
      <UnitOfMeasurePrice>23.7879</UnitOfMeasurePrice>
      <AllowDiscount>1</AllowDiscount>
      <ItemStatus>1</ItemStatus>
      <ItemId>88353</ItemId>
    </Item>
    <Item>
      <PriceUpdateDate>2016-08-05 06:31:48</PriceUpdateDate>
      <ItemCode>7290000311869</ItemCode>
      <ItemType>1</ItemType>
      <ItemName>מן- וופל ללא סוכר 18</ItemName>
      <ManufacturerName>רוקחמן בע"מ</ManufacturerName>
      <ManufactureCountry>ישראל</ManufactureCountry>
      <ManufacturerItemDescription>מן</ManufacturerItemDescription>
      <UnitQty>גרמים</UnitQty>
      <Quantity>180.00</Quantity>
      <UnitOfMeasure>100 גרם</UnitOfMeasure>
      <bIsWeighted>0</bIsWeighted>
      <QtyInPackage>1</QtyInPackage>
      <ItemPrice>9.00</ItemPrice>
      <UnitOfMeasurePrice>5.0000</UnitOfMeasurePrice>
      <AllowDiscount>1</AllowDiscount>
      <ItemStatus>1</ItemStatus>
      <ItemId>88514</ItemId>
    </Item>
    <Item>
      <PriceUpdateDate>2015-10-01 06:15:20</PriceUpdateDate>
      <ItemCode>7290003220908</ItemCode>
      <ItemType>1</ItemType>
      <ItemName>גינגר לסושי ורוד</ItemName>
      <ManufacturerName>פנטה אמפאק בע"מ</ManufacturerName>
      <ManufactureCountry>תאילנד</ManufactureCountry>
      <ManufacturerItemDescription>גינגר לסושי ורוד 340 גרם</ManufacturerItemDescription>
      <UnitQty>גרמים</UnitQty>
      <Quantity>340.00</Quantity>
      <UnitOfMeasure>100 גרם</UnitOfMeasure>
      <bIsWeighted>0</bIsWeighted>
      <QtyInPackage>1</QtyInPackage>
      <ItemPrice>12.40</ItemPrice>
      <UnitOfMeasurePrice>3.6471</UnitOfMeasurePrice>
      <AllowDiscount>1</AllowDiscount>
      <ItemStatus>1</ItemStatus>
      <ItemId>92366</ItemId>
    </Item>
    <Item>
      <PriceUpdateDate>2016-04-11 08:20:41</PriceUpdateDate>
      <ItemCode>7290100928844</ItemCode>
      <ItemType>1</ItemType>
      <ItemName>קרם רחצה הוואי רגעים</ItemName>
      <ManufacturerName>טרופיקל דגיל</ManufacturerName>
      <ManufactureCountry>לא ידוע</ManufactureCountry>
      <ManufacturerItemDescription>הוואי קרם רחצה רגעים יוקרתי</ManufacturerItemDescription>
      <UnitQty>מיליליטרים</UnitQty>
      <Quantity>750.00</Quantity>
      <UnitOfMeasure>100 מ"ל</UnitOfMeasure>
      <bIsWeighted>0</bIsWeighted>
      <QtyInPackage>1</QtyInPackage>
      <ItemPrice>15.70</ItemPrice>
      <UnitOfMeasurePrice>2.0933</UnitOfMeasurePrice>
      <AllowDiscount>1</AllowDiscount>
      <ItemStatus>1</ItemStatus>
      <ItemId>88749</ItemId>
    </Item>
    <Item>
      <PriceUpdateDate>2015-10-01 06:14:46</PriceUpdateDate>
      <ItemCode>7290014397293</ItemCode>
      <ItemType>1</ItemType>
      <ItemName>מרכך כביסה מקסימהRE</ItemName>
      <ManufacturerName>סנו</ManufacturerName>
      <ManufactureCountry>ישראל</ManufactureCountry>
      <ManufacturerItemDescription>מרכך כביסה מקסימה CARE פריחה</ManufacturerItemDescription>
      <UnitQty>ליטרים</UnitQty>
      <Quantity>1.00</Quantity>
      <UnitOfMeasure>ליטר</UnitOfMeasure>
      <bIsWeighted>0</bIsWeighted>
      <QtyInPackage>1</QtyInPackage>
      <ItemPrice>17.70</ItemPrice>
      <UnitOfMeasurePrice>17.7000</UnitOfMeasurePrice>
      <AllowDiscount>1</AllowDiscount>
      <ItemStatus>1</ItemStatus>
      <ItemId>88831</ItemId>
    </Item>
    <Item>
      <PriceUpdateDate>2015-10-01 06:13:25</PriceUpdateDate>
      <ItemCode>7290105968777</ItemCode>
      <ItemType>1</ItemType>
      <ItemName>פריכיות 5 דגנים</ItemName>
      <ManufacturerName>שטראוס גרופ</ManufacturerName>
      <ManufactureCountry>ישראל</ManufactureCountry>
      <ManufacturerItemDescription>פריכיות 5 דגנים עם שוקולד מריר</ManufacturerItemDescription>
      <UnitQty>גרמים</UnitQty>
      <Quantity>70.00</Quantity>
      <UnitOfMeasure>100 גרם</UnitOfMeasure>
      <bIsWeighted>0</bIsWeighted>
      <QtyInPackage>1</QtyInPackage>
      <ItemPrice>8.80</ItemPrice>
      <UnitOfMeasurePrice>12.5714</UnitOfMeasurePrice>
      <AllowDiscount>1</AllowDiscount>
      <ItemStatus>1</ItemStatus>
      <ItemId>88834</ItemId>
    </Item>
    <Item>
      <PriceUpdateDate>2015-01-01 00:00:00</PriceUpdateDate>
      <ItemCode>9002859018800</ItemCode>
      <ItemType>1</ItemType>
      <ItemName>מיץ לימון טבעי 200 מ</ItemName>
      <ManufacturerName>גונץ</ManufacturerName>
      <ManufactureCountry>איטליה</ManufactureCountry>
      <ManufacturerItemDescription>מיץ לימון טבעי 200 מ"ל פיאצלי</ManufacturerItemDescription>
      <UnitQty>מיליליטרים</UnitQty>
      <Quantity>200.00</Quantity>
      <UnitOfMeasure>100 מ"ל</UnitOfMeasure>
      <bIsWeighted>0</bIsWeighted>
      <QtyInPackage>1</QtyInPackage>
      <ItemPrice>7.50</ItemPrice>
      <UnitOfMeasurePrice>3.7500</UnitOfMeasurePrice>
      <AllowDiscount>1</AllowDiscount>
      <ItemStatus>1</ItemStatus>
      <ItemId>88906</ItemId>
    </Item>
    <Item>
      <PriceUpdateDate>2015-10-01 06:13:44</PriceUpdateDate>
      <ItemCode>7290000167619</ItemCode>
      <ItemType>1</ItemType>
      <ItemName>רקסונה דאו ספריי פור</ItemName>
      <ManufacturerName>יוניליוור</ManufacturerName>
      <ManufactureCountry>ארגנטינה</ManufactureCountry>
      <ManufacturerItemDescription>רקסונה דאו ספריי פורמולה              1</ManufacturerItemDescription>
      <UnitQty>מיליליטרים</UnitQty>
      <Quantity>175.00</Quantity>
      <UnitOfMeasure>100 מ"ל</UnitOfMeasure>
      <bIsWeighted>0</bIsWeighted>
      <QtyInPackage>1</QtyInPackage>
      <ItemPrice>22.70</ItemPrice>
      <UnitOfMeasurePrice>12.9714</UnitOfMeasurePrice>
      <AllowDiscount>1</AllowDiscount>
      <ItemStatus>1</ItemStatus>
      <ItemId>88949</ItemId>
    </Item>
    <Item>
      <PriceUpdateDate>2015-10-01 06:15:06</PriceUpdateDate>
      <ItemCode>7290105430496</ItemCode>
      <ItemType>1</ItemType>
      <ItemName>ספיד סטיק סטיינגארד</ItemName>
      <ManufacturerName>COLGATE ($) -PALMOLI</ManufacturerName>
      <ManufactureCountry>מקסיקו</ManufactureCountry>
      <ManufacturerItemDescription>ספיד סטיק סטיינגארד ספריי</ManufacturerItemDescription>
      <UnitQty>Unknown </UnitQty>
      <Quantity>0.00</Quantity>
      <UnitOfMeasure>Unknown </UnitOfMeasure>
      <bIsWeighted>0</bIsWeighted>
      <QtyInPackage>1</QtyInPackage>
      <ItemPrice>24.70</ItemPrice>
      <UnitOfMeasurePrice>0.0000</UnitOfMeasurePrice>
      <AllowDiscount>1</AllowDiscount>
      <ItemStatus>1</ItemStatus>
      <ItemId>88980</ItemId>
    </Item>
    <Item>
      <PriceUpdateDate>2015-10-01 06:14:11</PriceUpdateDate>
      <ItemCode>7290106440746</ItemCode>
      <ItemType>1</ItemType>
      <ItemName>מלח למדיח 2 קג מגה</ItemName>
      <ManufacturerName>מלח הארץ</ManufacturerName>
      <ManufactureCountry>ישראל</ManufactureCountry>
      <ManufacturerItemDescription>מלח למדיח 2 קג מגה</ManufacturerItemDescription>
      <UnitQty>קילוגרמים</UnitQty>
      <Quantity>2.00</Quantity>
      <UnitOfMeasure>ק"ג</UnitOfMeasure>
      <bIsWeighted>0</bIsWeighted>
      <QtyInPackage>1</QtyInPackage>
      <ItemPrice>12.30</ItemPrice>
      <UnitOfMeasurePrice>6.1500</UnitOfMeasurePrice>
      <AllowDiscount>1</AllowDiscount>
      <ItemStatus>1</ItemStatus>
      <ItemId>88986</ItemId>
    </Item>
    <Item>
      <PriceUpdateDate>2015-10-01 06:17:51</PriceUpdateDate>
      <ItemCode>7290013906205</ItemCode>
      <ItemType>1</ItemType>
      <ItemName>פסטרמה שום וצילי</ItemName>
      <ManufacturerName>טירת צבי</ManufacturerName>
      <ManufactureCountry>ישראל</ManufactureCountry>
      <ManufacturerItemDescription>פסטרמה שום וצילי 400 גר</ManufacturerItemDescription>
      <UnitQty>גרמים</UnitQty>
      <Quantity>400.00</Quantity>
      <UnitOfMeasure>100 גרם</UnitOfMeasure>
      <bIsWeighted>0</bIsWeighted>
      <QtyInPackage>1</QtyInPackage>
      <ItemPrice>35.50</ItemPrice>
      <UnitOfMeasurePrice>8.8750</UnitOfMeasurePrice>
      <AllowDiscount>1</AllowDiscount>
      <ItemStatus>1</ItemStatus>
      <ItemId>89087</ItemId>
    </Item>
    <Item>
      <PriceUpdateDate>2015-11-11 07:49:06</PriceUpdateDate>
      <ItemCode>7290100702703</ItemCode>
      <ItemType>1</ItemType>
      <ItemName>פתיתים אפויים אותיות</ItemName>
      <ManufacturerName>יושלם</ManufacturerName>
      <ManufactureCountry>לא ידוע</ManufactureCountry>
      <ManufacturerItemDescription>פתיתים אפויים אותיות 400 גרם</ManufacturerItemDescription>
      <UnitQty>גרמים</UnitQty>
      <Quantity>400.00</Quantity>
      <UnitOfMeasure>100 גרם</UnitOfMeasure>
      <bIsWeighted>0</bIsWeighted>
      <QtyInPackage>1</QtyInPackage>
      <ItemPrice>6.20</ItemPrice>
      <UnitOfMeasurePrice>1.5500</UnitOfMeasurePrice>
      <AllowDiscount>1</AllowDiscount>
      <ItemStatus>1</ItemStatus>
      <ItemId>92214</ItemId>
    </Item>
    <Item>
      <PriceUpdateDate>2015-01-01 00:00:00</PriceUpdateDate>
      <ItemCode>5712341063198</ItemCode>
      <ItemType>1</ItemType>
      <ItemName>טבק לגלגול באלי צהוב</ItemName>
      <ManufacturerName>S.T.G</ManufacturerName>
      <ManufactureCountry>לא ידוע</ManufactureCountry>
      <ManufacturerItemDescription>טבק לגלגול באלי צהוב סופר עדין</ManufacturerItemDescription>
      <UnitQty>גרמים</UnitQty>
      <Quantity>40.00</Quantity>
      <UnitOfMeasure>100 גרם</UnitOfMeasure>
      <bIsWeighted>0</bIsWeighted>
      <QtyInPackage>1</QtyInPackage>
      <ItemPrice>44.90</ItemPrice>
      <UnitOfMeasurePrice>112.2500</UnitOfMeasurePrice>
      <AllowDiscount>1</AllowDiscount>
      <ItemStatus>1</ItemStatus>
      <ItemId>89236</ItemId>
    </Item>
    <Item>
      <PriceUpdateDate>2015-01-01 00:00:00</PriceUpdateDate>
      <ItemCode>5712341107274</ItemCode>
      <ItemType>1</ItemType>
      <ItemName>טבק לגלגול באלי נטור</ItemName>
      <ManufacturerName>S.T.G</ManufacturerName>
      <ManufactureCountry>לא ידוע</ManufactureCountry>
      <ManufacturerItemDescription>טבק לגלגול באלי נטורל</ManufacturerItemDescription>
      <UnitQty>גרמים</UnitQty>
      <Quantity>35.00</Quantity>
      <UnitOfMeasure>100 גרם</UnitOfMeasure>
      <bIsWeighted>0</bIsWeighted>
      <QtyInPackage>1</QtyInPackage>
      <ItemPrice>44.90</ItemPrice>
      <UnitOfMeasurePrice>128.2857</UnitOfMeasurePrice>
      <AllowDiscount>1</AllowDiscount>
      <ItemStatus>1</ItemStatus>
      <ItemId>89237</ItemId>
    </Item>
    <Item>
      <PriceUpdateDate>2015-07-07 08:19:28</PriceUpdateDate>
      <ItemCode>5904941750312</ItemCode>
      <ItemType>1</ItemType>
      <ItemName>משקה אנרגיה בלו דיי</ItemName>
      <ManufacturerName>בני פאוזי שמשום 2009</ManufacturerName>
      <ManufactureCountry>לא ידוע</ManufactureCountry>
      <ManufacturerItemDescription>משקה אנרגיה בלו דיי טעם מוחיטו</ManufacturerItemDescription>
      <UnitQty>מיליליטרים</UnitQty>
      <Quantity>250.00</Quantity>
      <UnitOfMeasure>100 מ"ל</UnitOfMeasure>
      <bIsWeighted>0</bIsWeighted>
      <QtyInPackage>1</QtyInPackage>
      <ItemPrice>4.60</ItemPrice>
      <UnitOfMeasurePrice>1.8400</UnitOfMeasurePrice>
      <AllowDiscount>1</AllowDiscount>
      <ItemStatus>1</ItemStatus>
      <ItemId>89245</ItemId>
    </Item>
    <Item>
      <PriceUpdateDate>2015-10-01 06:13:25</PriceUpdateDate>
      <ItemCode>7290106653207</ItemCode>
      <ItemType>1</ItemType>
      <ItemName>פיתה קראנצ "טעם זעתר</ItemName>
      <ManufacturerName>שטראוס גרופ</ManufacturerName>
      <ManufactureCountry>ישראל</ManufactureCountry>
      <ManufacturerItemDescription>פיתה קראנצ "טעם זעתר 300 גרם</ManufacturerItemDescription>
      <UnitQty>גרמים</UnitQty>
      <Quantity>300.00</Quantity>
      <UnitOfMeasure>100 גרם</UnitOfMeasure>
      <bIsWeighted>0</bIsWeighted>
      <QtyInPackage>1</QtyInPackage>
      <ItemPrice>14.60</ItemPrice>
      <UnitOfMeasurePrice>4.8667</UnitOfMeasurePrice>
      <AllowDiscount>1</AllowDiscount>
      <ItemStatus>1</ItemStatus>
      <ItemId>89316</ItemId>
    </Item>
    <Item>
      <PriceUpdateDate>2015-10-01 06:13:25</PriceUpdateDate>
      <ItemCode>7290106653429</ItemCode>
      <ItemType>1</ItemType>
      <ItemName>פיתה קראנצ מחיטה מלא</ItemName>
      <ManufacturerName>שטראוס גרופ</ManufacturerName>
      <ManufactureCountry>ישראל</ManufactureCountry>
      <ManufacturerItemDescription>פיתה קראנצ "מחיטה מלאה 300 גרם</ManufacturerItemDescription>
      <UnitQty>גרמים</UnitQty>
      <Quantity>300.00</Quantity>
      <UnitOfMeasure>100 גרם</UnitOfMeasure>
      <bIsWeighted>0</bIsWeighted>
      <QtyInPackage>1</QtyInPackage>
      <ItemPrice>14.70</ItemPrice>
      <UnitOfMeasurePrice>4.9000</UnitOfMeasurePrice>
      <AllowDiscount>1</AllowDiscount>
      <ItemStatus>1</ItemStatus>
      <ItemId>89318</ItemId>
    </Item>
    <Item>
      <PriceUpdateDate>2015-01-01 00:00:00</PriceUpdateDate>
      <ItemCode>7312040017683</ItemCode>
      <ItemType>1</ItemType>
      <ItemName>וודקה אבסולוט 700 מל</ItemName>
      <ManufacturerName>פרנו</ManufacturerName>
      <ManufactureCountry>שוודיה</ManufactureCountry>
      <ManufacturerItemDescription>וודקה אבסולוט 700 מל</ManufacturerItemDescription>
      <UnitQty>מיליליטרים</UnitQty>
      <Quantity>700.00</Quantity>
      <UnitOfMeasure>100 מ"ל</UnitOfMeasure>
      <bIsWeighted>0</bIsWeighted>
      <QtyInPackage>1</QtyInPackage>
      <ItemPrice>79.90</ItemPrice>
      <UnitOfMeasurePrice>11.4143</UnitOfMeasurePrice>
      <AllowDiscount>1</AllowDiscount>
      <ItemStatus>1</ItemStatus>
      <ItemId>89325</ItemId>
    </Item>
    <Item>
      <PriceUpdateDate>2015-10-01 06:15:06</PriceUpdateDate>
      <ItemCode>6001067017523</ItemCode>
      <ItemType>1</ItemType>
      <ItemName>מברשת שיניים ילדים</ItemName>
      <ManufacturerName>COLGATE ($) -PALMOLI</ManufacturerName>
      <ManufactureCountry>סין</ManufactureCountry>
      <ManufacturerItemDescription>מברשת שיניים קוגייט ילדים            +5</ManufacturerItemDescription>
      <UnitQty>Unknown </UnitQty>
      <Quantity>0.00</Quantity>
      <UnitOfMeasure>Unknown </UnitOfMeasure>
      <bIsWeighted>0</bIsWeighted>
      <QtyInPackage>1</QtyInPackage>
      <ItemPrice>19.70</ItemPrice>
      <UnitOfMeasurePrice>0.0000</UnitOfMeasurePrice>
      <AllowDiscount>1</AllowDiscount>
      <ItemStatus>1</ItemStatus>
      <ItemId>89364</ItemId>
    </Item>
    <Item>
      <PriceUpdateDate>2015-10-01 06:15:06</PriceUpdateDate>
      <ItemCode>6001067017530</ItemCode>
      <ItemType>1</ItemType>
      <ItemName>מברשת שיניים גוניור</ItemName>
      <ManufacturerName>COLGATE ($) -PALMOLI</ManufacturerName>
      <ManufactureCountry>סין</ManufactureCountry>
      <ManufacturerItemDescription>מברשת שיניים קולגייט גוניור</ManufacturerItemDescription>
      <UnitQty>Unknown </UnitQty>
      <Quantity>0.00</Quantity>
      <UnitOfMeasure>Unknown </UnitOfMeasure>
      <bIsWeighted>0</bIsWeighted>
      <QtyInPackage>1</QtyInPackage>
      <ItemPrice>18.80</ItemPrice>
      <UnitOfMeasurePrice>0.0000</UnitOfMeasurePrice>
      <AllowDiscount>1</AllowDiscount>
      <ItemStatus>1</ItemStatus>
      <ItemId>89365</ItemId>
    </Item>
    <Item>
      <PriceUpdateDate>2015-10-30 08:19:21</PriceUpdateDate>
      <ItemCode>7290005041198</ItemCode>
      <ItemType>1</ItemType>
      <ItemName>קבב ביתי</ItemName>
      <ManufacturerName>לאטי עזרא גלם ודגים</ManufacturerName>
      <ManufactureCountry>ישראל</ManufactureCountry>
      <ManufacturerItemDescription>קבב ביתי 1 קג</ManufacturerItemDescription>
      <UnitQty>קילוגרמים</UnitQty>
      <Quantity>1.00</Quantity>
      <UnitOfMeasure>ק"ג</UnitOfMeasure>
      <bIsWeighted>0</bIsWeighted>
      <QtyInPackage>1</QtyInPackage>
      <ItemPrice>54.90</ItemPrice>
      <UnitOfMeasurePrice>54.9000</UnitOfMeasurePrice>
      <AllowDiscount>1</AllowDiscount>
      <ItemStatus>1</ItemStatus>
      <ItemId>89395</ItemId>
    </Item>
    <Item>
      <PriceUpdateDate>2015-10-01 06:22:10</PriceUpdateDate>
      <ItemCode>7290002478041</ItemCode>
      <ItemType>1</ItemType>
      <ItemName>נקניקיות וינר</ItemName>
      <ManufacturerName>מעדני הטלה</ManufacturerName>
      <ManufactureCountry>ישראל</ManufactureCountry>
      <ManufacturerItemDescription>נקניקיות וינר 400 גר</ManufacturerItemDescription>
      <UnitQty>גרמים</UnitQty>
      <Quantity>400.00</Quantity>
      <UnitOfMeasure>100 גרם</UnitOfMeasure>
      <bIsWeighted>0</bIsWeighted>
      <QtyInPackage>1</QtyInPackage>
      <ItemPrice>11.80</ItemPrice>
      <UnitOfMeasurePrice>2.9500</UnitOfMeasurePrice>
      <AllowDiscount>1</AllowDiscount>
      <ItemStatus>1</ItemStatus>
      <ItemId>89399</ItemId>
    </Item>
    <Item>
      <PriceUpdateDate>2016-02-24 08:18:28</PriceUpdateDate>
      <ItemCode>4015600581992</ItemCode>
      <ItemType>1</ItemType>
      <ItemName>פיירי טבליות למדיח</ItemName>
      <ManufacturerName>פרוקטר אנד גמבל</ManufacturerName>
      <ManufactureCountry>בלגיה</ManufactureCountry>
      <ManufacturerItemDescription>פיירי טבליות למדיח 65 יחידות</ManufacturerItemDescription>
      <UnitQty>קילוגרמים</UnitQty>
      <Quantity>1.06</Quantity>
      <UnitOfMeasure>ק"ג</UnitOfMeasure>
      <bIsWeighted>0</bIsWeighted>
      <QtyInPackage>1</QtyInPackage>
      <ItemPrice>59.30</ItemPrice>
      <UnitOfMeasurePrice>55.9434</UnitOfMeasurePrice>
      <AllowDiscount>1</AllowDiscount>
      <ItemStatus>1</ItemStatus>
      <ItemId>89413</ItemId>
    </Item>
    <Item>
      <PriceUpdateDate>2015-10-01 06:13:25</PriceUpdateDate>
      <ItemCode>7290105966667</ItemCode>
      <ItemType>1</ItemType>
      <ItemName>צנצנת בזוקה גולים</ItemName>
      <ManufacturerName>שטראוס גרופ</ManufacturerName>
      <ManufactureCountry>ישראל</ManufactureCountry>
      <ManufacturerItemDescription>צנצנת בזוקה גולים ללס</ManufacturerItemDescription>
      <UnitQty>גרמים</UnitQty>
      <Quantity>120.00</Quantity>
      <UnitOfMeasure>100 גרם</UnitOfMeasure>
      <bIsWeighted>0</bIsWeighted>
      <QtyInPackage>1</QtyInPackage>
      <ItemPrice>19.80</ItemPrice>
      <UnitOfMeasurePrice>16.5000</UnitOfMeasurePrice>
      <AllowDiscount>1</AllowDiscount>
      <ItemStatus>1</ItemStatus>
      <ItemId>89432</ItemId>
    </Item>
    <Item>
      <PriceUpdateDate>2015-10-01 06:15:06</PriceUpdateDate>
      <ItemCode>5411188110835</ItemCode>
      <ItemType>1</ItemType>
      <ItemName>אלפרו חלב שקדים</ItemName>
      <ManufacturerName>ALPRO N.V.</ManufacturerName>
      <ManufactureCountry>בלגיה</ManufactureCountry>
      <ManufacturerItemDescription>אלפרו חלב שקדים 1 ליטר</ManufacturerItemDescription>
      <UnitQty>ליטרים</UnitQty>
      <Quantity>1.00</Quantity>
      <UnitOfMeasure>ליטר</UnitOfMeasure>
      <bIsWeighted>0</bIsWeighted>
      <QtyInPackage>1</QtyInPackage>
      <ItemPrice>15.70</ItemPrice>
      <UnitOfMeasurePrice>15.7000</UnitOfMeasurePrice>
      <AllowDiscount>1</AllowDiscount>
      <ItemStatus>1</ItemStatus>
      <ItemId>89673</ItemId>
    </Item>
    <Item>
      <PriceUpdateDate>2015-01-01 00:00:00</PriceUpdateDate>
      <ItemCode>5000159459228</ItemCode>
      <ItemType>1</ItemType>
      <ItemName>חטיף טויקס שוקולד</ItemName>
      <ManufacturerName>מרס</ManufacturerName>
      <ManufactureCountry>הולנד</ManufactureCountry>
      <ManufacturerItemDescription>חטיף טויקס 50 גרם</ManufacturerItemDescription>
      <UnitQty>Unknown </UnitQty>
      <Quantity>0.00</Quantity>
      <UnitOfMeasure>Unknown </UnitOfMeasure>
      <bIsWeighted>0</bIsWeighted>
      <QtyInPackage>1</QtyInPackage>
      <ItemPrice>4.50</ItemPrice>
      <UnitOfMeasurePrice>0.0000</UnitOfMeasurePrice>
      <AllowDiscount>1</AllowDiscount>
      <ItemStatus>1</ItemStatus>
      <ItemId>89698</ItemId>
    </Item>
    <Item>
      <PriceUpdateDate>2015-08-13 07:57:07</PriceUpdateDate>
      <ItemCode>5000159461122</ItemCode>
      <ItemType>1</ItemType>
      <ItemName>חטיף סניקרס שוקולד</ItemName>
      <ManufacturerName>מרס</ManufacturerName>
      <ManufactureCountry>הולנד</ManufactureCountry>
      <ManufacturerItemDescription>חטיף סניקרס שוקולד 50 גרם</ManufacturerItemDescription>
      <UnitQty>Unknown </UnitQty>
      <Quantity>0.00</Quantity>
      <UnitOfMeasure>Unknown </UnitOfMeasure>
      <bIsWeighted>0</bIsWeighted>
      <QtyInPackage>1</QtyInPackage>
      <ItemPrice>4.70</ItemPrice>
      <UnitOfMeasurePrice>0.0000</UnitOfMeasurePrice>
      <AllowDiscount>1</AllowDiscount>
      <ItemStatus>1</ItemStatus>
      <ItemId>89699</ItemId>
    </Item>
    <Item>
      <PriceUpdateDate>2015-10-01 06:17:33</PriceUpdateDate>
      <ItemCode>7290008493574</ItemCode>
      <ItemType>1</ItemType>
      <ItemName>בייגלה שטוחלה פינוקי</ItemName>
      <ManufacturerName>מאיר בייגל</ManufacturerName>
      <ManufactureCountry>ישראל</ManufactureCountry>
      <ManufacturerItemDescription>בייגלה שטוחלה פינוקים 300 גרם</ManufacturerItemDescription>
      <UnitQty>גרמים</UnitQty>
      <Quantity>300.00</Quantity>
      <UnitOfMeasure>100 גרם</UnitOfMeasure>
      <bIsWeighted>0</bIsWeighted>
      <QtyInPackage>1</QtyInPackage>
      <ItemPrice>9.80</ItemPrice>
      <UnitOfMeasurePrice>3.2667</UnitOfMeasurePrice>
      <AllowDiscount>1</AllowDiscount>
      <ItemStatus>1</ItemStatus>
      <ItemId>89818</ItemId>
    </Item>
    <Item>
      <PriceUpdateDate>2015-01-01 00:00:00</PriceUpdateDate>
      <ItemCode>5710840073984</ItemCode>
      <ItemType>1</ItemType>
      <ItemName>טבק באלי לבן סופר עד</ItemName>
      <ManufacturerName>S.T.G</ManufacturerName>
      <ManufactureCountry>לא ידוע</ManufactureCountry>
      <ManufacturerItemDescription>טבק באלי לבן סופר עדין</ManufacturerItemDescription>
      <UnitQty>גרמים</UnitQty>
      <Quantity>40.00</Quantity>
      <UnitOfMeasure>100 גרם</UnitOfMeasure>
      <bIsWeighted>0</bIsWeighted>
      <QtyInPackage>1</QtyInPackage>
      <ItemPrice>44.90</ItemPrice>
      <UnitOfMeasurePrice>112.2500</UnitOfMeasurePrice>
      <AllowDiscount>1</AllowDiscount>
      <ItemStatus>1</ItemStatus>
      <ItemId>89825</ItemId>
    </Item>
    <Item>
      <PriceUpdateDate>2015-10-01 06:13:27</PriceUpdateDate>
      <ItemCode>7290105366993</ItemCode>
      <ItemType>1</ItemType>
      <ItemName>סימפוניה פלפל</ItemName>
      <ManufacturerName>שטראוס גרופ</ManufacturerName>
      <ManufactureCountry>ישראל</ManufactureCountry>
      <ManufacturerItemDescription>סימפוניה פלפל שיפקה חריף</ManufacturerItemDescription>
      <UnitQty>גרמים</UnitQty>
      <Quantity>200.00</Quantity>
      <UnitOfMeasure>100 גרם</UnitOfMeasure>
      <bIsWeighted>0</bIsWeighted>
      <QtyInPackage>1</QtyInPackage>
      <ItemPrice>12.70</ItemPrice>
      <UnitOfMeasurePrice>6.3500</UnitOfMeasurePrice>
      <AllowDiscount>1</AllowDiscount>
      <ItemStatus>1</ItemStatus>
      <ItemId>93414</ItemId>
    </Item>
    <Item>
      <PriceUpdateDate>2015-10-01 06:18:35</PriceUpdateDate>
      <ItemCode>7290004200930</ItemCode>
      <ItemType>1</ItemType>
      <ItemName>זיקוק זוג 15 ס"מ בשק</ItemName>
      <ManufacturerName>F.T.I</ManufacturerName>
      <ManufactureCountry>לא ידוע</ManufactureCountry>
      <ManufacturerItemDescription>זיקוק זוג 15 סמ בשקית</ManufacturerItemDescription>
      <UnitQty>Unknown </UnitQty>
      <Quantity>0.00</Quantity>
      <UnitOfMeasure>Unknown </UnitOfMeasure>
      <bIsWeighted>0</bIsWeighted>
      <QtyInPackage>1</QtyInPackage>
      <ItemPrice>6.80</ItemPrice>
      <UnitOfMeasurePrice>0.0000</UnitOfMeasurePrice>
      <AllowDiscount>1</AllowDiscount>
      <ItemStatus>1</ItemStatus>
      <ItemId>90343</ItemId>
    </Item>
    <Item>
      <PriceUpdateDate>2016-02-15 09:05:03</PriceUpdateDate>
      <ItemCode>38000844966</ItemCode>
      <ItemType>1</ItemType>
      <ItemName>פרינגלס אורגינל 161</ItemName>
      <ManufacturerName>פרינגלס מניופקצ'ורינ</ManufacturerName>
      <ManufactureCountry>ארצות הברית</ManufactureCountry>
      <ManufacturerItemDescription>פרינגלס אורגינל 161 גרם</ManufacturerItemDescription>
      <UnitQty>גרמים</UnitQty>
      <Quantity>161.00</Quantity>
      <UnitOfMeasure>100 גרם</UnitOfMeasure>
      <bIsWeighted>0</bIsWeighted>
      <QtyInPackage>1</QtyInPackage>
      <ItemPrice>11.40</ItemPrice>
      <UnitOfMeasurePrice>7.0807</UnitOfMeasurePrice>
      <AllowDiscount>1</AllowDiscount>
      <ItemStatus>1</ItemStatus>
      <ItemId>90621</ItemId>
    </Item>
    <Item>
      <PriceUpdateDate>2016-02-15 09:05:03</PriceUpdateDate>
      <ItemCode>38000844973</ItemCode>
      <ItemType>1</ItemType>
      <ItemName>פרינגלס ברביקיו 169</ItemName>
      <ManufacturerName>פרינגלס מניופקצ'ורינ</ManufacturerName>
      <ManufactureCountry>ארצות הברית</ManufactureCountry>
      <ManufacturerItemDescription>פרינגלס ברביקיו 169 גרם</ManufacturerItemDescription>
      <UnitQty>גרמים</UnitQty>
      <Quantity>169.00</Quantity>
      <UnitOfMeasure>100 גרם</UnitOfMeasure>
      <bIsWeighted>0</bIsWeighted>
      <QtyInPackage>1</QtyInPackage>
      <ItemPrice>11.40</ItemPrice>
      <UnitOfMeasurePrice>6.7456</UnitOfMeasurePrice>
      <AllowDiscount>1</AllowDiscount>
      <ItemStatus>1</ItemStatus>
      <ItemId>90622</ItemId>
    </Item>
    <Item>
      <PriceUpdateDate>2016-06-07 08:19:34</PriceUpdateDate>
      <ItemCode>7290005041402</ItemCode>
      <ItemType>1</ItemType>
      <ItemName>שיפודי פרגיות 600 ג</ItemName>
      <ManufacturerName>יושלם</ManufacturerName>
      <ManufactureCountry>לא ידוע</ManufactureCountry>
      <ManufacturerItemDescription>שיפודי פרגיות 600 גר                   "</ManufacturerItemDescription>
      <UnitQty>גרמים</UnitQty>
      <Quantity>600.00</Quantity>
      <UnitOfMeasure>100 גרם</UnitOfMeasure>
      <bIsWeighted>0</bIsWeighted>
      <QtyInPackage>1</QtyInPackage>
      <ItemPrice>59.90</ItemPrice>
      <UnitOfMeasurePrice>9.9833</UnitOfMeasurePrice>
      <AllowDiscount>1</AllowDiscount>
      <ItemStatus>1</ItemStatus>
      <ItemId>90623</ItemId>
    </Item>
    <Item>
      <PriceUpdateDate>2016-05-13 07:42:47</PriceUpdateDate>
      <ItemCode>7290106578821</ItemCode>
      <ItemType>1</ItemType>
      <ItemName>עוגת הבית שמרים שוקו</ItemName>
      <ManufacturerName>אסם</ManufacturerName>
      <ManufactureCountry>ישראל</ManufactureCountry>
      <ManufacturerItemDescription>עוגת הבית שמרים שוקולד קלאסית</ManufacturerItemDescription>
      <UnitQty>גרמים</UnitQty>
      <Quantity>350.00</Quantity>
      <UnitOfMeasure>100 גרם</UnitOfMeasure>
      <bIsWeighted>0</bIsWeighted>
      <QtyInPackage>1</QtyInPackage>
      <ItemPrice>21.80</ItemPrice>
      <UnitOfMeasurePrice>6.2286</UnitOfMeasurePrice>
      <AllowDiscount>1</AllowDiscount>
      <ItemStatus>1</ItemStatus>
      <ItemId>95960</ItemId>
    </Item>
    <Item>
      <PriceUpdateDate>2016-02-24 08:18:17</PriceUpdateDate>
      <ItemCode>4015600763534</ItemCode>
      <ItemType>1</ItemType>
      <ItemName>הד&amp;שולדרס שמפו משי</ItemName>
      <ManufacturerName>פרוקטר אנד גמבל</ManufacturerName>
      <ManufactureCountry>צרפת</ManufactureCountry>
      <ManufacturerItemDescription>הד&amp;שולדרס שמפו מגע משי 600 מ"ל</ManufacturerItemDescription>
      <UnitQty>מיליליטרים</UnitQty>
      <Quantity>600.00</Quantity>
      <UnitOfMeasure>100 מ"ל</UnitOfMeasure>
      <bIsWeighted>0</bIsWeighted>
      <QtyInPackage>1</QtyInPackage>
      <ItemPrice>27.60</ItemPrice>
      <UnitOfMeasurePrice>4.6000</UnitOfMeasurePrice>
      <AllowDiscount>1</AllowDiscount>
      <ItemStatus>1</ItemStatus>
      <ItemId>91122</ItemId>
    </Item>
    <Item>
      <PriceUpdateDate>2015-10-01 06:14:12</PriceUpdateDate>
      <ItemCode>7290014002586</ItemCode>
      <ItemType>1</ItemType>
      <ItemName>חליטת חורף גינגר דבש</ItemName>
      <ManufacturerName>ויסוצקי</ManufacturerName>
      <ManufactureCountry>ישראל</ManufactureCountry>
      <ManufacturerItemDescription>חליטת חורף גינגר ודבש</ManufacturerItemDescription>
      <UnitQty>Unknown </UnitQty>
      <Quantity>0.00</Quantity>
      <UnitOfMeasure>Unknown </UnitOfMeasure>
      <bIsWeighted>0</bIsWeighted>
      <QtyInPackage>1</QtyInPackage>
      <ItemPrice>19.70</ItemPrice>
      <UnitOfMeasurePrice>0.0000</UnitOfMeasurePrice>
      <AllowDiscount>1</AllowDiscount>
      <ItemStatus>1</ItemStatus>
      <ItemId>91133</ItemId>
    </Item>
    <Item>
      <PriceUpdateDate>2015-12-30 08:34:38</PriceUpdateDate>
      <ItemCode>7290002016243</ItemCode>
      <ItemType>1</ItemType>
      <ItemName>ממרח עגבניות מיובשות</ItemName>
      <ManufacturerName>כד בני דרום</ManufacturerName>
      <ManufactureCountry>ישראל</ManufactureCountry>
      <ManufacturerItemDescription>ממרח עגבניות מיובשות  צנצנת 230 גרם</ManufacturerItemDescription>
      <UnitQty>גרמים</UnitQty>
      <Quantity>230.00</Quantity>
      <UnitOfMeasure>100 גרם</UnitOfMeasure>
      <bIsWeighted>0</bIsWeighted>
      <QtyInPackage>1</QtyInPackage>
      <ItemPrice>18.90</ItemPrice>
      <UnitOfMeasurePrice>8.2174</UnitOfMeasurePrice>
      <AllowDiscount>1</AllowDiscount>
      <ItemStatus>1</ItemStatus>
      <ItemId>91158</ItemId>
    </Item>
    <Item>
      <PriceUpdateDate>2015-10-01 06:14:12</PriceUpdateDate>
      <ItemCode>4902430447263</ItemCode>
      <ItemType>1</ItemType>
      <ItemName>הד&amp;שולדרס מסכה לשיער</ItemName>
      <ManufacturerName>פרוקטר אנד גמבל</ManufacturerName>
      <ManufactureCountry>יושלם</ManufactureCountry>
      <ManufacturerItemDescription>הד&amp;שולדרס מסכה לשיער עם לחות</ManufacturerItemDescription>
      <UnitQty>מיליליטרים</UnitQty>
      <Quantity>155.00</Quantity>
      <UnitOfMeasure>100 מ"ל</UnitOfMeasure>
      <bIsWeighted>0</bIsWeighted>
      <QtyInPackage>1</QtyInPackage>
      <ItemPrice>29.70</ItemPrice>
      <UnitOfMeasurePrice>19.1613</UnitOfMeasurePrice>
      <AllowDiscount>1</AllowDiscount>
      <ItemStatus>1</ItemStatus>
      <ItemId>91180</ItemId>
    </Item>
    <Item>
      <PriceUpdateDate>2016-02-24 08:18:17</PriceUpdateDate>
      <ItemCode>4015600763251</ItemCode>
      <ItemType>1</ItemType>
      <ItemName>הד&amp;שולדרס שמפו קלאסי</ItemName>
      <ManufacturerName>פרוקטר אנד גמבל</ManufacturerName>
      <ManufactureCountry>צרפת</ManufactureCountry>
      <ManufacturerItemDescription>הד&amp;שולדרס שמפו קלאסי 600 מ"ל</ManufacturerItemDescription>
      <UnitQty>מיליליטרים</UnitQty>
      <Quantity>600.00</Quantity>
      <UnitOfMeasure>100 מ"ל</UnitOfMeasure>
      <bIsWeighted>0</bIsWeighted>
      <QtyInPackage>1</QtyInPackage>
      <ItemPrice>27.60</ItemPrice>
      <UnitOfMeasurePrice>4.6000</UnitOfMeasurePrice>
      <AllowDiscount>1</AllowDiscount>
      <ItemStatus>1</ItemStatus>
      <ItemId>91237</ItemId>
    </Item>
    <Item>
      <PriceUpdateDate>2016-02-24 08:18:17</PriceUpdateDate>
      <ItemCode>4015600763411</ItemCode>
      <ItemType>1</ItemType>
      <ItemName>הד&amp;שולדרס שמפו מנטול</ItemName>
      <ManufacturerName>פרוקטר אנד גמבל</ManufacturerName>
      <ManufactureCountry>צרפת</ManufactureCountry>
      <ManufacturerItemDescription>הד&amp;שולדרס שמפו מנטול 600 מ"ל</ManufacturerItemDescription>
      <UnitQty>מיליליטרים</UnitQty>
      <Quantity>600.00</Quantity>
      <UnitOfMeasure>100 מ"ל</UnitOfMeasure>
      <bIsWeighted>0</bIsWeighted>
      <QtyInPackage>1</QtyInPackage>
      <ItemPrice>27.60</ItemPrice>
      <UnitOfMeasurePrice>4.6000</UnitOfMeasurePrice>
      <AllowDiscount>1</AllowDiscount>
      <ItemStatus>1</ItemStatus>
      <ItemId>91241</ItemId>
    </Item>
    <Item>
      <PriceUpdateDate>2016-02-24 08:18:17</PriceUpdateDate>
      <ItemCode>4015600763459</ItemCode>
      <ItemType>1</ItemType>
      <ItemName>הד&amp;שולדרס שמפו תפוח</ItemName>
      <ManufacturerName>פרוקטר אנד גמבל</ManufacturerName>
      <ManufactureCountry>צרפת</ManufactureCountry>
      <ManufacturerItemDescription>הד&amp;שולדרס שמפו תפוח 600 מ"ל</ManufacturerItemDescription>
      <UnitQty>מיליליטרים</UnitQty>
      <Quantity>600.00</Quantity>
      <UnitOfMeasure>100 מ"ל</UnitOfMeasure>
      <bIsWeighted>0</bIsWeighted>
      <QtyInPackage>1</QtyInPackage>
      <ItemPrice>27.60</ItemPrice>
      <UnitOfMeasurePrice>4.6000</UnitOfMeasurePrice>
      <AllowDiscount>1</AllowDiscount>
      <ItemStatus>1</ItemStatus>
      <ItemId>91242</ItemId>
    </Item>
    <Item>
      <PriceUpdateDate>2015-08-12 06:10:49</PriceUpdateDate>
      <ItemCode>7290104067495</ItemCode>
      <ItemType>1</ItemType>
      <ItemName>כיף כף אקסטרה קרם</ItemName>
      <ManufacturerName>שטראוס גרופ</ManufacturerName>
      <ManufactureCountry>ישראל</ManufactureCountry>
      <ManufacturerItemDescription>כיף כף אקסטרה קרם חלב</ManufacturerItemDescription>
      <UnitQty>גרמים</UnitQty>
      <Quantity>45.00</Quantity>
      <UnitOfMeasure>100 גרם</UnitOfMeasure>
      <bIsWeighted>0</bIsWeighted>
      <QtyInPackage>1</QtyInPackage>
      <ItemPrice>4.60</ItemPrice>
      <UnitOfMeasurePrice>10.2222</UnitOfMeasurePrice>
      <AllowDiscount>1</AllowDiscount>
      <ItemStatus>1</ItemStatus>
      <ItemId>91246</ItemId>
    </Item>
    <Item>
      <PriceUpdateDate>2015-01-01 00:00:00</PriceUpdateDate>
      <ItemCode>7290106520387</ItemCode>
      <ItemType>1</ItemType>
      <ItemName>בזוקה גולים ללא סוכר</ItemName>
      <ManufacturerName>שטראוס גרופ</ManufacturerName>
      <ManufactureCountry>ישראל</ManufactureCountry>
      <ManufacturerItemDescription>בזוקה ג"ולים לא סוכר</ManufacturerItemDescription>
      <UnitQty>Unknown </UnitQty>
      <Quantity>0.00</Quantity>
      <UnitOfMeasure>Unknown </UnitOfMeasure>
      <bIsWeighted>0</bIsWeighted>
      <QtyInPackage>1</QtyInPackage>
      <ItemPrice>5.00</ItemPrice>
      <UnitOfMeasurePrice>0.0000</UnitOfMeasurePrice>
      <AllowDiscount>1</AllowDiscount>
      <ItemStatus>1</ItemStatus>
      <ItemId>91368</ItemId>
    </Item>
    <Item>
      <PriceUpdateDate>2015-10-01 06:14:12</PriceUpdateDate>
      <ItemCode>4902430447256</ItemCode>
      <ItemType>1</ItemType>
      <ItemName>הד&amp;שולדרס מסכה לשיער</ItemName>
      <ManufacturerName>פרוקטר אנד גמבל</ManufacturerName>
      <ManufactureCountry>יושלם</ManufactureCountry>
      <ManufacturerItemDescription>הד&amp;שולדרס מסכה לשיער לעמידות</ManufacturerItemDescription>
      <UnitQty>מיליליטרים</UnitQty>
      <Quantity>155.00</Quantity>
      <UnitOfMeasure>100 מ"ל</UnitOfMeasure>
      <bIsWeighted>0</bIsWeighted>
      <QtyInPackage>1</QtyInPackage>
      <ItemPrice>29.70</ItemPrice>
      <UnitOfMeasurePrice>19.1613</UnitOfMeasurePrice>
      <AllowDiscount>1</AllowDiscount>
      <ItemStatus>1</ItemStatus>
      <ItemId>91387</ItemId>
    </Item>
    <Item>
      <PriceUpdateDate>2015-10-28 13:18:07</PriceUpdateDate>
      <ItemCode>4009900482417</ItemCode>
      <ItemType>1</ItemType>
      <ItemName>אורביט בקבוקון בבאבל</ItemName>
      <ManufacturerName>ריגלי</ManufacturerName>
      <ManufactureCountry>פולין</ManufactureCountry>
      <ManufacturerItemDescription>אורביט בקבוקון בבאבל מינט</ManufacturerItemDescription>
      <UnitQty>Unknown </UnitQty>
      <Quantity>0.00</Quantity>
      <UnitOfMeasure>Unknown </UnitOfMeasure>
      <bIsWeighted>0</bIsWeighted>
      <QtyInPackage>1</QtyInPackage>
      <ItemPrice>11.00</ItemPrice>
      <UnitOfMeasurePrice>0.0000</UnitOfMeasurePrice>
      <AllowDiscount>1</AllowDiscount>
      <ItemStatus>1</ItemStatus>
      <ItemId>91519</ItemId>
    </Item>
    <Item>
      <PriceUpdateDate>2015-01-01 00:00:00</PriceUpdateDate>
      <ItemCode>42247388</ItemCode>
      <ItemType>1</ItemType>
      <ItemName>אורביט בליסטר בבאבל</ItemName>
      <ManufacturerName>ריגלי</ManufacturerName>
      <ManufactureCountry>פולין</ManufactureCountry>
      <ManufacturerItemDescription>אורביט בליסטר בבאבל מינט</ManufacturerItemDescription>
      <UnitQty>Unknown </UnitQty>
      <Quantity>0.00</Quantity>
      <UnitOfMeasure>Unknown </UnitOfMeasure>
      <bIsWeighted>0</bIsWeighted>
      <QtyInPackage>1</QtyInPackage>
      <ItemPrice>3.50</ItemPrice>
      <UnitOfMeasurePrice>0.0000</UnitOfMeasurePrice>
      <AllowDiscount>1</AllowDiscount>
      <ItemStatus>1</ItemStatus>
      <ItemId>91520</ItemId>
    </Item>
    <Item>
      <PriceUpdateDate>2015-06-08 13:38:04</PriceUpdateDate>
      <ItemCode>8004735064636</ItemCode>
      <ItemType>1</ItemType>
      <ItemName>מיני ביצי שוקולד</ItemName>
      <ManufacturerName>לואיגי זואני ס.פ.א</ManufacturerName>
      <ManufactureCountry>איטליה</ManufactureCountry>
      <ManufacturerItemDescription>מיני ביצי שוקולד                 FROZEN</ManufacturerItemDescription>
      <UnitQty>גרמים</UnitQty>
      <Quantity>122.00</Quantity>
      <UnitOfMeasure>100 גרם</UnitOfMeasure>
      <bIsWeighted>0</bIsWeighted>
      <QtyInPackage>1</QtyInPackage>
      <ItemPrice>13.50</ItemPrice>
      <UnitOfMeasurePrice>11.0656</UnitOfMeasurePrice>
      <AllowDiscount>1</AllowDiscount>
      <ItemStatus>1</ItemStatus>
      <ItemId>98495</ItemId>
    </Item>
    <Item>
      <PriceUpdateDate>2015-10-01 06:21:29</PriceUpdateDate>
      <ItemCode>42211877</ItemCode>
      <ItemType>1</ItemType>
      <ItemName>אורביט סטיקס ספירמנט</ItemName>
      <ManufacturerName>ריגלי</ManufacturerName>
      <ManufactureCountry>צרפת</ManufactureCountry>
      <ManufacturerItemDescription>אורביט סטיקס ספירמינט 12 יח</ManufacturerItemDescription>
      <UnitQty>Unknown </UnitQty>
      <Quantity>0.00</Quantity>
      <UnitOfMeasure>Unknown </UnitOfMeasure>
      <bIsWeighted>0</bIsWeighted>
      <QtyInPackage>1</QtyInPackage>
      <ItemPrice>6.40</ItemPrice>
      <UnitOfMeasurePrice>0.0000</UnitOfMeasurePrice>
      <AllowDiscount>1</AllowDiscount>
      <ItemStatus>1</ItemStatus>
      <ItemId>91522</ItemId>
    </Item>
    <Item>
      <PriceUpdateDate>2015-09-29 09:33:03</PriceUpdateDate>
      <ItemCode>7702018866984</ItemCode>
      <ItemType>1</ItemType>
      <ItemName>גילט פיוזן סכינים</ItemName>
      <ManufacturerName>פרוקטר אנד גמבל</ManufacturerName>
      <ManufactureCountry>פולין</ManufactureCountry>
      <ManufacturerItemDescription>ג"ילט פיוז"ן ס.גילוח ידני           1/4</ManufacturerItemDescription>
      <UnitQty>Unknown </UnitQty>
      <Quantity>0.00</Quantity>
      <UnitOfMeasure>Unknown </UnitOfMeasure>
      <bIsWeighted>0</bIsWeighted>
      <QtyInPackage>1</QtyInPackage>
      <ItemPrice>84.90</ItemPrice>
      <UnitOfMeasurePrice>0.0000</UnitOfMeasurePrice>
      <AllowDiscount>1</AllowDiscount>
      <ItemStatus>1</ItemStatus>
      <ItemId>91545</ItemId>
    </Item>
    <Item>
      <PriceUpdateDate>2015-10-01 06:14:46</PriceUpdateDate>
      <ItemCode>7290014397767</ItemCode>
      <ItemType>1</ItemType>
      <ItemName>נוזל רצפות ריצפז הום</ItemName>
      <ManufacturerName>סנו</ManufacturerName>
      <ManufactureCountry>לא ידוע</ManufactureCountry>
      <ManufacturerItemDescription>ריצפז הום פרש כותנה מלטפת 2 ל          "</ManufacturerItemDescription>
      <UnitQty>ליטרים</UnitQty>
      <Quantity>2.00</Quantity>
      <UnitOfMeasure>ליטר</UnitOfMeasure>
      <bIsWeighted>0</bIsWeighted>
      <QtyInPackage>1</QtyInPackage>
      <ItemPrice>18.70</ItemPrice>
      <UnitOfMeasurePrice>9.3500</UnitOfMeasurePrice>
      <AllowDiscount>1</AllowDiscount>
      <ItemStatus>1</ItemStatus>
      <ItemId>91551</ItemId>
    </Item>
    <Item>
      <PriceUpdateDate>2015-10-01 06:14:46</PriceUpdateDate>
      <ItemCode>7290014397781</ItemCode>
      <ItemType>1</ItemType>
      <ItemName>ריצפז הום פרש סבון מ</ItemName>
      <ManufacturerName>סנו</ManufacturerName>
      <ManufactureCountry>ישראל</ManufactureCountry>
      <ManufacturerItemDescription>ריצפז הום פרש סבון מפנק 2 ל</ManufacturerItemDescription>
      <UnitQty>ליטרים</UnitQty>
      <Quantity>2.00</Quantity>
      <UnitOfMeasure>ליטר</UnitOfMeasure>
      <bIsWeighted>0</bIsWeighted>
      <QtyInPackage>1</QtyInPackage>
      <ItemPrice>20.70</ItemPrice>
      <UnitOfMeasurePrice>10.3500</UnitOfMeasurePrice>
      <AllowDiscount>1</AllowDiscount>
      <ItemStatus>1</ItemStatus>
      <ItemId>91553</ItemId>
    </Item>
    <Item>
      <PriceUpdateDate>2016-06-06 11:35:50</PriceUpdateDate>
      <ItemCode>7290012028267</ItemCode>
      <ItemType>1</ItemType>
      <ItemName>טבק לגלגול נקסט פיין</ItemName>
      <ManufacturerName>פיליפ מוריס</ManufacturerName>
      <ManufactureCountry>לא ידוע</ManufactureCountry>
      <ManufacturerItemDescription>טבק לגלגול נקסט פיין 40  גרם</ManufacturerItemDescription>
      <UnitQty>Unknown </UnitQty>
      <Quantity>0.00</Quantity>
      <UnitOfMeasure>Unknown </UnitOfMeasure>
      <bIsWeighted>0</bIsWeighted>
      <QtyInPackage>1</QtyInPackage>
      <ItemPrice>46.70</ItemPrice>
      <UnitOfMeasurePrice>0.0000</UnitOfMeasurePrice>
      <AllowDiscount>0</AllowDiscount>
      <ItemStatus>1</ItemStatus>
      <ItemId>91571</ItemId>
    </Item>
    <Item>
      <PriceUpdateDate>2016-05-19 11:23:44</PriceUpdateDate>
      <ItemCode>7290012028243</ItemCode>
      <ItemType>1</ItemType>
      <ItemName>טבק לגלגול נקסט אורי</ItemName>
      <ManufacturerName>פיליפ מוריס</ManufacturerName>
      <ManufactureCountry>ארצות הברית</ManufactureCountry>
      <ManufacturerItemDescription>טבק לגלגול נקסט אוריגינל40 גרם</ManufacturerItemDescription>
      <UnitQty>Unknown </UnitQty>
      <Quantity>0.00</Quantity>
      <UnitOfMeasure>Unknown </UnitOfMeasure>
      <bIsWeighted>0</bIsWeighted>
      <QtyInPackage>1</QtyInPackage>
      <ItemPrice>46.70</ItemPrice>
      <UnitOfMeasurePrice>0.0000</UnitOfMeasurePrice>
      <AllowDiscount>0</AllowDiscount>
      <ItemStatus>1</ItemStatus>
      <ItemId>91572</ItemId>
    </Item>
    <Item>
      <PriceUpdateDate>2015-01-01 00:00:00</PriceUpdateDate>
      <ItemCode>7297487928047</ItemCode>
      <ItemType>1</ItemType>
      <ItemName>כובע פליז עם רקמה כב</ItemName>
      <ManufacturerName>אודס</ManufacturerName>
      <ManufactureCountry>סין</ManufactureCountry>
      <ManufacturerItemDescription>כובע פליז עם רקמה כבשה</ManufacturerItemDescription>
      <UnitQty>Unknown </UnitQty>
      <Quantity>0.00</Quantity>
      <UnitOfMeasure>Unknown </UnitOfMeasure>
      <bIsWeighted>0</bIsWeighted>
      <QtyInPackage>1</QtyInPackage>
      <ItemPrice>26.90</ItemPrice>
      <UnitOfMeasurePrice>0.0000</UnitOfMeasurePrice>
      <AllowDiscount>1</AllowDiscount>
      <ItemStatus>1</ItemStatus>
      <ItemId>91709</ItemId>
    </Item>
    <Item>
      <PriceUpdateDate>2016-02-15 09:05:04</PriceUpdateDate>
      <ItemCode>38000845000</ItemCode>
      <ItemType>1</ItemType>
      <ItemName>פרינגלס בטעם שמנת</ItemName>
      <ManufacturerName>פרינגלס מניופקצ'ורינ</ManufacturerName>
      <ManufactureCountry>ארצות הברית</ManufactureCountry>
      <ManufacturerItemDescription>פרינגלס שמנת בצל 169 גרם</ManufacturerItemDescription>
      <UnitQty>גרמים</UnitQty>
      <Quantity>169.00</Quantity>
      <UnitOfMeasure>100 גרם</UnitOfMeasure>
      <bIsWeighted>0</bIsWeighted>
      <QtyInPackage>1</QtyInPackage>
      <ItemPrice>11.40</ItemPrice>
      <UnitOfMeasurePrice>6.7456</UnitOfMeasurePrice>
      <AllowDiscount>1</AllowDiscount>
      <ItemStatus>1</ItemStatus>
      <ItemId>91693</ItemId>
    </Item>
    <Item>
      <PriceUpdateDate>2015-10-01 06:16:18</PriceUpdateDate>
      <ItemCode>3046920027458</ItemCode>
      <ItemType>1</ItemType>
      <ItemName>לינדט אקסלנס סטרוברי</ItemName>
      <ManufacturerName>לינדט</ManufacturerName>
      <ManufactureCountry>לא ידוע</ManufactureCountry>
      <ManufacturerItemDescription>לינדט אקסלנס סטרוברי 100 גרם</ManufacturerItemDescription>
      <UnitQty>גרמים</UnitQty>
      <Quantity>100.00</Quantity>
      <UnitOfMeasure>100 גרם</UnitOfMeasure>
      <bIsWeighted>0</bIsWeighted>
      <QtyInPackage>1</QtyInPackage>
      <ItemPrice>17.30</ItemPrice>
      <UnitOfMeasurePrice>17.3000</UnitOfMeasurePrice>
      <AllowDiscount>1</AllowDiscount>
      <ItemStatus>1</ItemStatus>
      <ItemId>91722</ItemId>
    </Item>
    <Item>
      <PriceUpdateDate>2015-10-01 06:16:18</PriceUpdateDate>
      <ItemCode>7610400080354</ItemCode>
      <ItemType>1</ItemType>
      <ItemName>לינדט אקסלנס צרי</ItemName>
      <ManufacturerName>לינדט</ManufacturerName>
      <ManufactureCountry>שוויץ</ManufactureCountry>
      <ManufacturerItemDescription>לינדט אקסלנס צרי 100 גרם</ManufacturerItemDescription>
      <UnitQty>Unknown </UnitQty>
      <Quantity>0.00</Quantity>
      <UnitOfMeasure>Unknown </UnitOfMeasure>
      <bIsWeighted>0</bIsWeighted>
      <QtyInPackage>1</QtyInPackage>
      <ItemPrice>17.30</ItemPrice>
      <UnitOfMeasurePrice>0.0000</UnitOfMeasurePrice>
      <AllowDiscount>1</AllowDiscount>
      <ItemStatus>1</ItemStatus>
      <ItemId>91732</ItemId>
    </Item>
    <Item>
      <PriceUpdateDate>2015-01-01 00:00:00</PriceUpdateDate>
      <ItemCode>7297488040403</ItemCode>
      <ItemType>1</ItemType>
      <ItemName>כפפות סרוגות עבות לג</ItemName>
      <ManufacturerName>אודס</ManufacturerName>
      <ManufactureCountry>סין</ManufactureCountry>
      <ManufacturerItemDescription>כפפה עבה</ManufacturerItemDescription>
      <UnitQty>Unknown </UnitQty>
      <Quantity>0.00</Quantity>
      <UnitOfMeasure>Unknown </UnitOfMeasure>
      <bIsWeighted>0</bIsWeighted>
      <QtyInPackage>1</QtyInPackage>
      <ItemPrice>10.90</ItemPrice>
      <UnitOfMeasurePrice>0.0000</UnitOfMeasurePrice>
      <AllowDiscount>1</AllowDiscount>
      <ItemStatus>1</ItemStatus>
      <ItemId>91773</ItemId>
    </Item>
    <Item>
      <PriceUpdateDate>2015-10-01 06:19:28</PriceUpdateDate>
      <ItemCode>7290014466463</ItemCode>
      <ItemType>1</ItemType>
      <ItemName>יין הר חרמון מוסקטו</ItemName>
      <ManufacturerName>יקב רמת הגולן</ManufacturerName>
      <ManufactureCountry>לא ידוע</ManufactureCountry>
      <ManufacturerItemDescription>יין הר חרמון מוסקטו 750 מל</ManufacturerItemDescription>
      <UnitQty>מיליליטרים</UnitQty>
      <Quantity>750.00</Quantity>
      <UnitOfMeasure>100 מ"ל</UnitOfMeasure>
      <bIsWeighted>0</bIsWeighted>
      <QtyInPackage>1</QtyInPackage>
      <ItemPrice>39.50</ItemPrice>
      <UnitOfMeasurePrice>5.2667</UnitOfMeasurePrice>
      <AllowDiscount>1</AllowDiscount>
      <ItemStatus>1</ItemStatus>
      <ItemId>91802</ItemId>
    </Item>
    <Item>
      <PriceUpdateDate>2015-01-01 00:00:00</PriceUpdateDate>
      <ItemCode>9002859073298</ItemCode>
      <ItemType>1</ItemType>
      <ItemName>שוקולד ברשת בצורות</ItemName>
      <ManufacturerName>גונץ</ManufacturerName>
      <ManufactureCountry>אוסטריה</ManufactureCountry>
      <ManufacturerItemDescription>שוקולד ברשת בצורת כדורגל</ManufacturerItemDescription>
      <UnitQty>גרמים</UnitQty>
      <Quantity>100.00</Quantity>
      <UnitOfMeasure>100 גרם</UnitOfMeasure>
      <bIsWeighted>0</bIsWeighted>
      <QtyInPackage>1</QtyInPackage>
      <ItemPrice>10.00</ItemPrice>
      <UnitOfMeasurePrice>10.0000</UnitOfMeasurePrice>
      <AllowDiscount>1</AllowDiscount>
      <ItemStatus>1</ItemStatus>
      <ItemId>92012</ItemId>
    </Item>
    <Item>
      <PriceUpdateDate>2015-01-01 00:00:00</PriceUpdateDate>
      <ItemCode>4009900013581</ItemCode>
      <ItemType>1</ItemType>
      <ItemName>מסטיק ספרמינט   5X5</ItemName>
      <ManufacturerName>ריגלי</ManufacturerName>
      <ManufactureCountry>צרפת</ManufactureCountry>
      <ManufacturerItemDescription>מסטיק אורביט סטיקס ספרמינט          5X5</ManufacturerItemDescription>
      <UnitQty>Unknown </UnitQty>
      <Quantity>0.00</Quantity>
      <UnitOfMeasure>Unknown </UnitOfMeasure>
      <bIsWeighted>0</bIsWeighted>
      <QtyInPackage>5</QtyInPackage>
      <ItemPrice>9.90</ItemPrice>
      <UnitOfMeasurePrice>0.0000</UnitOfMeasurePrice>
      <AllowDiscount>1</AllowDiscount>
      <ItemStatus>1</ItemStatus>
      <ItemId>92137</ItemId>
    </Item>
    <Item>
      <PriceUpdateDate>2015-01-01 00:00:00</PriceUpdateDate>
      <ItemCode>4009900385824</ItemCode>
      <ItemType>1</ItemType>
      <ItemName>מסטיק פפרמינט   5X5</ItemName>
      <ManufacturerName>ריגלי</ManufacturerName>
      <ManufactureCountry>צרפת</ManufactureCountry>
      <ManufacturerItemDescription>מסטיק אורביט סטיקס פפרמינט          5X5</ManufacturerItemDescription>
      <UnitQty>Unknown </UnitQty>
      <Quantity>0.00</Quantity>
      <UnitOfMeasure>Unknown </UnitOfMeasure>
      <bIsWeighted>0</bIsWeighted>
      <QtyInPackage>5</QtyInPackage>
      <ItemPrice>9.90</ItemPrice>
      <UnitOfMeasurePrice>0.0000</UnitOfMeasurePrice>
      <AllowDiscount>1</AllowDiscount>
      <ItemStatus>1</ItemStatus>
      <ItemId>92138</ItemId>
    </Item>
    <Item>
      <PriceUpdateDate>2015-01-01 00:00:00</PriceUpdateDate>
      <ItemCode>4009900487283</ItemCode>
      <ItemType>1</ItemType>
      <ItemName>מסטיק פירות     5X5</ItemName>
      <ManufacturerName>ריגלי</ManufacturerName>
      <ManufactureCountry>צרפת</ManufactureCountry>
      <ManufacturerItemDescription>מסטיק אורביט סטיקס פירות            5X5</ManufacturerItemDescription>
      <UnitQty>Unknown </UnitQty>
      <Quantity>0.00</Quantity>
      <UnitOfMeasure>Unknown </UnitOfMeasure>
      <bIsWeighted>0</bIsWeighted>
      <QtyInPackage>1</QtyInPackage>
      <ItemPrice>9.90</ItemPrice>
      <UnitOfMeasurePrice>0.0000</UnitOfMeasurePrice>
      <AllowDiscount>1</AllowDiscount>
      <ItemStatus>1</ItemStatus>
      <ItemId>92139</ItemId>
    </Item>
    <Item>
      <PriceUpdateDate>2015-01-01 00:00:00</PriceUpdateDate>
      <ItemCode>4011800251154</ItemCode>
      <ItemType>1</ItemType>
      <ItemName>קונפיטורה הרו תותשדה</ItemName>
      <ManufacturerName>Schwartauer</ManufacturerName>
      <ManufactureCountry>לא ידוע</ManufactureCountry>
      <ManufacturerItemDescription>קונפיטורה הרו תות שדה 340 גרם</ManufacturerItemDescription>
      <UnitQty>גרמים</UnitQty>
      <Quantity>340.00</Quantity>
      <UnitOfMeasure>100 גרם</UnitOfMeasure>
      <bIsWeighted>0</bIsWeighted>
      <QtyInPackage>1</QtyInPackage>
      <ItemPrice>17.90</ItemPrice>
      <UnitOfMeasurePrice>5.2647</UnitOfMeasurePrice>
      <AllowDiscount>1</AllowDiscount>
      <ItemStatus>1</ItemStatus>
      <ItemId>92141</ItemId>
    </Item>
    <Item>
      <PriceUpdateDate>2015-10-01 06:13:07</PriceUpdateDate>
      <ItemCode>4011800251253</ItemCode>
      <ItemType>1</ItemType>
      <ItemName>קונפיטורה הרו פטל</ItemName>
      <ManufacturerName>Schwartauer</ManufacturerName>
      <ManufactureCountry>גרמניה</ManufactureCountry>
      <ManufacturerItemDescription>קונפיטורה הרו פטל 340 גרם</ManufacturerItemDescription>
      <UnitQty>גרמים</UnitQty>
      <Quantity>340.00</Quantity>
      <UnitOfMeasure>100 גרם</UnitOfMeasure>
      <bIsWeighted>0</bIsWeighted>
      <QtyInPackage>1</QtyInPackage>
      <ItemPrice>17.70</ItemPrice>
      <UnitOfMeasurePrice>5.2059</UnitOfMeasurePrice>
      <AllowDiscount>1</AllowDiscount>
      <ItemStatus>1</ItemStatus>
      <ItemId>92142</ItemId>
    </Item>
    <Item>
      <PriceUpdateDate>2015-10-01 06:13:07</PriceUpdateDate>
      <ItemCode>4011800251550</ItemCode>
      <ItemType>1</ItemType>
      <ItemName>קונפיטורה הרו דובדבן</ItemName>
      <ManufacturerName>Schwartauer</ManufacturerName>
      <ManufactureCountry>גרמניה</ManufactureCountry>
      <ManufacturerItemDescription>קונפיטורה הרו דובדבן 340 גרם</ManufacturerItemDescription>
      <UnitQty>גרמים</UnitQty>
      <Quantity>340.00</Quantity>
      <UnitOfMeasure>100 גרם</UnitOfMeasure>
      <bIsWeighted>0</bIsWeighted>
      <QtyInPackage>1</QtyInPackage>
      <ItemPrice>17.70</ItemPrice>
      <UnitOfMeasurePrice>5.2059</UnitOfMeasurePrice>
      <AllowDiscount>1</AllowDiscount>
      <ItemStatus>1</ItemStatus>
      <ItemId>92143</ItemId>
    </Item>
    <Item>
      <PriceUpdateDate>2015-10-01 06:13:26</PriceUpdateDate>
      <ItemCode>7290106652491</ItemCode>
      <ItemType>1</ItemType>
      <ItemName>בפלות לימון קראנץ</ItemName>
      <ManufacturerName>שטראוס גרופ</ManufacturerName>
      <ManufactureCountry>ישראל</ManufactureCountry>
      <ManufacturerItemDescription>בפלות לימון קראנץ 300 גרם</ManufacturerItemDescription>
      <UnitQty>גרמים</UnitQty>
      <Quantity>300.00</Quantity>
      <UnitOfMeasure>100 גרם</UnitOfMeasure>
      <bIsWeighted>0</bIsWeighted>
      <QtyInPackage>1</QtyInPackage>
      <ItemPrice>7.50</ItemPrice>
      <UnitOfMeasurePrice>2.5000</UnitOfMeasurePrice>
      <AllowDiscount>1</AllowDiscount>
      <ItemStatus>1</ItemStatus>
      <ItemId>92182</ItemId>
    </Item>
    <Item>
      <PriceUpdateDate>2015-10-01 06:15:20</PriceUpdateDate>
      <ItemCode>7290014534001</ItemCode>
      <ItemType>1</ItemType>
      <ItemName>תרסיס שמן קנולה</ItemName>
      <ManufacturerName>Geta kimya kozmetik</ManufacturerName>
      <ManufactureCountry>טורקיה</ManufactureCountry>
      <ManufacturerItemDescription>תרסיס שמן קנולה 170 גרם</ManufacturerItemDescription>
      <UnitQty>גרמים</UnitQty>
      <Quantity>170.00</Quantity>
      <UnitOfMeasure>100 גרם</UnitOfMeasure>
      <bIsWeighted>0</bIsWeighted>
      <QtyInPackage>1</QtyInPackage>
      <ItemPrice>14.80</ItemPrice>
      <UnitOfMeasurePrice>8.7059</UnitOfMeasurePrice>
      <AllowDiscount>1</AllowDiscount>
      <ItemStatus>1</ItemStatus>
      <ItemId>92245</ItemId>
    </Item>
    <Item>
      <PriceUpdateDate>2015-10-01 06:24:51</PriceUpdateDate>
      <ItemCode>7290106441163</ItemCode>
      <ItemType>1</ItemType>
      <ItemName>במיה 600 גר</ItemName>
      <ManufacturerName>קולד אלכס</ManufacturerName>
      <ManufactureCountry>מצרים</ManufactureCountry>
      <ManufacturerItemDescription>במיה 600 גר מגה</ManufacturerItemDescription>
      <UnitQty>גרמים</UnitQty>
      <Quantity>600.00</Quantity>
      <UnitOfMeasure>100 גרם</UnitOfMeasure>
      <bIsWeighted>0</bIsWeighted>
      <QtyInPackage>1</QtyInPackage>
      <ItemPrice>13.80</ItemPrice>
      <UnitOfMeasurePrice>2.3000</UnitOfMeasurePrice>
      <AllowDiscount>1</AllowDiscount>
      <ItemStatus>1</ItemStatus>
      <ItemId>92287</ItemId>
    </Item>
    <Item>
      <PriceUpdateDate>2015-10-01 06:14:13</PriceUpdateDate>
      <ItemCode>7290106441255</ItemCode>
      <ItemType>1</ItemType>
      <ItemName>טורטליני גבינה</ItemName>
      <ManufacturerName>אונדסטריה</ManufacturerName>
      <ManufactureCountry>איטליה</ManufactureCountry>
      <ManufacturerItemDescription>טורטליני גבינה 250 גרם מגה</ManufacturerItemDescription>
      <UnitQty>גרמים</UnitQty>
      <Quantity>250.00</Quantity>
      <UnitOfMeasure>100 גרם</UnitOfMeasure>
      <bIsWeighted>0</bIsWeighted>
      <QtyInPackage>1</QtyInPackage>
      <ItemPrice>10.80</ItemPrice>
      <UnitOfMeasurePrice>4.3200</UnitOfMeasurePrice>
      <AllowDiscount>1</AllowDiscount>
      <ItemStatus>1</ItemStatus>
      <ItemId>92368</ItemId>
    </Item>
    <Item>
      <PriceUpdateDate>2016-05-13 07:42:47</PriceUpdateDate>
      <ItemCode>7290106657137</ItemCode>
      <ItemType>1</ItemType>
      <ItemName>תפוציפס אקסטרא</ItemName>
      <ManufacturerName>שטראוס גרופ</ManufacturerName>
      <ManufactureCountry>ישראל</ManufactureCountry>
      <ManufacturerItemDescription>תפוציפס אקסטרא200 ג "בדצ</ManufacturerItemDescription>
      <UnitQty>גרמים</UnitQty>
      <Quantity>200.00</Quantity>
      <UnitOfMeasure>100 גרם</UnitOfMeasure>
      <bIsWeighted>0</bIsWeighted>
      <QtyInPackage>1</QtyInPackage>
      <ItemPrice>11.80</ItemPrice>
      <UnitOfMeasurePrice>5.9000</UnitOfMeasurePrice>
      <AllowDiscount>1</AllowDiscount>
      <ItemStatus>1</ItemStatus>
      <ItemId>92377</ItemId>
    </Item>
    <Item>
      <PriceUpdateDate>2015-01-01 00:00:00</PriceUpdateDate>
      <ItemCode>7290106577503</ItemCode>
      <ItemType>1</ItemType>
      <ItemName>חציל במיונז 400 גר</ItemName>
      <ManufacturerName>אסם</ManufacturerName>
      <ManufactureCountry>ישראל</ManufactureCountry>
      <ManufacturerItemDescription>חציל במיונז 400 גרם</ManufacturerItemDescription>
      <UnitQty>גרמים</UnitQty>
      <Quantity>400.00</Quantity>
      <UnitOfMeasure>100 גרם</UnitOfMeasure>
      <bIsWeighted>0</bIsWeighted>
      <QtyInPackage>1</QtyInPackage>
      <ItemPrice>12.90</ItemPrice>
      <UnitOfMeasurePrice>3.2250</UnitOfMeasurePrice>
      <AllowDiscount>1</AllowDiscount>
      <ItemStatus>1</ItemStatus>
      <ItemId>92761</ItemId>
    </Item>
    <Item>
      <PriceUpdateDate>2015-01-01 00:00:00</PriceUpdateDate>
      <ItemCode>7290106573277</ItemCode>
      <ItemType>1</ItemType>
      <ItemName>קריספי טאפאס</ItemName>
      <ManufacturerName>אסם</ManufacturerName>
      <ManufactureCountry>לא ידוע</ManufactureCountry>
      <ManufacturerItemDescription>קריספי טאפאס בטעם זיתים 150 גר</ManufacturerItemDescription>
      <UnitQty>גרמים</UnitQty>
      <Quantity>150.00</Quantity>
      <UnitOfMeasure>100 גרם</UnitOfMeasure>
      <bIsWeighted>0</bIsWeighted>
      <QtyInPackage>1</QtyInPackage>
      <ItemPrice>13.30</ItemPrice>
      <UnitOfMeasurePrice>8.8667</UnitOfMeasurePrice>
      <AllowDiscount>1</AllowDiscount>
      <ItemStatus>1</ItemStatus>
      <ItemId>92768</ItemId>
    </Item>
    <Item>
      <PriceUpdateDate>2015-01-01 00:00:00</PriceUpdateDate>
      <ItemCode>7290106573314</ItemCode>
      <ItemType>1</ItemType>
      <ItemName>קריספי טאפאס פיזורים</ItemName>
      <ManufacturerName>אסם</ManufacturerName>
      <ManufactureCountry>ישראל</ManufactureCountry>
      <ManufacturerItemDescription>קריספי טאפאס פיזורים 150 גרם</ManufacturerItemDescription>
      <UnitQty>גרמים</UnitQty>
      <Quantity>150.00</Quantity>
      <UnitOfMeasure>100 גרם</UnitOfMeasure>
      <bIsWeighted>0</bIsWeighted>
      <QtyInPackage>1</QtyInPackage>
      <ItemPrice>13.30</ItemPrice>
      <UnitOfMeasurePrice>8.8667</UnitOfMeasurePrice>
      <AllowDiscount>1</AllowDiscount>
      <ItemStatus>1</ItemStatus>
      <ItemId>92770</ItemId>
    </Item>
    <Item>
      <PriceUpdateDate>2015-01-01 00:00:00</PriceUpdateDate>
      <ItemCode>7290014459137</ItemCode>
      <ItemType>1</ItemType>
      <ItemName>סטייק ציפס      1.5</ItemName>
      <ManufacturerName>תפוגן</ManufacturerName>
      <ManufactureCountry>לא ידוע</ManufactureCountry>
      <ManufacturerItemDescription>סטייק צ"יפס 1.5 ק"ג</ManufacturerItemDescription>
      <UnitQty>קילוגרמים</UnitQty>
      <Quantity>1.50</Quantity>
      <UnitOfMeasure>ק"ג</UnitOfMeasure>
      <bIsWeighted>0</bIsWeighted>
      <QtyInPackage>1</QtyInPackage>
      <ItemPrice>29.00</ItemPrice>
      <UnitOfMeasurePrice>19.3333</UnitOfMeasurePrice>
      <AllowDiscount>1</AllowDiscount>
      <ItemStatus>1</ItemStatus>
      <ItemId>93193</ItemId>
    </Item>
    <Item>
      <PriceUpdateDate>2015-08-12 06:10:49</PriceUpdateDate>
      <ItemCode>7290106656352</ItemCode>
      <ItemType>1</ItemType>
      <ItemName>מסטיק מאסט תות</ItemName>
      <ManufacturerName>שטראוס גרופ</ManufacturerName>
      <ManufactureCountry>ישראל</ManufactureCountry>
      <ManufacturerItemDescription>מסטיק מאסט תות 28 גרם</ManufacturerItemDescription>
      <UnitQty>Unknown </UnitQty>
      <Quantity>0.00</Quantity>
      <UnitOfMeasure>Unknown </UnitOfMeasure>
      <bIsWeighted>0</bIsWeighted>
      <QtyInPackage>1</QtyInPackage>
      <ItemPrice>4.50</ItemPrice>
      <UnitOfMeasurePrice>0.0000</UnitOfMeasurePrice>
      <AllowDiscount>1</AllowDiscount>
      <ItemStatus>1</ItemStatus>
      <ItemId>93203</ItemId>
    </Item>
    <Item>
      <PriceUpdateDate>2015-01-01 00:00:00</PriceUpdateDate>
      <ItemCode>80820079</ItemCode>
      <ItemType>1</ItemType>
      <ItemName>מסטיק מנטוס      3D</ItemName>
      <ManufacturerName>פרפטי ואן מלה</ManufacturerName>
      <ManufactureCountry>טורקיה</ManufactureCountry>
      <ManufacturerItemDescription>מסטיק מנטוס 3D בטעם אוכמניות</ManufacturerItemDescription>
      <UnitQty>Unknown </UnitQty>
      <Quantity>0.00</Quantity>
      <UnitOfMeasure>Unknown </UnitOfMeasure>
      <bIsWeighted>0</bIsWeighted>
      <QtyInPackage>1</QtyInPackage>
      <ItemPrice>7.20</ItemPrice>
      <UnitOfMeasurePrice>0.0000</UnitOfMeasurePrice>
      <AllowDiscount>1</AllowDiscount>
      <ItemStatus>1</ItemStatus>
      <ItemId>93206</ItemId>
    </Item>
    <Item>
      <PriceUpdateDate>2015-01-01 00:00:00</PriceUpdateDate>
      <ItemCode>80844235</ItemCode>
      <ItemType>1</ItemType>
      <ItemName>מסטיק מנטוס      3D</ItemName>
      <ManufacturerName>פרפטי ואן מלה</ManufacturerName>
      <ManufactureCountry>טורקיה</ManufactureCountry>
      <ManufacturerItemDescription>מסטיק מנטוס 3D בטעם לימון</ManufacturerItemDescription>
      <UnitQty>Unknown </UnitQty>
      <Quantity>0.00</Quantity>
      <UnitOfMeasure>Unknown </UnitOfMeasure>
      <bIsWeighted>0</bIsWeighted>
      <QtyInPackage>1</QtyInPackage>
      <ItemPrice>7.20</ItemPrice>
      <UnitOfMeasurePrice>0.0000</UnitOfMeasurePrice>
      <AllowDiscount>1</AllowDiscount>
      <ItemStatus>1</ItemStatus>
      <ItemId>93207</ItemId>
    </Item>
    <Item>
      <PriceUpdateDate>2015-10-01 06:13:27</PriceUpdateDate>
      <ItemCode>7290106657953</ItemCode>
      <ItemType>1</ItemType>
      <ItemName>מארז 4 אקטיביה  1.5%</ItemName>
      <ManufacturerName>שטראוס גרופ</ManufacturerName>
      <ManufactureCountry>לא ידוע</ManufactureCountry>
      <ManufacturerItemDescription>מארז 4 אקטיביה 1.5% תות</ManufacturerItemDescription>
      <UnitQty>גרמים</UnitQty>
      <Quantity>600.00</Quantity>
      <UnitOfMeasure>100 גרם</UnitOfMeasure>
      <bIsWeighted>0</bIsWeighted>
      <QtyInPackage>1</QtyInPackage>
      <ItemPrice>21.50</ItemPrice>
      <UnitOfMeasurePrice>3.5833</UnitOfMeasurePrice>
      <AllowDiscount>1</AllowDiscount>
      <ItemStatus>1</ItemStatus>
      <ItemId>93423</ItemId>
    </Item>
    <Item>
      <PriceUpdateDate>2015-01-01 00:00:00</PriceUpdateDate>
      <ItemCode>7290002371533</ItemCode>
      <ItemType>1</ItemType>
      <ItemName>סלסולי פסטרמה דבש20</ItemName>
      <ManufacturerName>טירת צבי</ManufacturerName>
      <ManufactureCountry>ישראל</ManufactureCountry>
      <ManufacturerItemDescription>סלסולי פסטרמה דבש 120 גר               "</ManufacturerItemDescription>
      <UnitQty>גרמים</UnitQty>
      <Quantity>120.00</Quantity>
      <UnitOfMeasure>100 גרם</UnitOfMeasure>
      <bIsWeighted>0</bIsWeighted>
      <QtyInPackage>1</QtyInPackage>
      <ItemPrice>16.90</ItemPrice>
      <UnitOfMeasurePrice>14.0833</UnitOfMeasurePrice>
      <AllowDiscount>1</AllowDiscount>
      <ItemStatus>1</ItemStatus>
      <ItemId>93443</ItemId>
    </Item>
    <Item>
      <PriceUpdateDate>2016-07-01 07:28:00</PriceUpdateDate>
      <ItemCode>9966</ItemCode>
      <ItemType>0</ItemType>
      <ItemName>תפוח עץ פינק לידי יי</ItemName>
      <ManufacturerName>חקלאי</ManufacturerName>
      <ManufactureCountry>ישראל</ManufactureCountry>
      <ManufacturerItemDescription>תפוח עץ פינק לידי ייבוא</ManufacturerItemDescription>
      <UnitQty>קילוגרמים</UnitQty>
      <Quantity>1.00</Quantity>
      <UnitOfMeasure>ק"ג</UnitOfMeasure>
      <bIsWeighted>1</bIsWeighted>
      <QtyInPackage>לא ידוע</QtyInPackage>
      <ItemPrice>19.90</ItemPrice>
      <UnitOfMeasurePrice>19.9000</UnitOfMeasurePrice>
      <AllowDiscount>1</AllowDiscount>
      <ItemStatus>1</ItemStatus>
      <ItemId>102908</ItemId>
    </Item>
    <Item>
      <PriceUpdateDate>2015-10-01 06:20:13</PriceUpdateDate>
      <ItemCode>7290106446120</ItemCode>
      <ItemType>1</ItemType>
      <ItemName>להבונים 40 יח</ItemName>
      <ManufacturerName>יושלם</ManufacturerName>
      <ManufactureCountry>יושלם</ManufactureCountry>
      <ManufacturerItemDescription>להבונים 40 יח                          "</ManufacturerItemDescription>
      <UnitQty>Unknown </UnitQty>
      <Quantity>0.00</Quantity>
      <UnitOfMeasure>Unknown </UnitOfMeasure>
      <bIsWeighted>0</bIsWeighted>
      <QtyInPackage>1</QtyInPackage>
      <ItemPrice>11.80</ItemPrice>
      <UnitOfMeasurePrice>0.0000</UnitOfMeasurePrice>
      <AllowDiscount>1</AllowDiscount>
      <ItemStatus>1</ItemStatus>
      <ItemId>93450</ItemId>
    </Item>
    <Item>
      <PriceUpdateDate>2015-10-01 06:14:47</PriceUpdateDate>
      <ItemCode>7290107280389</ItemCode>
      <ItemType>1</ItemType>
      <ItemName>סנו גט לאמבט</ItemName>
      <ManufacturerName>סנו</ManufacturerName>
      <ManufactureCountry>ישראל</ManufactureCountry>
      <ManufacturerItemDescription>סנו גט לאמבט 750 מל</ManufacturerItemDescription>
      <UnitQty>מיליליטרים</UnitQty>
      <Quantity>750.00</Quantity>
      <UnitOfMeasure>100 מ"ל</UnitOfMeasure>
      <bIsWeighted>0</bIsWeighted>
      <QtyInPackage>1</QtyInPackage>
      <ItemPrice>22.70</ItemPrice>
      <UnitOfMeasurePrice>3.0267</UnitOfMeasurePrice>
      <AllowDiscount>1</AllowDiscount>
      <ItemStatus>1</ItemStatus>
      <ItemId>93465</ItemId>
    </Item>
    <Item>
      <PriceUpdateDate>2015-10-01 06:14:47</PriceUpdateDate>
      <ItemCode>7290107280396</ItemCode>
      <ItemType>1</ItemType>
      <ItemName>סנו גט למטבח</ItemName>
      <ManufacturerName>סנו</ManufacturerName>
      <ManufactureCountry>ישראל</ManufactureCountry>
      <ManufacturerItemDescription>סנו גט למטבח 750 מל</ManufacturerItemDescription>
      <UnitQty>מיליליטרים</UnitQty>
      <Quantity>750.00</Quantity>
      <UnitOfMeasure>100 מ"ל</UnitOfMeasure>
      <bIsWeighted>0</bIsWeighted>
      <QtyInPackage>1</QtyInPackage>
      <ItemPrice>20.70</ItemPrice>
      <UnitOfMeasurePrice>2.7600</UnitOfMeasurePrice>
      <AllowDiscount>1</AllowDiscount>
      <ItemStatus>1</ItemStatus>
      <ItemId>93466</ItemId>
    </Item>
    <Item>
      <PriceUpdateDate>2015-10-01 06:18:42</PriceUpdateDate>
      <ItemCode>7290014759534</ItemCode>
      <ItemType>1</ItemType>
      <ItemName>בולגרית למריחה   5%</ItemName>
      <ManufacturerName>תנובה מרכז שיתופי לש</ManufacturerName>
      <ManufactureCountry>ישראל</ManufactureCountry>
      <ManufacturerItemDescription>בולגרית למריחה                       5%</ManufacturerItemDescription>
      <UnitQty>גרמים</UnitQty>
      <Quantity>200.00</Quantity>
      <UnitOfMeasure>100 גרם</UnitOfMeasure>
      <bIsWeighted>0</bIsWeighted>
      <QtyInPackage>1</QtyInPackage>
      <ItemPrice>14.10</ItemPrice>
      <UnitOfMeasurePrice>7.0500</UnitOfMeasurePrice>
      <AllowDiscount>1</AllowDiscount>
      <ItemStatus>1</ItemStatus>
      <ItemId>93478</ItemId>
    </Item>
    <Item>
      <PriceUpdateDate>2015-10-01 06:13:27</PriceUpdateDate>
      <ItemCode>7290106526822</ItemCode>
      <ItemType>1</ItemType>
      <ItemName>פריכיות אורז</ItemName>
      <ManufacturerName>שטראוס גרופ</ManufacturerName>
      <ManufactureCountry>ישראל</ManufactureCountry>
      <ManufacturerItemDescription>פריכיות עם תחתית שוקולד</ManufacturerItemDescription>
      <UnitQty>גרמים</UnitQty>
      <Quantity>80.00</Quantity>
      <UnitOfMeasure>100 גרם</UnitOfMeasure>
      <bIsWeighted>0</bIsWeighted>
      <QtyInPackage>1</QtyInPackage>
      <ItemPrice>8.80</ItemPrice>
      <UnitOfMeasurePrice>11.0000</UnitOfMeasurePrice>
      <AllowDiscount>1</AllowDiscount>
      <ItemStatus>1</ItemStatus>
      <ItemId>93639</ItemId>
    </Item>
    <Item>
      <PriceUpdateDate>2015-01-01 00:00:00</PriceUpdateDate>
      <ItemCode>7290106575943</ItemCode>
      <ItemType>1</ItemType>
      <ItemName>אבקה להכנת קניידלך</ItemName>
      <ManufacturerName>אסם</ManufacturerName>
      <ManufactureCountry>לא ידוע</ManufactureCountry>
      <ManufacturerItemDescription>אבקה להכנת קניידלך כשלפ140 גרם</ManufacturerItemDescription>
      <UnitQty>גרמים</UnitQty>
      <Quantity>140.00</Quantity>
      <UnitOfMeasure>100 גרם</UnitOfMeasure>
      <bIsWeighted>0</bIsWeighted>
      <QtyInPackage>1</QtyInPackage>
      <ItemPrice>12.00</ItemPrice>
      <UnitOfMeasurePrice>8.5714</UnitOfMeasurePrice>
      <AllowDiscount>1</AllowDiscount>
      <ItemStatus>1</ItemStatus>
      <ItemId>93642</ItemId>
    </Item>
    <Item>
      <PriceUpdateDate>2015-10-01 06:18:42</PriceUpdateDate>
      <ItemCode>7290014759978</ItemCode>
      <ItemType>1</ItemType>
      <ItemName>קצקבל פלח 200 גר</ItemName>
      <ManufacturerName>תנובה מרכז שיתופי לש</ManufacturerName>
      <ManufactureCountry>ישראל</ManufactureCountry>
      <ManufacturerItemDescription>קצקבל פלח 200 גרם</ManufacturerItemDescription>
      <UnitQty>גרמים</UnitQty>
      <Quantity>200.00</Quantity>
      <UnitOfMeasure>100 גרם</UnitOfMeasure>
      <bIsWeighted>0</bIsWeighted>
      <QtyInPackage>1</QtyInPackage>
      <ItemPrice>26.60</ItemPrice>
      <UnitOfMeasurePrice>13.3000</UnitOfMeasurePrice>
      <AllowDiscount>1</AllowDiscount>
      <ItemStatus>1</ItemStatus>
      <ItemId>93869</ItemId>
    </Item>
    <Item>
      <PriceUpdateDate>2015-10-01 06:18:42</PriceUpdateDate>
      <ItemCode>7290014759985</ItemCode>
      <ItemType>1</ItemType>
      <ItemName>פרמזן פלח 200 גר</ItemName>
      <ManufacturerName>תנובה מרכז שיתופי לש</ManufacturerName>
      <ManufactureCountry>ישראל</ManufactureCountry>
      <ManufacturerItemDescription>פרמזן פלח 200 גרם</ManufacturerItemDescription>
      <UnitQty>גרמים</UnitQty>
      <Quantity>200.00</Quantity>
      <UnitOfMeasure>100 גרם</UnitOfMeasure>
      <bIsWeighted>0</bIsWeighted>
      <QtyInPackage>1</QtyInPackage>
      <ItemPrice>25.60</ItemPrice>
      <UnitOfMeasurePrice>12.8000</UnitOfMeasurePrice>
      <AllowDiscount>1</AllowDiscount>
      <ItemStatus>1</ItemStatus>
      <ItemId>93870</ItemId>
    </Item>
    <Item>
      <PriceUpdateDate>2015-01-01 00:00:00</PriceUpdateDate>
      <ItemCode>7290010117864</ItemCode>
      <ItemType>1</ItemType>
      <ItemName>חטיף דוריטוס חריף אש</ItemName>
      <ManufacturerName>שטראוס</ManufacturerName>
      <ManufactureCountry>ישראל</ManufactureCountry>
      <ManufacturerItemDescription>דוריטוס בטעם חריף אש70 גר</ManufacturerItemDescription>
      <UnitQty>גרמים</UnitQty>
      <Quantity>70.00</Quantity>
      <UnitOfMeasure>100 גרם</UnitOfMeasure>
      <bIsWeighted>0</bIsWeighted>
      <QtyInPackage>1</QtyInPackage>
      <ItemPrice>3.90</ItemPrice>
      <UnitOfMeasurePrice>5.5714</UnitOfMeasurePrice>
      <AllowDiscount>1</AllowDiscount>
      <ItemStatus>1</ItemStatus>
      <ItemId>93923</ItemId>
    </Item>
    <Item>
      <PriceUpdateDate>2016-06-15 07:40:02</PriceUpdateDate>
      <ItemCode>7290014050273</ItemCode>
      <ItemType>1</ItemType>
      <ItemName>שלגון וניל עוגיות בר</ItemName>
      <ManufacturerName>נגה גלידות</ManufacturerName>
      <ManufactureCountry>ישראל</ManufactureCountry>
      <ManufacturerItemDescription>שלגון וניל עוגיות בראוניס</ManufacturerItemDescription>
      <UnitQty>גרמים</UnitQty>
      <Quantity>90.00</Quantity>
      <UnitOfMeasure>100 גרם</UnitOfMeasure>
      <bIsWeighted>0</bIsWeighted>
      <QtyInPackage>1</QtyInPackage>
      <ItemPrice>11.80</ItemPrice>
      <UnitOfMeasurePrice>13.1111</UnitOfMeasurePrice>
      <AllowDiscount>1</AllowDiscount>
      <ItemStatus>1</ItemStatus>
      <ItemId>94025</ItemId>
    </Item>
    <Item>
      <PriceUpdateDate>2016-06-15 07:40:02</PriceUpdateDate>
      <ItemCode>7290014050334</ItemCode>
      <ItemType>1</ItemType>
      <ItemName>שלגון טעם וניל ריבת</ItemName>
      <ManufacturerName>נגה גלידות</ManufacturerName>
      <ManufactureCountry>ישראל</ManufactureCountry>
      <ManufacturerItemDescription>שלגון טעם וניל ריבת חלב ושקדים</ManufacturerItemDescription>
      <UnitQty>גרמים</UnitQty>
      <Quantity>91.00</Quantity>
      <UnitOfMeasure>100 גרם</UnitOfMeasure>
      <bIsWeighted>0</bIsWeighted>
      <QtyInPackage>1</QtyInPackage>
      <ItemPrice>11.80</ItemPrice>
      <UnitOfMeasurePrice>12.9670</UnitOfMeasurePrice>
      <AllowDiscount>1</AllowDiscount>
      <ItemStatus>1</ItemStatus>
      <ItemId>94026</ItemId>
    </Item>
    <Item>
      <PriceUpdateDate>2016-06-15 07:40:02</PriceUpdateDate>
      <ItemCode>7290014050310</ItemCode>
      <ItemType>1</ItemType>
      <ItemName>שלגון טעם שוקולד אגו</ItemName>
      <ManufacturerName>נגה גלידות</ManufacturerName>
      <ManufactureCountry>ישראל</ManufactureCountry>
      <ManufacturerItemDescription>שלגון טעם שוקולד אגוז</ManufacturerItemDescription>
      <UnitQty>גרמים</UnitQty>
      <Quantity>93.00</Quantity>
      <UnitOfMeasure>100 גרם</UnitOfMeasure>
      <bIsWeighted>0</bIsWeighted>
      <QtyInPackage>1</QtyInPackage>
      <ItemPrice>11.80</ItemPrice>
      <UnitOfMeasurePrice>12.6882</UnitOfMeasurePrice>
      <AllowDiscount>1</AllowDiscount>
      <ItemStatus>1</ItemStatus>
      <ItemId>94027</ItemId>
    </Item>
    <Item>
      <PriceUpdateDate>2016-06-15 07:40:02</PriceUpdateDate>
      <ItemCode>7290014050297</ItemCode>
      <ItemType>1</ItemType>
      <ItemName>שלגון טעם וניל תות ו</ItemName>
      <ManufacturerName>נגה גלידות</ManufacturerName>
      <ManufactureCountry>ישראל</ManufactureCountry>
      <ManufacturerItemDescription>שלגון טעם וניל תות ואוכמניות</ManufacturerItemDescription>
      <UnitQty>גרמים</UnitQty>
      <Quantity>93.00</Quantity>
      <UnitOfMeasure>100 גרם</UnitOfMeasure>
      <bIsWeighted>0</bIsWeighted>
      <QtyInPackage>1</QtyInPackage>
      <ItemPrice>11.80</ItemPrice>
      <UnitOfMeasurePrice>12.6882</UnitOfMeasurePrice>
      <AllowDiscount>1</AllowDiscount>
      <ItemStatus>1</ItemStatus>
      <ItemId>94028</ItemId>
    </Item>
    <Item>
      <PriceUpdateDate>2015-10-01 06:16:22</PriceUpdateDate>
      <ItemCode>7290106574489</ItemCode>
      <ItemType>1</ItemType>
      <ItemName>עוגילידה</ItemName>
      <ManufacturerName>נגה גלידות</ManufacturerName>
      <ManufactureCountry>ישראל</ManufactureCountry>
      <ManufacturerItemDescription>עוגילידה</ManufacturerItemDescription>
      <UnitQty>לא מנהל יחידת מידה</UnitQty>
      <Quantity>0.00</Quantity>
      <UnitOfMeasure>לא מנהל יחידת מידה</UnitOfMeasure>
      <bIsWeighted>0</bIsWeighted>
      <QtyInPackage>1</QtyInPackage>
      <ItemPrice>11.80</ItemPrice>
      <UnitOfMeasurePrice>0.0000</UnitOfMeasurePrice>
      <AllowDiscount>1</AllowDiscount>
      <ItemStatus>1</ItemStatus>
      <ItemId>94029</ItemId>
    </Item>
    <Item>
      <PriceUpdateDate>2016-06-15 07:40:01</PriceUpdateDate>
      <ItemCode>7290106576797</ItemCode>
      <ItemType>1</ItemType>
      <ItemName>גלידה לה קרמריה וניל</ItemName>
      <ManufacturerName>נגה גלידות</ManufacturerName>
      <ManufactureCountry>ישראל</ManufactureCountry>
      <ManufacturerItemDescription>גלידה לה קרמריה וניל איטלקי</ManufacturerItemDescription>
      <UnitQty>ליטרים</UnitQty>
      <Quantity>1.40</Quantity>
      <UnitOfMeasure>ליטר</UnitOfMeasure>
      <bIsWeighted>0</bIsWeighted>
      <QtyInPackage>1</QtyInPackage>
      <ItemPrice>23.90</ItemPrice>
      <UnitOfMeasurePrice>17.0714</UnitOfMeasurePrice>
      <AllowDiscount>1</AllowDiscount>
      <ItemStatus>1</ItemStatus>
      <ItemId>94030</ItemId>
    </Item>
    <Item>
      <PriceUpdateDate>2016-06-15 07:40:01</PriceUpdateDate>
      <ItemCode>7290106576971</ItemCode>
      <ItemType>1</ItemType>
      <ItemName>לה קרמריה שוקולדבלגי</ItemName>
      <ManufacturerName>נגה גלידות</ManufacturerName>
      <ManufactureCountry>ישראל</ManufactureCountry>
      <ManufacturerItemDescription>לה קרמריה ש.בלגי</ManufacturerItemDescription>
      <UnitQty>ליטרים</UnitQty>
      <Quantity>1.40</Quantity>
      <UnitOfMeasure>ליטר</UnitOfMeasure>
      <bIsWeighted>0</bIsWeighted>
      <QtyInPackage>1</QtyInPackage>
      <ItemPrice>23.90</ItemPrice>
      <UnitOfMeasurePrice>17.0714</UnitOfMeasurePrice>
      <AllowDiscount>1</AllowDiscount>
      <ItemStatus>1</ItemStatus>
      <ItemId>94032</ItemId>
    </Item>
    <Item>
      <PriceUpdateDate>2015-10-01 06:16:22</PriceUpdateDate>
      <ItemCode>7290106574083</ItemCode>
      <ItemType>1</ItemType>
      <ItemName>קרחון שרבט בוב ספוג</ItemName>
      <ManufacturerName>נגה גלידות</ManufacturerName>
      <ManufactureCountry>ישראל</ManufactureCountry>
      <ManufacturerItemDescription>קרחון שרבט בוב ספוג</ManufacturerItemDescription>
      <UnitQty>Unknown </UnitQty>
      <Quantity>0.00</Quantity>
      <UnitOfMeasure>Unknown </UnitOfMeasure>
      <bIsWeighted>0</bIsWeighted>
      <QtyInPackage>1</QtyInPackage>
      <ItemPrice>6.80</ItemPrice>
      <UnitOfMeasurePrice>0.0000</UnitOfMeasurePrice>
      <AllowDiscount>1</AllowDiscount>
      <ItemStatus>1</ItemStatus>
      <ItemId>94054</ItemId>
    </Item>
    <Item>
      <PriceUpdateDate>2015-10-01 06:16:25</PriceUpdateDate>
      <ItemCode>34000312177</ItemCode>
      <ItemType>1</ItemType>
      <ItemName>סירופ שוקולד למאפים</ItemName>
      <ManufacturerName>הרשי</ManufacturerName>
      <ManufactureCountry>לא ידוע</ManufactureCountry>
      <ManufacturerItemDescription>סירופ שוקולד למאפים  קינוחים</ManufacturerItemDescription>
      <UnitQty>גרמים</UnitQty>
      <Quantity>680.00</Quantity>
      <UnitOfMeasure>100 גרם</UnitOfMeasure>
      <bIsWeighted>0</bIsWeighted>
      <QtyInPackage>1</QtyInPackage>
      <ItemPrice>21.70</ItemPrice>
      <UnitOfMeasurePrice>3.1912</UnitOfMeasurePrice>
      <AllowDiscount>1</AllowDiscount>
      <ItemStatus>1</ItemStatus>
      <ItemId>94233</ItemId>
    </Item>
    <Item>
      <PriceUpdateDate>2015-10-01 06:16:44</PriceUpdateDate>
      <ItemCode>40058153</ItemCode>
      <ItemType>1</ItemType>
      <ItemName>קרם ניוואה רב שימושי</ItemName>
      <ManufacturerName>NIVEA</ManufacturerName>
      <ManufactureCountry>גרמניה</ManufactureCountry>
      <ManufacturerItemDescription>קרם ניוואה רב שימושי</ManufacturerItemDescription>
      <UnitQty>מיליליטרים</UnitQty>
      <Quantity>30.00</Quantity>
      <UnitOfMeasure>100 מ"ל</UnitOfMeasure>
      <bIsWeighted>0</bIsWeighted>
      <QtyInPackage>1</QtyInPackage>
      <ItemPrice>9.90</ItemPrice>
      <UnitOfMeasurePrice>33.0000</UnitOfMeasurePrice>
      <AllowDiscount>1</AllowDiscount>
      <ItemStatus>1</ItemStatus>
      <ItemId>94277</ItemId>
    </Item>
    <Item>
      <PriceUpdateDate>2016-01-14 08:33:57</PriceUpdateDate>
      <ItemCode>4084500088917</ItemCode>
      <ItemType>1</ItemType>
      <ItemName>נוזל כלים פיירי למון</ItemName>
      <ManufacturerName>פרוקטר אנד גמבל</ManufacturerName>
      <ManufactureCountry>בריטניה</ManufactureCountry>
      <ManufacturerItemDescription>פיירי נוזל כלים לימון 650 מל</ManufacturerItemDescription>
      <UnitQty>מיליליטרים</UnitQty>
      <Quantity>650.00</Quantity>
      <UnitOfMeasure>100 מ"ל</UnitOfMeasure>
      <bIsWeighted>0</bIsWeighted>
      <QtyInPackage>1</QtyInPackage>
      <ItemPrice>11.80</ItemPrice>
      <UnitOfMeasurePrice>1.8154</UnitOfMeasurePrice>
      <AllowDiscount>1</AllowDiscount>
      <ItemStatus>1</ItemStatus>
      <ItemId>94282</ItemId>
    </Item>
    <Item>
      <PriceUpdateDate>2015-10-01 06:13:45</PriceUpdateDate>
      <ItemCode>8690637673887</ItemCode>
      <ItemType>1</ItemType>
      <ItemName>אקס דאו בודי ספריי</ItemName>
      <ManufacturerName>יוניליוור גרמניה (בו</ManufacturerName>
      <ManufactureCountry>לא ידוע</ManufactureCountry>
      <ManufacturerItemDescription>אקס דאו בודי ספריי גולד 150 מל</ManufacturerItemDescription>
      <UnitQty>מיליליטרים</UnitQty>
      <Quantity>150.00</Quantity>
      <UnitOfMeasure>100 מ"ל</UnitOfMeasure>
      <bIsWeighted>0</bIsWeighted>
      <QtyInPackage>1</QtyInPackage>
      <ItemPrice>21.70</ItemPrice>
      <UnitOfMeasurePrice>14.4667</UnitOfMeasurePrice>
      <AllowDiscount>1</AllowDiscount>
      <ItemStatus>1</ItemStatus>
      <ItemId>94662</ItemId>
    </Item>
    <Item>
      <PriceUpdateDate>2015-10-01 06:18:35</PriceUpdateDate>
      <ItemCode>7290101450900</ItemCode>
      <ItemType>1</ItemType>
      <ItemName>נרות ג"מבו כוכבים</ItemName>
      <ManufacturerName>שמחה</ManufacturerName>
      <ManufactureCountry>לא ידוע</ManufactureCountry>
      <ManufacturerItemDescription>נרות גמבו כוכבים ממותג</ManufacturerItemDescription>
      <UnitQty>Unknown </UnitQty>
      <Quantity>0.00</Quantity>
      <UnitOfMeasure>Unknown </UnitOfMeasure>
      <bIsWeighted>0</bIsWeighted>
      <QtyInPackage>1</QtyInPackage>
      <ItemPrice>7.40</ItemPrice>
      <UnitOfMeasurePrice>0.0000</UnitOfMeasurePrice>
      <AllowDiscount>1</AllowDiscount>
      <ItemStatus>1</ItemStatus>
      <ItemId>95043</ItemId>
    </Item>
    <Item>
      <PriceUpdateDate>2015-01-01 00:00:00</PriceUpdateDate>
      <ItemCode>7290014373488</ItemCode>
      <ItemType>1</ItemType>
      <ItemName>עוגיות מלבן קינמון</ItemName>
      <ManufacturerName>קונדיטוריות לחמי</ManufacturerName>
      <ManufactureCountry>ישראל</ManufactureCountry>
      <ManufacturerItemDescription>עוגיות מלבן קינמון 200 גרם</ManufacturerItemDescription>
      <UnitQty>גרמים</UnitQty>
      <Quantity>200.00</Quantity>
      <UnitOfMeasure>100 גרם</UnitOfMeasure>
      <bIsWeighted>0</bIsWeighted>
      <QtyInPackage>1</QtyInPackage>
      <ItemPrice>14.90</ItemPrice>
      <UnitOfMeasurePrice>7.4500</UnitOfMeasurePrice>
      <AllowDiscount>1</AllowDiscount>
      <ItemStatus>1</ItemStatus>
      <ItemId>95109</ItemId>
    </Item>
    <Item>
      <PriceUpdateDate>2015-10-01 06:16:23</PriceUpdateDate>
      <ItemCode>7290014050235</ItemCode>
      <ItemType>1</ItemType>
      <ItemName>שלגון בטעם וניל</ItemName>
      <ManufacturerName>נגה גלידות</ManufacturerName>
      <ManufactureCountry>ישראל</ManufactureCountry>
      <ManufacturerItemDescription>שלגון בטעם וניל</ManufacturerItemDescription>
      <UnitQty>גרמים</UnitQty>
      <Quantity>85.00</Quantity>
      <UnitOfMeasure>100 גרם</UnitOfMeasure>
      <bIsWeighted>0</bIsWeighted>
      <QtyInPackage>1</QtyInPackage>
      <ItemPrice>10.80</ItemPrice>
      <UnitOfMeasurePrice>12.7059</UnitOfMeasurePrice>
      <AllowDiscount>1</AllowDiscount>
      <ItemStatus>1</ItemStatus>
      <ItemId>95176</ItemId>
    </Item>
    <Item>
      <PriceUpdateDate>2015-10-01 06:14:14</PriceUpdateDate>
      <ItemCode>4015400567585</ItemCode>
      <ItemType>1</ItemType>
      <ItemName>אולוויז מגן תחתון טו</ItemName>
      <ManufacturerName>פרוקטר אנד גמבל</ManufacturerName>
      <ManufactureCountry>גרמניה</ManufactureCountry>
      <ManufacturerItemDescription>אולוויז מגן תחתון טוויסט נורמל</ManufacturerItemDescription>
      <UnitQty>Unknown </UnitQty>
      <Quantity>0.00</Quantity>
      <UnitOfMeasure>Unknown </UnitOfMeasure>
      <bIsWeighted>0</bIsWeighted>
      <QtyInPackage>1</QtyInPackage>
      <ItemPrice>24.70</ItemPrice>
      <UnitOfMeasurePrice>0.0000</UnitOfMeasurePrice>
      <AllowDiscount>1</AllowDiscount>
      <ItemStatus>1</ItemStatus>
      <ItemId>95359</ItemId>
    </Item>
    <Item>
      <PriceUpdateDate>2015-10-01 06:17:34</PriceUpdateDate>
      <ItemCode>4015400655282</ItemCode>
      <ItemType>1</ItemType>
      <ItemName>אולוויז אינפיניטי לו</ItemName>
      <ManufacturerName>פרוקטר אנד גמבל</ManufacturerName>
      <ManufactureCountry>קנדה</ManufactureCountry>
      <ManufacturerItemDescription>אולוויז אינפיניטי לילה דואו          16</ManufacturerItemDescription>
      <UnitQty>Unknown </UnitQty>
      <Quantity>0.00</Quantity>
      <UnitOfMeasure>Unknown </UnitOfMeasure>
      <bIsWeighted>0</bIsWeighted>
      <QtyInPackage>1</QtyInPackage>
      <ItemPrice>39.50</ItemPrice>
      <UnitOfMeasurePrice>0.0000</UnitOfMeasurePrice>
      <AllowDiscount>1</AllowDiscount>
      <ItemStatus>1</ItemStatus>
      <ItemId>95360</ItemId>
    </Item>
    <Item>
      <PriceUpdateDate>2015-01-01 00:00:00</PriceUpdateDate>
      <ItemCode>7290101984412</ItemCode>
      <ItemType>1</ItemType>
      <ItemName>זיקוק מספר</ItemName>
      <ManufacturerName>F.T.I</ManufacturerName>
      <ManufactureCountry>לא ידוע</ManufactureCountry>
      <ManufacturerItemDescription>זיקוק מספר</ManufacturerItemDescription>
      <UnitQty>Unknown </UnitQty>
      <Quantity>0.00</Quantity>
      <UnitOfMeasure>Unknown </UnitOfMeasure>
      <bIsWeighted>0</bIsWeighted>
      <QtyInPackage>1</QtyInPackage>
      <ItemPrice>4.90</ItemPrice>
      <UnitOfMeasurePrice>0.0000</UnitOfMeasurePrice>
      <AllowDiscount>1</AllowDiscount>
      <ItemStatus>1</ItemStatus>
      <ItemId>95379</ItemId>
    </Item>
    <Item>
      <PriceUpdateDate>2015-10-01 06:18:35</PriceUpdateDate>
      <ItemCode>7290101990994</ItemCode>
      <ItemType>1</ItemType>
      <ItemName>יצירה בבלונים</ItemName>
      <ManufacturerName>סודי</ManufacturerName>
      <ManufactureCountry>סין</ManufactureCountry>
      <ManufacturerItemDescription>יצירה בבלונים</ManufacturerItemDescription>
      <UnitQty>Unknown </UnitQty>
      <Quantity>0.00</Quantity>
      <UnitOfMeasure>Unknown </UnitOfMeasure>
      <bIsWeighted>0</bIsWeighted>
      <QtyInPackage>1</QtyInPackage>
      <ItemPrice>12.80</ItemPrice>
      <UnitOfMeasurePrice>0.0000</UnitOfMeasurePrice>
      <AllowDiscount>1</AllowDiscount>
      <ItemStatus>1</ItemStatus>
      <ItemId>95389</ItemId>
    </Item>
    <Item>
      <PriceUpdateDate>2015-08-27 07:44:09</PriceUpdateDate>
      <ItemCode>7290013389121</ItemCode>
      <ItemType>1</ItemType>
      <ItemName>ניוקי  תרד 500 גרם</ItemName>
      <ManufacturerName>Ciemme alimentari sr</ManufacturerName>
      <ManufactureCountry>איטליה</ManufactureCountry>
      <ManufacturerItemDescription>ניוקי  תרד 500 גרם</ManufacturerItemDescription>
      <UnitQty>גרמים</UnitQty>
      <Quantity>500.00</Quantity>
      <UnitOfMeasure>100 גרם</UnitOfMeasure>
      <bIsWeighted>0</bIsWeighted>
      <QtyInPackage>1</QtyInPackage>
      <ItemPrice>9.90</ItemPrice>
      <UnitOfMeasurePrice>1.9800</UnitOfMeasurePrice>
      <AllowDiscount>1</AllowDiscount>
      <ItemStatus>1</ItemStatus>
      <ItemId>95501</ItemId>
    </Item>
    <Item>
      <PriceUpdateDate>2015-01-01 00:00:00</PriceUpdateDate>
      <ItemCode>7290100921760</ItemCode>
      <ItemType>1</ItemType>
      <ItemName>הוואי שמפו ספורט</ItemName>
      <ManufacturerName>טרופיקל דגיל</ManufacturerName>
      <ManufactureCountry>ישראל</ManufactureCountry>
      <ManufacturerItemDescription>הוואי שמפו ספורט לשיער ולגוף</ManufacturerItemDescription>
      <UnitQty>מיליליטרים</UnitQty>
      <Quantity>700.00</Quantity>
      <UnitOfMeasure>100 מ"ל</UnitOfMeasure>
      <bIsWeighted>0</bIsWeighted>
      <QtyInPackage>1</QtyInPackage>
      <ItemPrice>10.90</ItemPrice>
      <UnitOfMeasurePrice>1.5571</UnitOfMeasurePrice>
      <AllowDiscount>1</AllowDiscount>
      <ItemStatus>1</ItemStatus>
      <ItemId>95555</ItemId>
    </Item>
    <Item>
      <PriceUpdateDate>2015-10-01 06:16:33</PriceUpdateDate>
      <ItemCode>7290014472877</ItemCode>
      <ItemType>1</ItemType>
      <ItemName>פקאן סיני 150  גרם</ItemName>
      <ManufacturerName>שקרצי</ManufacturerName>
      <ManufactureCountry>ישראל</ManufactureCountry>
      <ManufacturerItemDescription>פקאן סיני 150  גרם</ManufacturerItemDescription>
      <UnitQty>גרמים</UnitQty>
      <Quantity>150.00</Quantity>
      <UnitOfMeasure>100 גרם</UnitOfMeasure>
      <bIsWeighted>0</bIsWeighted>
      <QtyInPackage>1</QtyInPackage>
      <ItemPrice>18.70</ItemPrice>
      <UnitOfMeasurePrice>12.4667</UnitOfMeasurePrice>
      <AllowDiscount>1</AllowDiscount>
      <ItemStatus>1</ItemStatus>
      <ItemId>95615</ItemId>
    </Item>
    <Item>
      <PriceUpdateDate>2015-10-01 06:16:33</PriceUpdateDate>
      <ItemCode>7290014472792</ItemCode>
      <ItemType>1</ItemType>
      <ItemName>מנצס 180  גרם</ItemName>
      <ManufacturerName>דין שיווק וקליה בע"מ</ManufacturerName>
      <ManufactureCountry>יושלם</ManufactureCountry>
      <ManufacturerItemDescription>מנצס 180  גרם</ManufacturerItemDescription>
      <UnitQty>גרמים</UnitQty>
      <Quantity>180.00</Quantity>
      <UnitOfMeasure>100 גרם</UnitOfMeasure>
      <bIsWeighted>0</bIsWeighted>
      <QtyInPackage>1</QtyInPackage>
      <ItemPrice>7.80</ItemPrice>
      <UnitOfMeasurePrice>4.3333</UnitOfMeasurePrice>
      <AllowDiscount>1</AllowDiscount>
      <ItemStatus>1</ItemStatus>
      <ItemId>95616</ItemId>
    </Item>
    <Item>
      <PriceUpdateDate>2015-10-01 06:16:34</PriceUpdateDate>
      <ItemCode>7290014472822</ItemCode>
      <ItemType>1</ItemType>
      <ItemName>גרעין אבטיח 200 גרם</ItemName>
      <ManufacturerName>דין שיווק וקליה בע"מ</ManufacturerName>
      <ManufactureCountry>ישראל</ManufactureCountry>
      <ManufacturerItemDescription>גרעין אבטיח 200 גרם</ManufacturerItemDescription>
      <UnitQty>גרמים</UnitQty>
      <Quantity>200.00</Quantity>
      <UnitOfMeasure>100 גרם</UnitOfMeasure>
      <bIsWeighted>0</bIsWeighted>
      <QtyInPackage>1</QtyInPackage>
      <ItemPrice>14.80</ItemPrice>
      <UnitOfMeasurePrice>7.4000</UnitOfMeasurePrice>
      <AllowDiscount>1</AllowDiscount>
      <ItemStatus>1</ItemStatus>
      <ItemId>95617</ItemId>
    </Item>
    <Item>
      <PriceUpdateDate>2015-10-01 06:16:34</PriceUpdateDate>
      <ItemCode>7290014472839</ItemCode>
      <ItemType>1</ItemType>
      <ItemName>אגוזים קלופים 150 גר</ItemName>
      <ManufacturerName>דין שיווק וקליה בע"מ</ManufacturerName>
      <ManufactureCountry>ארצות הברית</ManufactureCountry>
      <ManufacturerItemDescription>אגוזים קלופים 150 גרם</ManufacturerItemDescription>
      <UnitQty>גרמים</UnitQty>
      <Quantity>150.00</Quantity>
      <UnitOfMeasure>100 גרם</UnitOfMeasure>
      <bIsWeighted>0</bIsWeighted>
      <QtyInPackage>1</QtyInPackage>
      <ItemPrice>15.50</ItemPrice>
      <UnitOfMeasurePrice>10.3333</UnitOfMeasurePrice>
      <AllowDiscount>1</AllowDiscount>
      <ItemStatus>1</ItemStatus>
      <ItemId>95618</ItemId>
    </Item>
    <Item>
      <PriceUpdateDate>2015-10-01 06:16:34</PriceUpdateDate>
      <ItemCode>7290014472846</ItemCode>
      <ItemType>1</ItemType>
      <ItemName>בוטן אמריקאי 200 גרם</ItemName>
      <ManufacturerName>ששון ושות'</ManufacturerName>
      <ManufactureCountry>ישראל</ManufactureCountry>
      <ManufacturerItemDescription>בוטן אמריקאי 200 גרם</ManufacturerItemDescription>
      <UnitQty>גרמים</UnitQty>
      <Quantity>200.00</Quantity>
      <UnitOfMeasure>100 גרם</UnitOfMeasure>
      <bIsWeighted>0</bIsWeighted>
      <QtyInPackage>1</QtyInPackage>
      <ItemPrice>6.60</ItemPrice>
      <UnitOfMeasurePrice>3.3000</UnitOfMeasurePrice>
      <AllowDiscount>1</AllowDiscount>
      <ItemStatus>1</ItemStatus>
      <ItemId>95619</ItemId>
    </Item>
    <Item>
      <PriceUpdateDate>2015-10-01 06:16:34</PriceUpdateDate>
      <ItemCode>7290014472853</ItemCode>
      <ItemType>1</ItemType>
      <ItemName>בוטנים קלויים  200 ג</ItemName>
      <ManufacturerName>דין שיווק וקליה בע"מ</ManufacturerName>
      <ManufactureCountry>סין</ManufactureCountry>
      <ManufacturerItemDescription>בוטנים קלויים  200 גרם</ManufacturerItemDescription>
      <UnitQty>גרמים</UnitQty>
      <Quantity>200.00</Quantity>
      <UnitOfMeasure>100 גרם</UnitOfMeasure>
      <bIsWeighted>0</bIsWeighted>
      <QtyInPackage>1</QtyInPackage>
      <ItemPrice>7.80</ItemPrice>
      <UnitOfMeasurePrice>3.9000</UnitOfMeasurePrice>
      <AllowDiscount>1</AllowDiscount>
      <ItemStatus>1</ItemStatus>
      <ItemId>95620</ItemId>
    </Item>
    <Item>
      <PriceUpdateDate>2015-10-01 06:16:34</PriceUpdateDate>
      <ItemCode>7290014472778</ItemCode>
      <ItemType>1</ItemType>
      <ItemName>גרעין לבן  200 גרם</ItemName>
      <ManufacturerName>דין שיווק וקליה בע"מ</ManufacturerName>
      <ManufactureCountry>ארצות הברית</ManufactureCountry>
      <ManufacturerItemDescription>גרעין לבן  200 גרם</ManufacturerItemDescription>
      <UnitQty>גרמים</UnitQty>
      <Quantity>200.00</Quantity>
      <UnitOfMeasure>100 גרם</UnitOfMeasure>
      <bIsWeighted>0</bIsWeighted>
      <QtyInPackage>1</QtyInPackage>
      <ItemPrice>9.80</ItemPrice>
      <UnitOfMeasurePrice>4.9000</UnitOfMeasurePrice>
      <AllowDiscount>1</AllowDiscount>
      <ItemStatus>1</ItemStatus>
      <ItemId>95621</ItemId>
    </Item>
    <Item>
      <PriceUpdateDate>2015-10-01 06:16:34</PriceUpdateDate>
      <ItemCode>7290014472785</ItemCode>
      <ItemType>1</ItemType>
      <ItemName>גרעין שחור 170 גרם</ItemName>
      <ManufacturerName>דין שיווק וקליה בע"מ</ManufacturerName>
      <ManufactureCountry>ישראל</ManufactureCountry>
      <ManufacturerItemDescription>גרעין שחור 170 גרם</ManufacturerItemDescription>
      <UnitQty>גרמים</UnitQty>
      <Quantity>170.00</Quantity>
      <UnitOfMeasure>100 גרם</UnitOfMeasure>
      <bIsWeighted>0</bIsWeighted>
      <QtyInPackage>1</QtyInPackage>
      <ItemPrice>6.80</ItemPrice>
      <UnitOfMeasurePrice>4.0000</UnitOfMeasurePrice>
      <AllowDiscount>1</AllowDiscount>
      <ItemStatus>1</ItemStatus>
      <ItemId>95622</ItemId>
    </Item>
    <Item>
      <PriceUpdateDate>2015-10-01 06:16:34</PriceUpdateDate>
      <ItemCode>7290014472860</ItemCode>
      <ItemType>1</ItemType>
      <ItemName>שקד טבעי 200 גרם</ItemName>
      <ManufacturerName>דין שיווק וקליה בע"מ</ManufacturerName>
      <ManufactureCountry>ארצות הברית</ManufactureCountry>
      <ManufacturerItemDescription>שקד טבעי 200 גרם</ManufacturerItemDescription>
      <UnitQty>גרמים</UnitQty>
      <Quantity>200.00</Quantity>
      <UnitOfMeasure>100 גרם</UnitOfMeasure>
      <bIsWeighted>0</bIsWeighted>
      <QtyInPackage>1</QtyInPackage>
      <ItemPrice>18.70</ItemPrice>
      <UnitOfMeasurePrice>9.3500</UnitOfMeasurePrice>
      <AllowDiscount>1</AllowDiscount>
      <ItemStatus>1</ItemStatus>
      <ItemId>95623</ItemId>
    </Item>
    <Item>
      <PriceUpdateDate>2015-10-01 06:16:34</PriceUpdateDate>
      <ItemCode>7290014472884</ItemCode>
      <ItemType>1</ItemType>
      <ItemName>שקדים קלויים 170 גרם</ItemName>
      <ManufacturerName>דין שיווק וקליה בע"מ</ManufacturerName>
      <ManufactureCountry>ישראל</ManufactureCountry>
      <ManufacturerItemDescription>שקדים קלויים 170 גרם</ManufacturerItemDescription>
      <UnitQty>גרמים</UnitQty>
      <Quantity>170.00</Quantity>
      <UnitOfMeasure>100 גרם</UnitOfMeasure>
      <bIsWeighted>0</bIsWeighted>
      <QtyInPackage>1</QtyInPackage>
      <ItemPrice>21.70</ItemPrice>
      <UnitOfMeasurePrice>12.7647</UnitOfMeasurePrice>
      <AllowDiscount>1</AllowDiscount>
      <ItemStatus>1</ItemStatus>
      <ItemId>95624</ItemId>
    </Item>
    <Item>
      <PriceUpdateDate>2015-10-01 06:16:34</PriceUpdateDate>
      <ItemCode>7290014472808</ItemCode>
      <ItemType>1</ItemType>
      <ItemName>קבוקים 200 גרם</ItemName>
      <ManufacturerName>ששון ושות'</ManufacturerName>
      <ManufactureCountry>ישראל</ManufactureCountry>
      <ManufacturerItemDescription>קבוקים 200 גרם</ManufacturerItemDescription>
      <UnitQty>גרמים</UnitQty>
      <Quantity>200.00</Quantity>
      <UnitOfMeasure>100 גרם</UnitOfMeasure>
      <bIsWeighted>0</bIsWeighted>
      <QtyInPackage>1</QtyInPackage>
      <ItemPrice>6.20</ItemPrice>
      <UnitOfMeasurePrice>3.1000</UnitOfMeasurePrice>
      <AllowDiscount>1</AllowDiscount>
      <ItemStatus>1</ItemStatus>
      <ItemId>95625</ItemId>
    </Item>
    <Item>
      <PriceUpdateDate>2015-10-01 06:16:34</PriceUpdateDate>
      <ItemCode>7290014472891</ItemCode>
      <ItemType>1</ItemType>
      <ItemName>קשיו קלוי 170 גרם</ItemName>
      <ManufacturerName>דין שיווק וקליה בע"מ</ManufacturerName>
      <ManufactureCountry>ישראל</ManufactureCountry>
      <ManufacturerItemDescription>קשיו קלוי 170 גרם</ManufacturerItemDescription>
      <UnitQty>גרמים</UnitQty>
      <Quantity>170.00</Quantity>
      <UnitOfMeasure>100 גרם</UnitOfMeasure>
      <bIsWeighted>0</bIsWeighted>
      <QtyInPackage>1</QtyInPackage>
      <ItemPrice>16.70</ItemPrice>
      <UnitOfMeasurePrice>9.8235</UnitOfMeasurePrice>
      <AllowDiscount>1</AllowDiscount>
      <ItemStatus>1</ItemStatus>
      <ItemId>95626</ItemId>
    </Item>
    <Item>
      <PriceUpdateDate>2015-10-01 06:16:34</PriceUpdateDate>
      <ItemCode>7290014472983</ItemCode>
      <ItemType>1</ItemType>
      <ItemName>תערובת פיצוחים  170</ItemName>
      <ManufacturerName>דין שיווק וקליה בע"מ</ManufacturerName>
      <ManufactureCountry>ישראל</ManufactureCountry>
      <ManufacturerItemDescription>תערובת פיצוחים  170 גרם</ManufacturerItemDescription>
      <UnitQty>גרמים</UnitQty>
      <Quantity>170.00</Quantity>
      <UnitOfMeasure>100 גרם</UnitOfMeasure>
      <bIsWeighted>0</bIsWeighted>
      <QtyInPackage>1</QtyInPackage>
      <ItemPrice>18.70</ItemPrice>
      <UnitOfMeasurePrice>11.0000</UnitOfMeasurePrice>
      <AllowDiscount>1</AllowDiscount>
      <ItemStatus>1</ItemStatus>
      <ItemId>95627</ItemId>
    </Item>
    <Item>
      <PriceUpdateDate>2015-01-01 00:00:00</PriceUpdateDate>
      <ItemCode>7290005686153</ItemCode>
      <ItemType>1</ItemType>
      <ItemName>תמר מגהול 400 גרם</ItemName>
      <ManufacturerName>דין שיווק וקליה בע"מ</ManufacturerName>
      <ManufactureCountry>ישראל</ManufactureCountry>
      <ManufacturerItemDescription>תמר מגהול 400 גרם</ManufacturerItemDescription>
      <UnitQty>גרמים</UnitQty>
      <Quantity>400.00</Quantity>
      <UnitOfMeasure>100 גרם</UnitOfMeasure>
      <bIsWeighted>0</bIsWeighted>
      <QtyInPackage>1</QtyInPackage>
      <ItemPrice>16.90</ItemPrice>
      <UnitOfMeasurePrice>4.2250</UnitOfMeasurePrice>
      <AllowDiscount>1</AllowDiscount>
      <ItemStatus>1</ItemStatus>
      <ItemId>95628</ItemId>
    </Item>
    <Item>
      <PriceUpdateDate>2015-10-01 06:16:34</PriceUpdateDate>
      <ItemCode>7290014094352</ItemCode>
      <ItemType>1</ItemType>
      <ItemName>אגוזים קלופים בקופסא</ItemName>
      <ManufacturerName>דין שיווק וקליה בע"מ</ManufacturerName>
      <ManufactureCountry>ארצות הברית</ManufactureCountry>
      <ManufacturerItemDescription>אגוזים קלופים בקופסא  200 גרם</ManufacturerItemDescription>
      <UnitQty>גרמים</UnitQty>
      <Quantity>200.00</Quantity>
      <UnitOfMeasure>100 גרם</UnitOfMeasure>
      <bIsWeighted>0</bIsWeighted>
      <QtyInPackage>1</QtyInPackage>
      <ItemPrice>24.70</ItemPrice>
      <UnitOfMeasurePrice>12.3500</UnitOfMeasurePrice>
      <AllowDiscount>1</AllowDiscount>
      <ItemStatus>1</ItemStatus>
      <ItemId>95629</ItemId>
    </Item>
    <Item>
      <PriceUpdateDate>2015-10-01 06:16:34</PriceUpdateDate>
      <ItemCode>7290014094390</ItemCode>
      <ItemType>1</ItemType>
      <ItemName>חמוציות בקופסא  330</ItemName>
      <ManufacturerName>דין שיווק וקליה בע"מ</ManufacturerName>
      <ManufactureCountry>ארצות הברית</ManufactureCountry>
      <ManufacturerItemDescription>חמוציות בקופסא  330 גרם</ManufacturerItemDescription>
      <UnitQty>גרמים</UnitQty>
      <Quantity>330.00</Quantity>
      <UnitOfMeasure>100 גרם</UnitOfMeasure>
      <bIsWeighted>0</bIsWeighted>
      <QtyInPackage>1</QtyInPackage>
      <ItemPrice>16.70</ItemPrice>
      <UnitOfMeasurePrice>5.0606</UnitOfMeasurePrice>
      <AllowDiscount>1</AllowDiscount>
      <ItemStatus>1</ItemStatus>
      <ItemId>95633</ItemId>
    </Item>
    <Item>
      <PriceUpdateDate>2015-10-01 06:16:34</PriceUpdateDate>
      <ItemCode>7290014472228</ItemCode>
      <ItemType>1</ItemType>
      <ItemName>תאנים בקופסא  330 גר</ItemName>
      <ManufacturerName>דין שיווק וקליה בע"מ</ManufacturerName>
      <ManufactureCountry>טורקיה</ManufactureCountry>
      <ManufacturerItemDescription>תאנים בקופסא  330 גרם</ManufacturerItemDescription>
      <UnitQty>גרמים</UnitQty>
      <Quantity>330.00</Quantity>
      <UnitOfMeasure>100 גרם</UnitOfMeasure>
      <bIsWeighted>0</bIsWeighted>
      <QtyInPackage>1</QtyInPackage>
      <ItemPrice>17.70</ItemPrice>
      <UnitOfMeasurePrice>5.3636</UnitOfMeasurePrice>
      <AllowDiscount>1</AllowDiscount>
      <ItemStatus>1</ItemStatus>
      <ItemId>95635</ItemId>
    </Item>
    <Item>
      <PriceUpdateDate>2015-10-01 06:16:34</PriceUpdateDate>
      <ItemCode>7290014094642</ItemCode>
      <ItemType>1</ItemType>
      <ItemName>קשיו טבעי בקופסא  25</ItemName>
      <ManufacturerName>דין שיווק וקליה בע"מ</ManufacturerName>
      <ManufactureCountry>וייטנאם</ManufactureCountry>
      <ManufacturerItemDescription>קשיו טבעי בקופסא  250 גרם</ManufacturerItemDescription>
      <UnitQty>גרמים</UnitQty>
      <Quantity>250.00</Quantity>
      <UnitOfMeasure>100 גרם</UnitOfMeasure>
      <bIsWeighted>0</bIsWeighted>
      <QtyInPackage>1</QtyInPackage>
      <ItemPrice>24.70</ItemPrice>
      <UnitOfMeasurePrice>9.8800</UnitOfMeasurePrice>
      <AllowDiscount>1</AllowDiscount>
      <ItemStatus>1</ItemStatus>
      <ItemId>95636</ItemId>
    </Item>
    <Item>
      <PriceUpdateDate>2015-10-01 06:14:15</PriceUpdateDate>
      <ItemCode>7290013724960</ItemCode>
      <ItemType>1</ItemType>
      <ItemName>שקד בשוקולד חלב 160</ItemName>
      <ManufacturerName>דין שיווק וקליה בע"מ</ManufacturerName>
      <ManufactureCountry>ישראל</ManufactureCountry>
      <ManufacturerItemDescription>שקד בשוקולד חלב 160 גרם</ManufacturerItemDescription>
      <UnitQty>גרמים</UnitQty>
      <Quantity>160.00</Quantity>
      <UnitOfMeasure>100 גרם</UnitOfMeasure>
      <bIsWeighted>0</bIsWeighted>
      <QtyInPackage>1</QtyInPackage>
      <ItemPrice>14.80</ItemPrice>
      <UnitOfMeasurePrice>9.2500</UnitOfMeasurePrice>
      <AllowDiscount>1</AllowDiscount>
      <ItemStatus>1</ItemStatus>
      <ItemId>95643</ItemId>
    </Item>
    <Item>
      <PriceUpdateDate>2015-10-01 06:14:15</PriceUpdateDate>
      <ItemCode>7290013724946</ItemCode>
      <ItemType>1</ItemType>
      <ItemName>שקד בשוקולד מריר160</ItemName>
      <ManufacturerName>דין שיווק וקליה בע"מ</ManufacturerName>
      <ManufactureCountry>ישראל</ManufactureCountry>
      <ManufacturerItemDescription>שקד בשוקולד מריר 160 גרם</ManufacturerItemDescription>
      <UnitQty>גרמים</UnitQty>
      <Quantity>160.00</Quantity>
      <UnitOfMeasure>100 גרם</UnitOfMeasure>
      <bIsWeighted>0</bIsWeighted>
      <QtyInPackage>1</QtyInPackage>
      <ItemPrice>14.80</ItemPrice>
      <UnitOfMeasurePrice>9.2500</UnitOfMeasurePrice>
      <AllowDiscount>1</AllowDiscount>
      <ItemStatus>1</ItemStatus>
      <ItemId>95644</ItemId>
    </Item>
    <Item>
      <PriceUpdateDate>2015-01-01 00:00:00</PriceUpdateDate>
      <ItemCode>7290000327709</ItemCode>
      <ItemType>1</ItemType>
      <ItemName>סודה בטעם אדלברי</ItemName>
      <ManufacturerName>טמפו</ManufacturerName>
      <ManufactureCountry>ישראל</ManufactureCountry>
      <ManufacturerItemDescription>סודה בטעם אדלברי-ליצי 1.5 ליטר</ManufacturerItemDescription>
      <UnitQty>ליטרים</UnitQty>
      <Quantity>1.50</Quantity>
      <UnitOfMeasure>ליטר</UnitOfMeasure>
      <bIsWeighted>0</bIsWeighted>
      <QtyInPackage>1</QtyInPackage>
      <ItemPrice>4.90</ItemPrice>
      <UnitOfMeasurePrice>3.2667</UnitOfMeasurePrice>
      <AllowDiscount>1</AllowDiscount>
      <ItemStatus>1</ItemStatus>
      <ItemId>95723</ItemId>
    </Item>
    <Item>
      <PriceUpdateDate>2015-10-01 06:15:31</PriceUpdateDate>
      <ItemCode>7290013584113</ItemCode>
      <ItemType>1</ItemType>
      <ItemName>ספרייט פחית סליק</ItemName>
      <ManufacturerName>החברה המרכזית למשקאו</ManufacturerName>
      <ManufactureCountry>ישראל</ManufactureCountry>
      <ManufacturerItemDescription>ספרייט פחית סליק 330 מל</ManufacturerItemDescription>
      <UnitQty>מיליליטרים</UnitQty>
      <Quantity>330.00</Quantity>
      <UnitOfMeasure>100 מ"ל</UnitOfMeasure>
      <bIsWeighted>0</bIsWeighted>
      <QtyInPackage>1</QtyInPackage>
      <ItemPrice>6.20</ItemPrice>
      <UnitOfMeasurePrice>1.8788</UnitOfMeasurePrice>
      <AllowDiscount>1</AllowDiscount>
      <ItemStatus>1</ItemStatus>
      <ItemId>95730</ItemId>
    </Item>
    <Item>
      <PriceUpdateDate>2015-10-01 06:14:47</PriceUpdateDate>
      <ItemCode>7290013848895</ItemCode>
      <ItemType>1</ItemType>
      <ItemName>קרמה דאו רולאון מאסק</ItemName>
      <ManufacturerName>אמיליה קוסמטיקס</ManufacturerName>
      <ManufactureCountry>ישראל</ManufactureCountry>
      <ManufacturerItemDescription>קרמה דאו רולאון מאסק75 מל</ManufacturerItemDescription>
      <UnitQty>Unknown </UnitQty>
      <Quantity>0.00</Quantity>
      <UnitOfMeasure>Unknown </UnitOfMeasure>
      <bIsWeighted>0</bIsWeighted>
      <QtyInPackage>1</QtyInPackage>
      <ItemPrice>16.70</ItemPrice>
      <UnitOfMeasurePrice>0.0000</UnitOfMeasurePrice>
      <AllowDiscount>1</AllowDiscount>
      <ItemStatus>1</ItemStatus>
      <ItemId>95751</ItemId>
    </Item>
    <Item>
      <PriceUpdateDate>2015-10-01 06:20:18</PriceUpdateDate>
      <ItemCode>7290015324014</ItemCode>
      <ItemType>1</ItemType>
      <ItemName>פלפל שחור טחון</ItemName>
      <ManufacturerName>תבליני טעם וריח</ManufacturerName>
      <ManufactureCountry>ישראל</ManufactureCountry>
      <ManufacturerItemDescription>פלפל שחור טחון 80 גרם</ManufacturerItemDescription>
      <UnitQty>Unknown </UnitQty>
      <Quantity>0.00</Quantity>
      <UnitOfMeasure>Unknown </UnitOfMeasure>
      <bIsWeighted>0</bIsWeighted>
      <QtyInPackage>1</QtyInPackage>
      <ItemPrice>11.90</ItemPrice>
      <UnitOfMeasurePrice>0.0000</UnitOfMeasurePrice>
      <AllowDiscount>1</AllowDiscount>
      <ItemStatus>1</ItemStatus>
      <ItemId>95764</ItemId>
    </Item>
    <Item>
      <PriceUpdateDate>2016-06-07 08:19:31</PriceUpdateDate>
      <ItemCode>7290015324083</ItemCode>
      <ItemType>1</ItemType>
      <ItemName>מלח לימון טעם וריח 8</ItemName>
      <ManufacturerName>תבליני טעם וריח</ManufacturerName>
      <ManufactureCountry>לא ידוע</ManufactureCountry>
      <ManufacturerItemDescription>מלח לימון 80 גרם</ManufacturerItemDescription>
      <UnitQty>גרמים</UnitQty>
      <Quantity>80.00</Quantity>
      <UnitOfMeasure>100 גרם</UnitOfMeasure>
      <bIsWeighted>0</bIsWeighted>
      <QtyInPackage>1</QtyInPackage>
      <ItemPrice>6.20</ItemPrice>
      <UnitOfMeasurePrice>7.7500</UnitOfMeasurePrice>
      <AllowDiscount>1</AllowDiscount>
      <ItemStatus>1</ItemStatus>
      <ItemId>95769</ItemId>
    </Item>
    <Item>
      <PriceUpdateDate>2016-06-07 08:19:31</PriceUpdateDate>
      <ItemCode>7290015324090</ItemCode>
      <ItemType>1</ItemType>
      <ItemName>כמון</ItemName>
      <ManufacturerName>תבליני טעם וריח</ManufacturerName>
      <ManufactureCountry>לא ידוע</ManufactureCountry>
      <ManufacturerItemDescription>כמון 80 גרם</ManufacturerItemDescription>
      <UnitQty>Unknown </UnitQty>
      <Quantity>0.00</Quantity>
      <UnitOfMeasure>Unknown </UnitOfMeasure>
      <bIsWeighted>0</bIsWeighted>
      <QtyInPackage>1</QtyInPackage>
      <ItemPrice>6.80</ItemPrice>
      <UnitOfMeasurePrice>0.0000</UnitOfMeasurePrice>
      <AllowDiscount>1</AllowDiscount>
      <ItemStatus>1</ItemStatus>
      <ItemId>95770</ItemId>
    </Item>
    <Item>
      <PriceUpdateDate>2016-01-12 08:46:36</PriceUpdateDate>
      <ItemCode>7290015324106</ItemCode>
      <ItemType>1</ItemType>
      <ItemName>כורכום</ItemName>
      <ManufacturerName>תבליני טעם וריח</ManufacturerName>
      <ManufactureCountry>לא ידוע</ManufactureCountry>
      <ManufacturerItemDescription>כורכום 80 גרם</ManufacturerItemDescription>
      <UnitQty>גרמים</UnitQty>
      <Quantity>80.00</Quantity>
      <UnitOfMeasure>100 גרם</UnitOfMeasure>
      <bIsWeighted>0</bIsWeighted>
      <QtyInPackage>1</QtyInPackage>
      <ItemPrice>6.80</ItemPrice>
      <UnitOfMeasurePrice>8.5000</UnitOfMeasurePrice>
      <AllowDiscount>1</AllowDiscount>
      <ItemStatus>1</ItemStatus>
      <ItemId>95771</ItemId>
    </Item>
    <Item>
      <PriceUpdateDate>2016-06-07 08:19:31</PriceUpdateDate>
      <ItemCode>7290015324113</ItemCode>
      <ItemType>1</ItemType>
      <ItemName>בהרט</ItemName>
      <ManufacturerName>תבליני טעם וריח</ManufacturerName>
      <ManufactureCountry>לא ידוע</ManufactureCountry>
      <ManufacturerItemDescription>בהרט 80 גרם</ManufacturerItemDescription>
      <UnitQty>Unknown </UnitQty>
      <Quantity>0.00</Quantity>
      <UnitOfMeasure>Unknown </UnitOfMeasure>
      <bIsWeighted>0</bIsWeighted>
      <QtyInPackage>1</QtyInPackage>
      <ItemPrice>9.50</ItemPrice>
      <UnitOfMeasurePrice>0.0000</UnitOfMeasurePrice>
      <AllowDiscount>1</AllowDiscount>
      <ItemStatus>1</ItemStatus>
      <ItemId>95772</ItemId>
    </Item>
    <Item>
      <PriceUpdateDate>2016-04-11 08:20:41</PriceUpdateDate>
      <ItemCode>7290100921418</ItemCode>
      <ItemType>1</ItemType>
      <ItemName>הוואי מרכך קרטין</ItemName>
      <ManufacturerName>טרופיקל דגיל</ManufacturerName>
      <ManufactureCountry>ישראל</ManufactureCountry>
      <ManufacturerItemDescription>הוואי מרכך קרטין מחזק שיער</ManufacturerItemDescription>
      <UnitQty>מיליליטרים</UnitQty>
      <Quantity>700.00</Quantity>
      <UnitOfMeasure>100 מ"ל</UnitOfMeasure>
      <bIsWeighted>0</bIsWeighted>
      <QtyInPackage>1</QtyInPackage>
      <ItemPrice>13.90</ItemPrice>
      <UnitOfMeasurePrice>1.9857</UnitOfMeasurePrice>
      <AllowDiscount>1</AllowDiscount>
      <ItemStatus>1</ItemStatus>
      <ItemId>95778</ItemId>
    </Item>
    <Item>
      <PriceUpdateDate>2015-10-01 06:20:19</PriceUpdateDate>
      <ItemCode>7290015324076</ItemCode>
      <ItemType>1</ItemType>
      <ItemName>זעתר 80 גרם</ItemName>
      <ManufacturerName>תבליני טעם וריח</ManufacturerName>
      <ManufactureCountry>ישראל</ManufactureCountry>
      <ManufacturerItemDescription>זעתר 80 גרם</ManufacturerItemDescription>
      <UnitQty>Unknown </UnitQty>
      <Quantity>0.00</Quantity>
      <UnitOfMeasure>Unknown </UnitOfMeasure>
      <bIsWeighted>0</bIsWeighted>
      <QtyInPackage>1</QtyInPackage>
      <ItemPrice>6.20</ItemPrice>
      <UnitOfMeasurePrice>0.0000</UnitOfMeasurePrice>
      <AllowDiscount>1</AllowDiscount>
      <ItemStatus>1</ItemStatus>
      <ItemId>95793</ItemId>
    </Item>
    <Item>
      <PriceUpdateDate>2015-01-01 00:00:00</PriceUpdateDate>
      <ItemCode>7290002331490</ItemCode>
      <ItemType>1</ItemType>
      <ItemName>מים נביעות 1 ליטר</ItemName>
      <ManufacturerName>נביעות</ManufacturerName>
      <ManufactureCountry>לא ידוע</ManufactureCountry>
      <ManufacturerItemDescription>נביעות 1 ליטר</ManufacturerItemDescription>
      <UnitQty>ליטרים</UnitQty>
      <Quantity>1.00</Quantity>
      <UnitOfMeasure>ליטר</UnitOfMeasure>
      <bIsWeighted>0</bIsWeighted>
      <QtyInPackage>1</QtyInPackage>
      <ItemPrice>4.90</ItemPrice>
      <UnitOfMeasurePrice>4.9000</UnitOfMeasurePrice>
      <AllowDiscount>1</AllowDiscount>
      <ItemStatus>1</ItemStatus>
      <ItemId>95795</ItemId>
    </Item>
    <Item>
      <PriceUpdateDate>2015-10-01 06:15:31</PriceUpdateDate>
      <ItemCode>7290013584182</ItemCode>
      <ItemType>1</ItemType>
      <ItemName>ספרייט 1.5 ליטר</ItemName>
      <ManufacturerName>החברה המרכזית למשקאו</ManufacturerName>
      <ManufactureCountry>ישראל</ManufactureCountry>
      <ManufacturerItemDescription>ספרייט 1.5 ליטר</ManufacturerItemDescription>
      <UnitQty>ליטרים</UnitQty>
      <Quantity>1.50</Quantity>
      <UnitOfMeasure>ליטר</UnitOfMeasure>
      <bIsWeighted>0</bIsWeighted>
      <QtyInPackage>1</QtyInPackage>
      <ItemPrice>6.60</ItemPrice>
      <UnitOfMeasurePrice>4.4000</UnitOfMeasurePrice>
      <AllowDiscount>1</AllowDiscount>
      <ItemStatus>1</ItemStatus>
      <ItemId>95965</ItemId>
    </Item>
    <Item>
      <PriceUpdateDate>2016-06-01 13:31:14</PriceUpdateDate>
      <ItemCode>5411188082637</ItemCode>
      <ItemType>1</ItemType>
      <ItemName>חלב סויה שוקו</ItemName>
      <ManufacturerName>יושלם</ManufacturerName>
      <ManufactureCountry>יושלם</ManufactureCountry>
      <ManufacturerItemDescription>חלב סויה אלפרו שוקו 250 מל</ManufacturerItemDescription>
      <UnitQty>מיליליטרים</UnitQty>
      <Quantity>250.00</Quantity>
      <UnitOfMeasure>100 מ"ל</UnitOfMeasure>
      <bIsWeighted>0</bIsWeighted>
      <QtyInPackage>1</QtyInPackage>
      <ItemPrice>7.90</ItemPrice>
      <UnitOfMeasurePrice>3.1600</UnitOfMeasurePrice>
      <AllowDiscount>1</AllowDiscount>
      <ItemStatus>1</ItemStatus>
      <ItemId>96441</ItemId>
    </Item>
    <Item>
      <PriceUpdateDate>2015-10-01 06:15:20</PriceUpdateDate>
      <ItemCode>7290003220830</ItemCode>
      <ItemType>1</ItemType>
      <ItemName>חומץ אורז לסושי</ItemName>
      <ManufacturerName>דיאמונד פריזרוד פודס</ManufacturerName>
      <ManufactureCountry>תאילנד</ManufactureCountry>
      <ManufacturerItemDescription>חומץ אורז לסושי 500 מ"ל</ManufacturerItemDescription>
      <UnitQty>מיליליטרים</UnitQty>
      <Quantity>500.00</Quantity>
      <UnitOfMeasure>100 מ"ל</UnitOfMeasure>
      <bIsWeighted>0</bIsWeighted>
      <QtyInPackage>1</QtyInPackage>
      <ItemPrice>18.70</ItemPrice>
      <UnitOfMeasurePrice>3.7400</UnitOfMeasurePrice>
      <AllowDiscount>1</AllowDiscount>
      <ItemStatus>1</ItemStatus>
      <ItemId>96517</ItemId>
    </Item>
    <Item>
      <PriceUpdateDate>2015-10-01 06:15:06</PriceUpdateDate>
      <ItemCode>5411188112549</ItemCode>
      <ItemType>1</ItemType>
      <ItemName>אלפרו משקה אורז</ItemName>
      <ManufacturerName>ALPRO N.V.</ManufacturerName>
      <ManufactureCountry>בלגיה</ManufactureCountry>
      <ManufacturerItemDescription>אלפרו משקה אורז 1 ליטר</ManufacturerItemDescription>
      <UnitQty>ליטרים</UnitQty>
      <Quantity>1.00</Quantity>
      <UnitOfMeasure>ליטר</UnitOfMeasure>
      <bIsWeighted>0</bIsWeighted>
      <QtyInPackage>1</QtyInPackage>
      <ItemPrice>15.70</ItemPrice>
      <UnitOfMeasurePrice>15.7000</UnitOfMeasurePrice>
      <AllowDiscount>1</AllowDiscount>
      <ItemStatus>1</ItemStatus>
      <ItemId>96549</ItemId>
    </Item>
    <Item>
      <PriceUpdateDate>2016-02-24 08:18:19</PriceUpdateDate>
      <ItemCode>4015600815431</ItemCode>
      <ItemType>1</ItemType>
      <ItemName>פנטן שמפו לשיער צבוע</ItemName>
      <ManufacturerName>פרוקטר אנד גמבל</ManufacturerName>
      <ManufactureCountry>רומניה</ManufactureCountry>
      <ManufacturerItemDescription>פנטן שמפו לשיקום שיער צבוע600מ</ManufacturerItemDescription>
      <UnitQty>מיליליטרים</UnitQty>
      <Quantity>600.00</Quantity>
      <UnitOfMeasure>100 מ"ל</UnitOfMeasure>
      <bIsWeighted>0</bIsWeighted>
      <QtyInPackage>1</QtyInPackage>
      <ItemPrice>24.70</ItemPrice>
      <UnitOfMeasurePrice>4.1167</UnitOfMeasurePrice>
      <AllowDiscount>1</AllowDiscount>
      <ItemStatus>1</ItemStatus>
      <ItemId>97229</ItemId>
    </Item>
    <Item>
      <PriceUpdateDate>2015-10-15 11:15:36</PriceUpdateDate>
      <ItemCode>7290002439189</ItemCode>
      <ItemType>1</ItemType>
      <ItemName>גבינה צהובה מגורדת ע</ItemName>
      <ManufacturerName>נטו מלינדה סיימן</ManufacturerName>
      <ManufactureCountry>לא ידוע</ManufactureCountry>
      <ManufacturerItemDescription>גבינה צהובה מגורדת "עלמה" 500 גרם</ManufacturerItemDescription>
      <UnitQty>גרמים</UnitQty>
      <Quantity>500.00</Quantity>
      <UnitOfMeasure>100 גרם</UnitOfMeasure>
      <bIsWeighted>0</bIsWeighted>
      <QtyInPackage>1</QtyInPackage>
      <ItemPrice>19.50</ItemPrice>
      <UnitOfMeasurePrice>3.9000</UnitOfMeasurePrice>
      <AllowDiscount>1</AllowDiscount>
      <ItemStatus>1</ItemStatus>
      <ItemId>107435</ItemId>
    </Item>
    <Item>
      <PriceUpdateDate>2016-02-24 08:18:19</PriceUpdateDate>
      <ItemCode>4015600815479</ItemCode>
      <ItemType>1</ItemType>
      <ItemName>פנטן מרכך לשיער צבוע</ItemName>
      <ManufacturerName>פרוקטר אנד גמבל</ManufacturerName>
      <ManufactureCountry>רומניה</ManufactureCountry>
      <ManufacturerItemDescription>פנטן מרכך לשיקום שיער צבוע600מ</ManufacturerItemDescription>
      <UnitQty>מיליליטרים</UnitQty>
      <Quantity>600.00</Quantity>
      <UnitOfMeasure>100 מ"ל</UnitOfMeasure>
      <bIsWeighted>0</bIsWeighted>
      <QtyInPackage>1</QtyInPackage>
      <ItemPrice>24.70</ItemPrice>
      <UnitOfMeasurePrice>4.1167</UnitOfMeasurePrice>
      <AllowDiscount>1</AllowDiscount>
      <ItemStatus>1</ItemStatus>
      <ItemId>97230</ItemId>
    </Item>
    <Item>
      <PriceUpdateDate>2016-05-18 18:17:25</PriceUpdateDate>
      <ItemCode>8004860640026</ItemCode>
      <ItemType>1</ItemType>
      <ItemName>מאריני בישקוטים 200</ItemName>
      <ManufacturerName>ביסקוטיפיציו ורונה</ManufacturerName>
      <ManufactureCountry>לא ידוע</ManufactureCountry>
      <ManufacturerItemDescription>מאריני בישקוטים 200  גרם</ManufacturerItemDescription>
      <UnitQty>גרמים</UnitQty>
      <Quantity>200.00</Quantity>
      <UnitOfMeasure>100 גרם</UnitOfMeasure>
      <bIsWeighted>0</bIsWeighted>
      <QtyInPackage>1</QtyInPackage>
      <ItemPrice>6.90</ItemPrice>
      <UnitOfMeasurePrice>3.4500</UnitOfMeasurePrice>
      <AllowDiscount>1</AllowDiscount>
      <ItemStatus>1</ItemStatus>
      <ItemId>109502</ItemId>
    </Item>
    <Item>
      <PriceUpdateDate>2016-02-24 08:18:20</PriceUpdateDate>
      <ItemCode>4015600815592</ItemCode>
      <ItemType>1</ItemType>
      <ItemName>פנטן שמפו 2 ב1-קלאסי</ItemName>
      <ManufacturerName>פרוקטר אנד גמבל</ManufacturerName>
      <ManufactureCountry>רומניה</ManufactureCountry>
      <ManufacturerItemDescription>פנטן שמפו 2 ב 1-נוסחה קלאסי          600</ManufacturerItemDescription>
      <UnitQty>מיליליטרים</UnitQty>
      <Quantity>600.00</Quantity>
      <UnitOfMeasure>100 מ"ל</UnitOfMeasure>
      <bIsWeighted>0</bIsWeighted>
      <QtyInPackage>1</QtyInPackage>
      <ItemPrice>24.70</ItemPrice>
      <UnitOfMeasurePrice>4.1167</UnitOfMeasurePrice>
      <AllowDiscount>1</AllowDiscount>
      <ItemStatus>1</ItemStatus>
      <ItemId>97233</ItemId>
    </Item>
    <Item>
      <PriceUpdateDate>2015-01-01 00:00:00</PriceUpdateDate>
      <ItemCode>7290011131340</ItemCode>
      <ItemType>1</ItemType>
      <ItemName>גרנולה פקאן 500 גרם</ItemName>
      <ManufacturerName>גרין</ManufacturerName>
      <ManufactureCountry>מקדוניה</ManufactureCountry>
      <ManufacturerItemDescription>גרנולה פקאן 500 גרם</ManufacturerItemDescription>
      <UnitQty>גרמים</UnitQty>
      <Quantity>500.00</Quantity>
      <UnitOfMeasure>100 גרם</UnitOfMeasure>
      <bIsWeighted>0</bIsWeighted>
      <QtyInPackage>1</QtyInPackage>
      <ItemPrice>15.90</ItemPrice>
      <UnitOfMeasurePrice>3.1800</UnitOfMeasurePrice>
      <AllowDiscount>1</AllowDiscount>
      <ItemStatus>1</ItemStatus>
      <ItemId>97241</ItemId>
    </Item>
    <Item>
      <PriceUpdateDate>2015-10-01 06:14:47</PriceUpdateDate>
      <ItemCode>7290012117572</ItemCode>
      <ItemType>1</ItemType>
      <ItemName>כפפות לטקס        M</ItemName>
      <ManufacturerName>ווינפאק</ManufacturerName>
      <ManufactureCountry>לא ידוע</ManufactureCountry>
      <ManufacturerItemDescription>כפפות לטקס M סנו סושי</ManufacturerItemDescription>
      <UnitQty>Unknown </UnitQty>
      <Quantity>0.00</Quantity>
      <UnitOfMeasure>Unknown </UnitOfMeasure>
      <bIsWeighted>0</bIsWeighted>
      <QtyInPackage>1</QtyInPackage>
      <ItemPrice>21.70</ItemPrice>
      <UnitOfMeasurePrice>0.0000</UnitOfMeasurePrice>
      <AllowDiscount>1</AllowDiscount>
      <ItemStatus>1</ItemStatus>
      <ItemId>97244</ItemId>
    </Item>
    <Item>
      <PriceUpdateDate>2015-10-01 06:14:47</PriceUpdateDate>
      <ItemCode>7290012117589</ItemCode>
      <ItemType>1</ItemType>
      <ItemName>כפפות לטקס        L</ItemName>
      <ManufacturerName>ווינפאק</ManufacturerName>
      <ManufactureCountry>ישראל</ManufactureCountry>
      <ManufacturerItemDescription>כפפות לטקס L סנו סושי</ManufacturerItemDescription>
      <UnitQty>Unknown </UnitQty>
      <Quantity>0.00</Quantity>
      <UnitOfMeasure>Unknown </UnitOfMeasure>
      <bIsWeighted>0</bIsWeighted>
      <QtyInPackage>1</QtyInPackage>
      <ItemPrice>21.70</ItemPrice>
      <UnitOfMeasurePrice>0.0000</UnitOfMeasurePrice>
      <AllowDiscount>1</AllowDiscount>
      <ItemStatus>1</ItemStatus>
      <ItemId>97245</ItemId>
    </Item>
    <Item>
      <PriceUpdateDate>2015-10-01 06:14:47</PriceUpdateDate>
      <ItemCode>7290107280099</ItemCode>
      <ItemType>1</ItemType>
      <ItemName>מגבוני נייר טואלט</ItemName>
      <ManufacturerName>דגיל</ManufacturerName>
      <ManufactureCountry>ישראל</ManufactureCountry>
      <ManufacturerItemDescription>שלישיה מגבוני טואלט לחים</ManufacturerItemDescription>
      <UnitQty>Unknown </UnitQty>
      <Quantity>0.00</Quantity>
      <UnitOfMeasure>Unknown </UnitOfMeasure>
      <bIsWeighted>0</bIsWeighted>
      <QtyInPackage>1</QtyInPackage>
      <ItemPrice>20.70</ItemPrice>
      <UnitOfMeasurePrice>0.0000</UnitOfMeasurePrice>
      <AllowDiscount>1</AllowDiscount>
      <ItemStatus>1</ItemStatus>
      <ItemId>97305</ItemId>
    </Item>
    <Item>
      <PriceUpdateDate>2015-10-01 06:13:08</PriceUpdateDate>
      <ItemCode>783007983858</ItemCode>
      <ItemType>1</ItemType>
      <ItemName>פלייטקס טמפונים סופר</ItemName>
      <ManufacturerName>אנרג'ייזר</ManufacturerName>
      <ManufactureCountry>ארצות הברית</ManufactureCountry>
      <ManufacturerItemDescription>פלייטקס טמפונים+ מוליך סופר          18</ManufacturerItemDescription>
      <UnitQty>Unknown </UnitQty>
      <Quantity>0.00</Quantity>
      <UnitOfMeasure>Unknown </UnitOfMeasure>
      <bIsWeighted>0</bIsWeighted>
      <QtyInPackage>1</QtyInPackage>
      <ItemPrice>24.70</ItemPrice>
      <UnitOfMeasurePrice>0.0000</UnitOfMeasurePrice>
      <AllowDiscount>1</AllowDiscount>
      <ItemStatus>1</ItemStatus>
      <ItemId>97459</ItemId>
    </Item>
    <Item>
      <PriceUpdateDate>2015-01-01 00:00:00</PriceUpdateDate>
      <ItemCode>7290011598457</ItemCode>
      <ItemType>1</ItemType>
      <ItemName>נייר טואלט סופט לבן</ItemName>
      <ManufacturerName>סנו</ManufacturerName>
      <ManufactureCountry>ישראל</ManufactureCountry>
      <ManufacturerItemDescription>נייר טואלט סופט לבן 48 יחידות</ManufacturerItemDescription>
      <UnitQty>מטרים</UnitQty>
      <Quantity>88300.00</Quantity>
      <UnitOfMeasure>מטר</UnitOfMeasure>
      <bIsWeighted>0</bIsWeighted>
      <QtyInPackage>1</QtyInPackage>
      <ItemPrice>43.90</ItemPrice>
      <UnitOfMeasurePrice>0.0005</UnitOfMeasurePrice>
      <AllowDiscount>1</AllowDiscount>
      <ItemStatus>1</ItemStatus>
      <ItemId>97465</ItemId>
    </Item>
    <Item>
      <PriceUpdateDate>2015-10-01 06:14:16</PriceUpdateDate>
      <ItemCode>7290013412959</ItemCode>
      <ItemType>1</ItemType>
      <ItemName>מגבון בייביסיטר טו ג</ItemName>
      <ManufacturerName>dpl תעשיות מוצרים חד</ManufacturerName>
      <ManufactureCountry>ישראל</ManufactureCountry>
      <ManufacturerItemDescription>מגבון בייביסיטר טו גו 24 יח</ManufacturerItemDescription>
      <UnitQty>Unknown </UnitQty>
      <Quantity>0.00</Quantity>
      <UnitOfMeasure>Unknown </UnitOfMeasure>
      <bIsWeighted>0</bIsWeighted>
      <QtyInPackage>1</QtyInPackage>
      <ItemPrice>6.80</ItemPrice>
      <UnitOfMeasurePrice>0.0000</UnitOfMeasurePrice>
      <AllowDiscount>1</AllowDiscount>
      <ItemStatus>1</ItemStatus>
      <ItemId>97499</ItemId>
    </Item>
    <Item>
      <PriceUpdateDate>2016-06-07 08:19:31</PriceUpdateDate>
      <ItemCode>7290014217355</ItemCode>
      <ItemType>1</ItemType>
      <ItemName>אבקת קרי</ItemName>
      <ManufacturerName>תבליני טעם וריח</ManufacturerName>
      <ManufactureCountry>לא ידוע</ManufactureCountry>
      <ManufacturerItemDescription>אבקת קרי במיכל 100 גרם</ManufacturerItemDescription>
      <UnitQty>Unknown </UnitQty>
      <Quantity>0.00</Quantity>
      <UnitOfMeasure>Unknown </UnitOfMeasure>
      <bIsWeighted>0</bIsWeighted>
      <QtyInPackage>1</QtyInPackage>
      <ItemPrice>9.80</ItemPrice>
      <UnitOfMeasurePrice>0.0000</UnitOfMeasurePrice>
      <AllowDiscount>1</AllowDiscount>
      <ItemStatus>1</ItemStatus>
      <ItemId>97503</ItemId>
    </Item>
    <Item>
      <PriceUpdateDate>2016-06-07 08:19:31</PriceUpdateDate>
      <ItemCode>7290014217362</ItemCode>
      <ItemType>1</ItemType>
      <ItemName>תיבול לקציצות</ItemName>
      <ManufacturerName>תבליני טעם וריח</ManufacturerName>
      <ManufactureCountry>לא ידוע</ManufactureCountry>
      <ManufacturerItemDescription>תיבול לקציצות במיכל 100 גרם</ManufacturerItemDescription>
      <UnitQty>Unknown </UnitQty>
      <Quantity>0.00</Quantity>
      <UnitOfMeasure>Unknown </UnitOfMeasure>
      <bIsWeighted>0</bIsWeighted>
      <QtyInPackage>1</QtyInPackage>
      <ItemPrice>11.20</ItemPrice>
      <UnitOfMeasurePrice>0.0000</UnitOfMeasurePrice>
      <AllowDiscount>1</AllowDiscount>
      <ItemStatus>1</ItemStatus>
      <ItemId>97504</ItemId>
    </Item>
    <Item>
      <PriceUpdateDate>2015-10-01 06:26:54</PriceUpdateDate>
      <ItemCode>3607345397542</ItemCode>
      <ItemType>1</ItemType>
      <ItemName>בושם אדידסPURE GAME</ItemName>
      <ManufacturerName>יושלם</ManufacturerName>
      <ManufactureCountry>יושלם</ManufactureCountry>
      <ManufacturerItemDescription>אדידס                         PURE GAME</ManufacturerItemDescription>
      <UnitQty>Unknown </UnitQty>
      <Quantity>0.00</Quantity>
      <UnitOfMeasure>Unknown </UnitOfMeasure>
      <bIsWeighted>0</bIsWeighted>
      <QtyInPackage>1</QtyInPackage>
      <ItemPrice>39.50</ItemPrice>
      <UnitOfMeasurePrice>0.0000</UnitOfMeasurePrice>
      <AllowDiscount>1</AllowDiscount>
      <ItemStatus>1</ItemStatus>
      <ItemId>97874</ItemId>
    </Item>
    <Item>
      <PriceUpdateDate>2015-10-01 06:26:54</PriceUpdateDate>
      <ItemCode>3607345397597</ItemCode>
      <ItemType>1</ItemType>
      <ItemName>אדידס    TEAM FORCE</ItemName>
      <ManufacturerName>יושלם</ManufacturerName>
      <ManufactureCountry>יושלם</ManufactureCountry>
      <ManufacturerItemDescription>אדידס                        TEAM FORCE</ManufacturerItemDescription>
      <UnitQty>Unknown </UnitQty>
      <Quantity>0.00</Quantity>
      <UnitOfMeasure>Unknown </UnitOfMeasure>
      <bIsWeighted>0</bIsWeighted>
      <QtyInPackage>1</QtyInPackage>
      <ItemPrice>39.50</ItemPrice>
      <UnitOfMeasurePrice>0.0000</UnitOfMeasurePrice>
      <AllowDiscount>1</AllowDiscount>
      <ItemStatus>1</ItemStatus>
      <ItemId>97875</ItemId>
    </Item>
    <Item>
      <PriceUpdateDate>2016-06-07 08:18:50</PriceUpdateDate>
      <ItemCode>7290002787174</ItemCode>
      <ItemType>1</ItemType>
      <ItemName>מארז 1\3 טונה במים</ItemName>
      <ManufacturerName>ויליגר</ManufacturerName>
      <ManufactureCountry>לא ידוע</ManufactureCountry>
      <ManufacturerItemDescription>מארז 1\3 טונה במים140*3 גרם</ManufacturerItemDescription>
      <UnitQty>גרמים</UnitQty>
      <Quantity>420.00</Quantity>
      <UnitOfMeasure>100 גרם</UnitOfMeasure>
      <bIsWeighted>0</bIsWeighted>
      <QtyInPackage>1</QtyInPackage>
      <ItemPrice>18.70</ItemPrice>
      <UnitOfMeasurePrice>4.4524</UnitOfMeasurePrice>
      <AllowDiscount>1</AllowDiscount>
      <ItemStatus>1</ItemStatus>
      <ItemId>98191</ItemId>
    </Item>
    <Item>
      <PriceUpdateDate>2015-06-14 11:54:29</PriceUpdateDate>
      <ItemCode>7290102396580</ItemCode>
      <ItemType>1</ItemType>
      <ItemName>מעדן מוס שוקולד</ItemName>
      <ManufacturerName>טרה</ManufacturerName>
      <ManufactureCountry>ישראל</ManufactureCountry>
      <ManufacturerItemDescription>מעדן מוס שוקולד 123 גר                 "</ManufacturerItemDescription>
      <UnitQty>גרמים</UnitQty>
      <Quantity>123.00</Quantity>
      <UnitOfMeasure>100 גרם</UnitOfMeasure>
      <bIsWeighted>0</bIsWeighted>
      <QtyInPackage>1</QtyInPackage>
      <ItemPrice>2.90</ItemPrice>
      <UnitOfMeasurePrice>2.3577</UnitOfMeasurePrice>
      <AllowDiscount>1</AllowDiscount>
      <ItemStatus>1</ItemStatus>
      <ItemId>98201</ItemId>
    </Item>
    <Item>
      <PriceUpdateDate>2015-06-14 11:54:29</PriceUpdateDate>
      <ItemCode>7290102396597</ItemCode>
      <ItemType>1</ItemType>
      <ItemName>מעדן וניל מוס שוקולד</ItemName>
      <ManufacturerName>טרה</ManufacturerName>
      <ManufactureCountry>ישראל</ManufactureCountry>
      <ManufacturerItemDescription>מעדן וניל מוס שוקולד 123 גר            "</ManufacturerItemDescription>
      <UnitQty>גרמים</UnitQty>
      <Quantity>123.00</Quantity>
      <UnitOfMeasure>100 גרם</UnitOfMeasure>
      <bIsWeighted>0</bIsWeighted>
      <QtyInPackage>1</QtyInPackage>
      <ItemPrice>2.90</ItemPrice>
      <UnitOfMeasurePrice>2.3577</UnitOfMeasurePrice>
      <AllowDiscount>1</AllowDiscount>
      <ItemStatus>1</ItemStatus>
      <ItemId>98202</ItemId>
    </Item>
    <Item>
      <PriceUpdateDate>2015-06-08 13:38:04</PriceUpdateDate>
      <ItemCode>8004735031645</ItemCode>
      <ItemType>1</ItemType>
      <ItemName>מיני ביצי שוקולד</ItemName>
      <ManufacturerName>יושלם</ManufacturerName>
      <ManufactureCountry>יושלם</ManufactureCountry>
      <ManufacturerItemDescription>מיני ביצי שוקולד ספיידרמן</ManufacturerItemDescription>
      <UnitQty>גרמים</UnitQty>
      <Quantity>122.00</Quantity>
      <UnitOfMeasure>100 גרם</UnitOfMeasure>
      <bIsWeighted>0</bIsWeighted>
      <QtyInPackage>1</QtyInPackage>
      <ItemPrice>13.50</ItemPrice>
      <UnitOfMeasurePrice>11.0656</UnitOfMeasurePrice>
      <AllowDiscount>1</AllowDiscount>
      <ItemStatus>1</ItemStatus>
      <ItemId>98496</ItemId>
    </Item>
    <Item>
      <PriceUpdateDate>2015-01-01 00:00:00</PriceUpdateDate>
      <ItemCode>7290000168173</ItemCode>
      <ItemType>1</ItemType>
      <ItemName>ברנפלקס קרנצים</ItemName>
      <ManufacturerName>אתר שפע - Food</ManufacturerName>
      <ManufactureCountry>ישראל</ManufactureCountry>
      <ManufacturerItemDescription>ברנפלקס קרנצ"ים 375 גר "בדצ</ManufacturerItemDescription>
      <UnitQty>גרמים</UnitQty>
      <Quantity>375.00</Quantity>
      <UnitOfMeasure>100 גרם</UnitOfMeasure>
      <bIsWeighted>0</bIsWeighted>
      <QtyInPackage>1</QtyInPackage>
      <ItemPrice>27.00</ItemPrice>
      <UnitOfMeasurePrice>7.2000</UnitOfMeasurePrice>
      <AllowDiscount>1</AllowDiscount>
      <ItemStatus>1</ItemStatus>
      <ItemId>98494</ItemId>
    </Item>
    <Item>
      <PriceUpdateDate>2015-10-01 06:26:54</PriceUpdateDate>
      <ItemCode>8004735069280</ItemCode>
      <ItemType>1</ItemType>
      <ItemName>מיני ביצים מיני מאוס</ItemName>
      <ManufacturerName>יושלם</ManufacturerName>
      <ManufactureCountry>יושלם</ManufactureCountry>
      <ManufacturerItemDescription>מיני ביצי שוקולד מיני</ManufacturerItemDescription>
      <UnitQty>גרמים</UnitQty>
      <Quantity>122.00</Quantity>
      <UnitOfMeasure>100 גרם</UnitOfMeasure>
      <bIsWeighted>0</bIsWeighted>
      <QtyInPackage>1</QtyInPackage>
      <ItemPrice>13.40</ItemPrice>
      <UnitOfMeasurePrice>10.9836</UnitOfMeasurePrice>
      <AllowDiscount>1</AllowDiscount>
      <ItemStatus>1</ItemStatus>
      <ItemId>98497</ItemId>
    </Item>
    <Item>
      <PriceUpdateDate>2015-01-01 00:00:00</PriceUpdateDate>
      <ItemCode>7290101994916</ItemCode>
      <ItemType>1</ItemType>
      <ItemName>קנדי טוי מאורר נסיכו</ItemName>
      <ManufacturerName>סוויט מיפל</ManufacturerName>
      <ManufactureCountry>קנדה</ManufactureCountry>
      <ManufacturerItemDescription>קנדי טוי מאורר נסיכות</ManufacturerItemDescription>
      <UnitQty>Unknown </UnitQty>
      <Quantity>0.00</Quantity>
      <UnitOfMeasure>Unknown </UnitOfMeasure>
      <bIsWeighted>0</bIsWeighted>
      <QtyInPackage>1</QtyInPackage>
      <ItemPrice>24.90</ItemPrice>
      <UnitOfMeasurePrice>0.0000</UnitOfMeasurePrice>
      <AllowDiscount>1</AllowDiscount>
      <ItemStatus>1</ItemStatus>
      <ItemId>98502</ItemId>
    </Item>
    <Item>
      <PriceUpdateDate>2015-01-01 00:00:00</PriceUpdateDate>
      <ItemCode>7290101991816</ItemCode>
      <ItemType>1</ItemType>
      <ItemName>לקקן עם סוכריות קופצ</ItemName>
      <ManufacturerName>יושלם</ManufacturerName>
      <ManufactureCountry>יושלם</ManufactureCountry>
      <ManufacturerItemDescription>לקקן עם סוכריות קופצות ספיידרמן</ManufacturerItemDescription>
      <UnitQty>Unknown </UnitQty>
      <Quantity>0.00</Quantity>
      <UnitOfMeasure>Unknown </UnitOfMeasure>
      <bIsWeighted>0</bIsWeighted>
      <QtyInPackage>1</QtyInPackage>
      <ItemPrice>4.90</ItemPrice>
      <UnitOfMeasurePrice>0.0000</UnitOfMeasurePrice>
      <AllowDiscount>1</AllowDiscount>
      <ItemStatus>1</ItemStatus>
      <ItemId>98505</ItemId>
    </Item>
    <Item>
      <PriceUpdateDate>2015-01-01 00:00:00</PriceUpdateDate>
      <ItemCode>7290101991809</ItemCode>
      <ItemType>1</ItemType>
      <ItemName>לקקן עם סוכריות קופצ</ItemName>
      <ManufacturerName>יושלם</ManufacturerName>
      <ManufactureCountry>יושלם</ManufactureCountry>
      <ManufacturerItemDescription>לקקן עם סוכריות קופצות נסיכות</ManufacturerItemDescription>
      <UnitQty>Unknown </UnitQty>
      <Quantity>0.00</Quantity>
      <UnitOfMeasure>Unknown </UnitOfMeasure>
      <bIsWeighted>0</bIsWeighted>
      <QtyInPackage>1</QtyInPackage>
      <ItemPrice>4.90</ItemPrice>
      <UnitOfMeasurePrice>0.0000</UnitOfMeasurePrice>
      <AllowDiscount>1</AllowDiscount>
      <ItemStatus>1</ItemStatus>
      <ItemId>98507</ItemId>
    </Item>
    <Item>
      <PriceUpdateDate>2015-01-01 00:00:00</PriceUpdateDate>
      <ItemCode>7290107602099</ItemCode>
      <ItemType>1</ItemType>
      <ItemName>כובע סרוג צבעים</ItemName>
      <ManufacturerName>אודס</ManufacturerName>
      <ManufactureCountry>סין</ManufactureCountry>
      <ManufacturerItemDescription>כובע סרוג צבעים</ManufacturerItemDescription>
      <UnitQty>Unknown </UnitQty>
      <Quantity>0.00</Quantity>
      <UnitOfMeasure>Unknown </UnitOfMeasure>
      <bIsWeighted>0</bIsWeighted>
      <QtyInPackage>1</QtyInPackage>
      <ItemPrice>24.90</ItemPrice>
      <UnitOfMeasurePrice>0.0000</UnitOfMeasurePrice>
      <AllowDiscount>1</AllowDiscount>
      <ItemStatus>1</ItemStatus>
      <ItemId>98521</ItemId>
    </Item>
    <Item>
      <PriceUpdateDate>2015-01-01 00:00:00</PriceUpdateDate>
      <ItemCode>7290107600880</ItemCode>
      <ItemType>1</ItemType>
      <ItemName>כובע  ריב לבנות</ItemName>
      <ManufacturerName>אודס</ManufacturerName>
      <ManufactureCountry>סין</ManufactureCountry>
      <ManufacturerItemDescription>כובע  ריב לבנות</ManufacturerItemDescription>
      <UnitQty>Unknown </UnitQty>
      <Quantity>0.00</Quantity>
      <UnitOfMeasure>Unknown </UnitOfMeasure>
      <bIsWeighted>0</bIsWeighted>
      <QtyInPackage>1</QtyInPackage>
      <ItemPrice>19.90</ItemPrice>
      <UnitOfMeasurePrice>0.0000</UnitOfMeasurePrice>
      <AllowDiscount>1</AllowDiscount>
      <ItemStatus>1</ItemStatus>
      <ItemId>98526</ItemId>
    </Item>
    <Item>
      <PriceUpdateDate>2015-08-02 08:17:29</PriceUpdateDate>
      <ItemCode>4011800567613</ItemCode>
      <ItemType>1</ItemType>
      <ItemName>חטיף קורני סנדוויץ</ItemName>
      <ManufacturerName>Schwartauer</ManufacturerName>
      <ManufactureCountry>גרמניה</ManufactureCountry>
      <ManufacturerItemDescription>חטיף קורני סנדוויץ שחור לבן</ManufacturerItemDescription>
      <UnitQty>גרמים</UnitQty>
      <Quantity>120.00</Quantity>
      <UnitOfMeasure>100 גרם</UnitOfMeasure>
      <bIsWeighted>0</bIsWeighted>
      <QtyInPackage>1</QtyInPackage>
      <ItemPrice>14.90</ItemPrice>
      <UnitOfMeasurePrice>12.4167</UnitOfMeasurePrice>
      <AllowDiscount>1</AllowDiscount>
      <ItemStatus>1</ItemStatus>
      <ItemId>98649</ItemId>
    </Item>
    <Item>
      <PriceUpdateDate>2015-10-01 06:17:41</PriceUpdateDate>
      <ItemCode>7290005095375</ItemCode>
      <ItemType>1</ItemType>
      <ItemName>כוסות חד פעמי לבן</ItemName>
      <ManufacturerName>אר פלסט</ManufacturerName>
      <ManufactureCountry>טורקיה</ManufactureCountry>
      <ManufacturerItemDescription>כוסות חד פעמי לבן 100 יח               "</ManufacturerItemDescription>
      <UnitQty>Unknown </UnitQty>
      <Quantity>0.00</Quantity>
      <UnitOfMeasure>Unknown </UnitOfMeasure>
      <bIsWeighted>0</bIsWeighted>
      <QtyInPackage>1</QtyInPackage>
      <ItemPrice>5.90</ItemPrice>
      <UnitOfMeasurePrice>0.0000</UnitOfMeasurePrice>
      <AllowDiscount>1</AllowDiscount>
      <ItemStatus>1</ItemStatus>
      <ItemId>98718</ItemId>
    </Item>
    <Item>
      <PriceUpdateDate>2015-10-01 06:13:28</PriceUpdateDate>
      <ItemCode>7290105360878</ItemCode>
      <ItemType>1</ItemType>
      <ItemName>מארז תפוציפס</ItemName>
      <ManufacturerName>שטראוס גרופ</ManufacturerName>
      <ManufactureCountry>לא ידוע</ManufactureCountry>
      <ManufacturerItemDescription>מארז תפוציפס 50*4 גרם</ManufacturerItemDescription>
      <UnitQty>גרמים</UnitQty>
      <Quantity>200.00</Quantity>
      <UnitOfMeasure>100 גרם</UnitOfMeasure>
      <bIsWeighted>0</bIsWeighted>
      <QtyInPackage>1</QtyInPackage>
      <ItemPrice>12.80</ItemPrice>
      <UnitOfMeasurePrice>6.4000</UnitOfMeasurePrice>
      <AllowDiscount>1</AllowDiscount>
      <ItemStatus>1</ItemStatus>
      <ItemId>98906</ItemId>
    </Item>
    <Item>
      <PriceUpdateDate>2015-01-01 00:00:00</PriceUpdateDate>
      <ItemCode>7290014960114</ItemCode>
      <ItemType>1</ItemType>
      <ItemName>עוגיות גבינה וזיתים</ItemName>
      <ManufacturerName>לחם יין</ManufacturerName>
      <ManufactureCountry>ישראל</ManufactureCountry>
      <ManufacturerItemDescription>עוגיות גבינה וזיתים 190 גרם</ManufacturerItemDescription>
      <UnitQty>גרמים</UnitQty>
      <Quantity>190.00</Quantity>
      <UnitOfMeasure>100 גרם</UnitOfMeasure>
      <bIsWeighted>0</bIsWeighted>
      <QtyInPackage>1</QtyInPackage>
      <ItemPrice>19.90</ItemPrice>
      <UnitOfMeasurePrice>10.4737</UnitOfMeasurePrice>
      <AllowDiscount>1</AllowDiscount>
      <ItemStatus>1</ItemStatus>
      <ItemId>98956</ItemId>
    </Item>
    <Item>
      <PriceUpdateDate>2015-01-01 00:00:00</PriceUpdateDate>
      <ItemCode>7290014960145</ItemCode>
      <ItemType>1</ItemType>
      <ItemName>עוגיות אזני פיל</ItemName>
      <ManufacturerName>לחם יין</ManufacturerName>
      <ManufactureCountry>ישראל</ManufactureCountry>
      <ManufacturerItemDescription>עוגיות  אזני פיל 150 גרם</ManufacturerItemDescription>
      <UnitQty>גרמים</UnitQty>
      <Quantity>150.00</Quantity>
      <UnitOfMeasure>100 גרם</UnitOfMeasure>
      <bIsWeighted>0</bIsWeighted>
      <QtyInPackage>1</QtyInPackage>
      <ItemPrice>19.90</ItemPrice>
      <UnitOfMeasurePrice>13.2667</UnitOfMeasurePrice>
      <AllowDiscount>1</AllowDiscount>
      <ItemStatus>1</ItemStatus>
      <ItemId>98957</ItemId>
    </Item>
    <Item>
      <PriceUpdateDate>2015-01-01 00:00:00</PriceUpdateDate>
      <ItemCode>7290014960220</ItemCode>
      <ItemType>1</ItemType>
      <ItemName>עוגיות ביסקוטי</ItemName>
      <ManufacturerName>לחם יין</ManufacturerName>
      <ManufactureCountry>ישראל</ManufactureCountry>
      <ManufacturerItemDescription>עוגיות ביסקוטי לחם יין 230 גרם</ManufacturerItemDescription>
      <UnitQty>גרמים</UnitQty>
      <Quantity>230.00</Quantity>
      <UnitOfMeasure>100 גרם</UnitOfMeasure>
      <bIsWeighted>0</bIsWeighted>
      <QtyInPackage>1</QtyInPackage>
      <ItemPrice>19.90</ItemPrice>
      <UnitOfMeasurePrice>8.6522</UnitOfMeasurePrice>
      <AllowDiscount>1</AllowDiscount>
      <ItemStatus>1</ItemStatus>
      <ItemId>98959</ItemId>
    </Item>
    <Item>
      <PriceUpdateDate>2015-01-01 00:00:00</PriceUpdateDate>
      <ItemCode>7290106721531</ItemCode>
      <ItemType>1</ItemType>
      <ItemName>דוריטוס חמוץ מתוק</ItemName>
      <ManufacturerName>שטראוס גרופ</ManufacturerName>
      <ManufactureCountry>ישראל</ManufactureCountry>
      <ManufacturerItemDescription>דוריטוס חמוץ מתוק 70 גרם</ManufacturerItemDescription>
      <UnitQty>גרמים</UnitQty>
      <Quantity>70.00</Quantity>
      <UnitOfMeasure>100 גרם</UnitOfMeasure>
      <bIsWeighted>0</bIsWeighted>
      <QtyInPackage>1</QtyInPackage>
      <ItemPrice>3.90</ItemPrice>
      <UnitOfMeasurePrice>5.5714</UnitOfMeasurePrice>
      <AllowDiscount>1</AllowDiscount>
      <ItemStatus>1</ItemStatus>
      <ItemId>98963</ItemId>
    </Item>
    <Item>
      <PriceUpdateDate>2015-01-01 00:00:00</PriceUpdateDate>
      <ItemCode>7290106721609</ItemCode>
      <ItemType>1</ItemType>
      <ItemName>מארז דוריטוס חמוץ</ItemName>
      <ManufacturerName>שטראוס גרופ</ManufacturerName>
      <ManufactureCountry>ישראל</ManufactureCountry>
      <ManufacturerItemDescription>מארז דוריטוס חמוץ חריף40*6 גרם</ManufacturerItemDescription>
      <UnitQty>גרמים</UnitQty>
      <Quantity>240.00</Quantity>
      <UnitOfMeasure>100 גרם</UnitOfMeasure>
      <bIsWeighted>0</bIsWeighted>
      <QtyInPackage>6</QtyInPackage>
      <ItemPrice>12.00</ItemPrice>
      <UnitOfMeasurePrice>5.0000</UnitOfMeasurePrice>
      <AllowDiscount>1</AllowDiscount>
      <ItemStatus>1</ItemStatus>
      <ItemId>98965</ItemId>
    </Item>
    <Item>
      <PriceUpdateDate>2015-01-01 00:00:00</PriceUpdateDate>
      <ItemCode>80765790</ItemCode>
      <ItemType>1</ItemType>
      <ItemName>מנטוס 3D אניגמה</ItemName>
      <ManufacturerName>פרפטי ואן מלה</ManufacturerName>
      <ManufactureCountry>טורקיה</ManufactureCountry>
      <ManufacturerItemDescription>מנטוס 3D אניגמה</ManufacturerItemDescription>
      <UnitQty>Unknown </UnitQty>
      <Quantity>0.00</Quantity>
      <UnitOfMeasure>Unknown </UnitOfMeasure>
      <bIsWeighted>0</bIsWeighted>
      <QtyInPackage>1</QtyInPackage>
      <ItemPrice>7.30</ItemPrice>
      <UnitOfMeasurePrice>0.0000</UnitOfMeasurePrice>
      <AllowDiscount>1</AllowDiscount>
      <ItemStatus>1</ItemStatus>
      <ItemId>98990</ItemId>
    </Item>
    <Item>
      <PriceUpdateDate>2015-10-01 06:15:21</PriceUpdateDate>
      <ItemCode>7290015193023</ItemCode>
      <ItemType>1</ItemType>
      <ItemName>סויה יפני ווק</ItemName>
      <ManufacturerName>לינג סאוג האנג בע"מ</ManufacturerName>
      <ManufactureCountry>תאילנד</ManufactureCountry>
      <ManufacturerItemDescription>סויה יפני ווק 200 מל</ManufacturerItemDescription>
      <UnitQty>מיליליטרים</UnitQty>
      <Quantity>200.00</Quantity>
      <UnitOfMeasure>100 מ"ל</UnitOfMeasure>
      <bIsWeighted>0</bIsWeighted>
      <QtyInPackage>1</QtyInPackage>
      <ItemPrice>14.80</ItemPrice>
      <UnitOfMeasurePrice>7.4000</UnitOfMeasurePrice>
      <AllowDiscount>1</AllowDiscount>
      <ItemStatus>1</ItemStatus>
      <ItemId>99131</ItemId>
    </Item>
    <Item>
      <PriceUpdateDate>2015-01-01 00:00:00</PriceUpdateDate>
      <ItemCode>7290106656512</ItemCode>
      <ItemType>1</ItemType>
      <ItemName>בפלה טורטית</ItemName>
      <ManufacturerName>שטראוס גרופ</ManufacturerName>
      <ManufactureCountry>ישראל</ManufactureCountry>
      <ManufacturerItemDescription>בפלה טורטית 360 גרם</ManufacturerItemDescription>
      <UnitQty>גרמים</UnitQty>
      <Quantity>360.00</Quantity>
      <UnitOfMeasure>100 גרם</UnitOfMeasure>
      <bIsWeighted>0</bIsWeighted>
      <QtyInPackage>1</QtyInPackage>
      <ItemPrice>17.90</ItemPrice>
      <UnitOfMeasurePrice>4.9722</UnitOfMeasurePrice>
      <AllowDiscount>1</AllowDiscount>
      <ItemStatus>1</ItemStatus>
      <ItemId>99254</ItemId>
    </Item>
    <Item>
      <PriceUpdateDate>2015-10-01 06:13:29</PriceUpdateDate>
      <ItemCode>7290106722095</ItemCode>
      <ItemType>1</ItemType>
      <ItemName>באגט קראנצ"בטעם שום</ItemName>
      <ManufacturerName>שטראוס גרופ</ManufacturerName>
      <ManufactureCountry>ישראל</ManufactureCountry>
      <ManufacturerItemDescription>באגט קראנצ"בטעם שום 300 גרם</ManufacturerItemDescription>
      <UnitQty>גרמים</UnitQty>
      <Quantity>300.00</Quantity>
      <UnitOfMeasure>100 גרם</UnitOfMeasure>
      <bIsWeighted>0</bIsWeighted>
      <QtyInPackage>1</QtyInPackage>
      <ItemPrice>14.60</ItemPrice>
      <UnitOfMeasurePrice>4.8667</UnitOfMeasurePrice>
      <AllowDiscount>1</AllowDiscount>
      <ItemStatus>1</ItemStatus>
      <ItemId>99284</ItemId>
    </Item>
    <Item>
      <PriceUpdateDate>2015-10-01 06:13:29</PriceUpdateDate>
      <ItemCode>7290106722101</ItemCode>
      <ItemType>1</ItemType>
      <ItemName>באגט קראנצ"טעם טבעי</ItemName>
      <ManufacturerName>שטראוס גרופ</ManufacturerName>
      <ManufactureCountry>ישראל</ManufactureCountry>
      <ManufacturerItemDescription>באגט קראנצ"טעם טבע 300 גרם</ManufacturerItemDescription>
      <UnitQty>גרמים</UnitQty>
      <Quantity>300.00</Quantity>
      <UnitOfMeasure>100 גרם</UnitOfMeasure>
      <bIsWeighted>0</bIsWeighted>
      <QtyInPackage>1</QtyInPackage>
      <ItemPrice>14.60</ItemPrice>
      <UnitOfMeasurePrice>4.8667</UnitOfMeasurePrice>
      <AllowDiscount>1</AllowDiscount>
      <ItemStatus>1</ItemStatus>
      <ItemId>99285</ItemId>
    </Item>
    <Item>
      <PriceUpdateDate>2015-10-01 06:15:08</PriceUpdateDate>
      <ItemCode>8714789971230</ItemCode>
      <ItemType>1</ItemType>
      <ItemName>אגקס לניקוי כללי סבו</ItemName>
      <ManufacturerName>COLGATE (Greece)-PAL</ManufacturerName>
      <ManufactureCountry>יוון</ManufactureCountry>
      <ManufacturerItemDescription>אגקס לניקוי כללי סבון 2 ליטר</ManufacturerItemDescription>
      <UnitQty>ליטרים</UnitQty>
      <Quantity>2.00</Quantity>
      <UnitOfMeasure>ליטר</UnitOfMeasure>
      <bIsWeighted>0</bIsWeighted>
      <QtyInPackage>1</QtyInPackage>
      <ItemPrice>25.60</ItemPrice>
      <UnitOfMeasurePrice>12.8000</UnitOfMeasurePrice>
      <AllowDiscount>1</AllowDiscount>
      <ItemStatus>1</ItemStatus>
      <ItemId>99287</ItemId>
    </Item>
    <Item>
      <PriceUpdateDate>2016-05-19 11:23:44</PriceUpdateDate>
      <ItemCode>7290012028427</ItemCode>
      <ItemType>1</ItemType>
      <ItemName>טבק לגלגול מרלבורו</ItemName>
      <ManufacturerName>פיליפ מוריס</ManufacturerName>
      <ManufactureCountry>ארצות הברית</ManufactureCountry>
      <ManufacturerItemDescription>טבק לגלגול מרלבורו רד</ManufacturerItemDescription>
      <UnitQty>Unknown </UnitQty>
      <Quantity>0.00</Quantity>
      <UnitOfMeasure>Unknown </UnitOfMeasure>
      <bIsWeighted>0</bIsWeighted>
      <QtyInPackage>1</QtyInPackage>
      <ItemPrice>47.50</ItemPrice>
      <UnitOfMeasurePrice>0.0000</UnitOfMeasurePrice>
      <AllowDiscount>0</AllowDiscount>
      <ItemStatus>1</ItemStatus>
      <ItemId>99561</ItemId>
    </Item>
    <Item>
      <PriceUpdateDate>2015-10-01 06:13:08</PriceUpdateDate>
      <ItemCode>7290010049974</ItemCode>
      <ItemType>1</ItemType>
      <ItemName>עוגיות סנדוויץ</ItemName>
      <ManufacturerName>אפיפית</ManufacturerName>
      <ManufactureCountry>ישראל</ManufactureCountry>
      <ManufacturerItemDescription>עוגיות סנדוויץ שוקולד 150 גרם</ManufacturerItemDescription>
      <UnitQty>גרמים</UnitQty>
      <Quantity>150.00</Quantity>
      <UnitOfMeasure>100 גרם</UnitOfMeasure>
      <bIsWeighted>0</bIsWeighted>
      <QtyInPackage>1</QtyInPackage>
      <ItemPrice>8.30</ItemPrice>
      <UnitOfMeasurePrice>5.5333</UnitOfMeasurePrice>
      <AllowDiscount>1</AllowDiscount>
      <ItemStatus>1</ItemStatus>
      <ItemId>99691</ItemId>
    </Item>
    <Item>
      <PriceUpdateDate>2015-01-01 00:00:00</PriceUpdateDate>
      <ItemCode>7290014095960</ItemCode>
      <ItemType>1</ItemType>
      <ItemName>שיבולת שועל עבה</ItemName>
      <ManufacturerName>דין שיווק וקליה בע"מ</ManufacturerName>
      <ManufactureCountry>ישראל</ManufactureCountry>
      <ManufacturerItemDescription>שיבולת שועל עבה 500 גרם</ManufacturerItemDescription>
      <UnitQty>גרמים</UnitQty>
      <Quantity>500.00</Quantity>
      <UnitOfMeasure>100 גרם</UnitOfMeasure>
      <bIsWeighted>0</bIsWeighted>
      <QtyInPackage>1</QtyInPackage>
      <ItemPrice>6.50</ItemPrice>
      <UnitOfMeasurePrice>1.3000</UnitOfMeasurePrice>
      <AllowDiscount>1</AllowDiscount>
      <ItemStatus>1</ItemStatus>
      <ItemId>99695</ItemId>
    </Item>
    <Item>
      <PriceUpdateDate>2015-01-01 00:00:00</PriceUpdateDate>
      <ItemCode>8423207206488</ItemCode>
      <ItemType>1</ItemType>
      <ItemName>סלים דליס</ItemName>
      <ManufacturerName>י. מרבה ישראל בע"מ</ManufacturerName>
      <ManufactureCountry>ספרד</ManufactureCountry>
      <ManufacturerItemDescription>סלים דליס שוקולד חלב 120  גרם</ManufacturerItemDescription>
      <UnitQty>גרמים</UnitQty>
      <Quantity>120.00</Quantity>
      <UnitOfMeasure>100 גרם</UnitOfMeasure>
      <bIsWeighted>0</bIsWeighted>
      <QtyInPackage>1</QtyInPackage>
      <ItemPrice>14.90</ItemPrice>
      <UnitOfMeasurePrice>12.4167</UnitOfMeasurePrice>
      <AllowDiscount>1</AllowDiscount>
      <ItemStatus>1</ItemStatus>
      <ItemId>99714</ItemId>
    </Item>
    <Item>
      <PriceUpdateDate>2015-10-01 06:15:08</PriceUpdateDate>
      <ItemCode>8423207206495</ItemCode>
      <ItemType>1</ItemType>
      <ItemName>סלים דליס</ItemName>
      <ManufacturerName>י. מרבה ישראל בע"מ</ManufacturerName>
      <ManufactureCountry>ספרד</ManufactureCountry>
      <ManufacturerItemDescription>סלים דליס שוקולד מריר 120 גרם</ManufacturerItemDescription>
      <UnitQty>גרמים</UnitQty>
      <Quantity>120.00</Quantity>
      <UnitOfMeasure>100 גרם</UnitOfMeasure>
      <bIsWeighted>0</bIsWeighted>
      <QtyInPackage>1</QtyInPackage>
      <ItemPrice>14.80</ItemPrice>
      <UnitOfMeasurePrice>12.3333</UnitOfMeasurePrice>
      <AllowDiscount>1</AllowDiscount>
      <ItemStatus>1</ItemStatus>
      <ItemId>99715</ItemId>
    </Item>
    <Item>
      <PriceUpdateDate>2015-01-01 00:00:00</PriceUpdateDate>
      <ItemCode>7290100702628</ItemCode>
      <ItemType>1</ItemType>
      <ItemName>פתיתים אפויים קוסקוס</ItemName>
      <ManufacturerName>יושלם</ManufacturerName>
      <ManufactureCountry>לא ידוע</ManufactureCountry>
      <ManufacturerItemDescription>פתיתים אפויים קוסקוס 500 גרם</ManufacturerItemDescription>
      <UnitQty>גרמים</UnitQty>
      <Quantity>500.00</Quantity>
      <UnitOfMeasure>100 גרם</UnitOfMeasure>
      <bIsWeighted>0</bIsWeighted>
      <QtyInPackage>1</QtyInPackage>
      <ItemPrice>6.30</ItemPrice>
      <UnitOfMeasurePrice>1.2600</UnitOfMeasurePrice>
      <AllowDiscount>1</AllowDiscount>
      <ItemStatus>1</ItemStatus>
      <ItemId>99757</ItemId>
    </Item>
    <Item>
      <PriceUpdateDate>2016-04-14 07:35:05</PriceUpdateDate>
      <ItemCode>7290014905696</ItemCode>
      <ItemType>1</ItemType>
      <ItemName>הפי נוזל כלים לימון</ItemName>
      <ManufacturerName>מיפא</ManufacturerName>
      <ManufactureCountry>שוויץ</ManufactureCountry>
      <ManufacturerItemDescription>הפי נוזל כלים לימון 750מל</ManufacturerItemDescription>
      <UnitQty>מיליליטרים</UnitQty>
      <Quantity>750.00</Quantity>
      <UnitOfMeasure>100 מ"ל</UnitOfMeasure>
      <bIsWeighted>0</bIsWeighted>
      <QtyInPackage>1</QtyInPackage>
      <ItemPrice>8.90</ItemPrice>
      <UnitOfMeasurePrice>1.1867</UnitOfMeasurePrice>
      <AllowDiscount>1</AllowDiscount>
      <ItemStatus>1</ItemStatus>
      <ItemId>99879</ItemId>
    </Item>
    <Item>
      <PriceUpdateDate>2016-08-16 06:58:28</PriceUpdateDate>
      <ItemCode>7290105968067</ItemCode>
      <ItemType>1</ItemType>
      <ItemName>חומוס לניגוב</ItemName>
      <ManufacturerName>שטראוס גרופ</ManufacturerName>
      <ManufactureCountry>ישראל</ManufactureCountry>
      <ManufacturerItemDescription>חומוס לניגוב על גרגרים 400 גר</ManufacturerItemDescription>
      <UnitQty>גרמים</UnitQty>
      <Quantity>400.00</Quantity>
      <UnitOfMeasure>100 גרם</UnitOfMeasure>
      <bIsWeighted>0</bIsWeighted>
      <QtyInPackage>1</QtyInPackage>
      <ItemPrice>12.20</ItemPrice>
      <UnitOfMeasurePrice>3.0500</UnitOfMeasurePrice>
      <AllowDiscount>1</AllowDiscount>
      <ItemStatus>1</ItemStatus>
      <ItemId>100222</ItemId>
    </Item>
    <Item>
      <PriceUpdateDate>2015-10-01 06:15:31</PriceUpdateDate>
      <ItemCode>7290013584816</ItemCode>
      <ItemType>1</ItemType>
      <ItemName>משקל פריגת לימונענע</ItemName>
      <ManufacturerName>מבשלות בירה</ManufacturerName>
      <ManufactureCountry>ישראל</ManufactureCountry>
      <ManufacturerItemDescription>משקל פריגת לימונענע 1.5 ליטר</ManufacturerItemDescription>
      <UnitQty>ליטרים</UnitQty>
      <Quantity>1.50</Quantity>
      <UnitOfMeasure>ליטר</UnitOfMeasure>
      <bIsWeighted>0</bIsWeighted>
      <QtyInPackage>1</QtyInPackage>
      <ItemPrice>6.80</ItemPrice>
      <UnitOfMeasurePrice>4.5333</UnitOfMeasurePrice>
      <AllowDiscount>1</AllowDiscount>
      <ItemStatus>1</ItemStatus>
      <ItemId>100238</ItemId>
    </Item>
    <Item>
      <PriceUpdateDate>2015-10-01 06:16:51</PriceUpdateDate>
      <ItemCode>7290014218086</ItemCode>
      <ItemType>1</ItemType>
      <ItemName>זוג פיצות משפחתיות</ItemName>
      <ManufacturerName>מעדנות</ManufacturerName>
      <ManufactureCountry>ישראל</ManufactureCountry>
      <ManufacturerItemDescription>זוג פיצות משפחתיות בחבק</ManufacturerItemDescription>
      <UnitQty>קילוגרמים</UnitQty>
      <Quantity>1.00</Quantity>
      <UnitOfMeasure>ק"ג</UnitOfMeasure>
      <bIsWeighted>0</bIsWeighted>
      <QtyInPackage>1</QtyInPackage>
      <ItemPrice>33.60</ItemPrice>
      <UnitOfMeasurePrice>33.6000</UnitOfMeasurePrice>
      <AllowDiscount>1</AllowDiscount>
      <ItemStatus>1</ItemStatus>
      <ItemId>100316</ItemId>
    </Item>
    <Item>
      <PriceUpdateDate>2016-06-07 08:18:50</PriceUpdateDate>
      <ItemCode>7290013284662</ItemCode>
      <ItemType>1</ItemType>
      <ItemName>רוטב פיצה פיתה</ItemName>
      <ManufacturerName>פריניר (הדס 1987) בע</ManufacturerName>
      <ManufactureCountry>לא ידוע</ManufactureCountry>
      <ManufacturerItemDescription>רוטב פיצה פיתה 240 גרם</ManufacturerItemDescription>
      <UnitQty>גרמים</UnitQty>
      <Quantity>240.00</Quantity>
      <UnitOfMeasure>100 גרם</UnitOfMeasure>
      <bIsWeighted>0</bIsWeighted>
      <QtyInPackage>1</QtyInPackage>
      <ItemPrice>5.80</ItemPrice>
      <UnitOfMeasurePrice>2.4167</UnitOfMeasurePrice>
      <AllowDiscount>1</AllowDiscount>
      <ItemStatus>1</ItemStatus>
      <ItemId>100395</ItemId>
    </Item>
    <Item>
      <PriceUpdateDate>2015-10-01 06:14:48</PriceUpdateDate>
      <ItemCode>7290013268198</ItemCode>
      <ItemType>1</ItemType>
      <ItemName>כיף תחליב רחצה מאסק</ItemName>
      <ManufacturerName>קוסמופארם</ManufacturerName>
      <ManufactureCountry>ישראל</ManufactureCountry>
      <ManufacturerItemDescription>כיף תחליב רחצה מאסק ויסמין          750</ManufacturerItemDescription>
      <UnitQty>מיליליטרים</UnitQty>
      <Quantity>750.00</Quantity>
      <UnitOfMeasure>100 מ"ל</UnitOfMeasure>
      <bIsWeighted>0</bIsWeighted>
      <QtyInPackage>1</QtyInPackage>
      <ItemPrice>12.80</ItemPrice>
      <UnitOfMeasurePrice>1.7067</UnitOfMeasurePrice>
      <AllowDiscount>1</AllowDiscount>
      <ItemStatus>1</ItemStatus>
      <ItemId>100398</ItemId>
    </Item>
    <Item>
      <PriceUpdateDate>2015-10-12 08:31:25</PriceUpdateDate>
      <ItemCode>7290014094802</ItemCode>
      <ItemType>1</ItemType>
      <ItemName>שזיף שקית  300 גרם</ItemName>
      <ManufacturerName>דין שיווק וקליה בע"מ</ManufacturerName>
      <ManufactureCountry>לא ידוע</ManufactureCountry>
      <ManufacturerItemDescription>שזיף שקית  300 גרם</ManufacturerItemDescription>
      <UnitQty>גרמים</UnitQty>
      <Quantity>300.00</Quantity>
      <UnitOfMeasure>100 גרם</UnitOfMeasure>
      <bIsWeighted>0</bIsWeighted>
      <QtyInPackage>1</QtyInPackage>
      <ItemPrice>15.70</ItemPrice>
      <UnitOfMeasurePrice>5.2333</UnitOfMeasurePrice>
      <AllowDiscount>1</AllowDiscount>
      <ItemStatus>1</ItemStatus>
      <ItemId>100644</ItemId>
    </Item>
    <Item>
      <PriceUpdateDate>2015-10-09 08:14:57</PriceUpdateDate>
      <ItemCode>7290014094826</ItemCode>
      <ItemType>1</ItemType>
      <ItemName>שזיף מגולען 300 גרם</ItemName>
      <ManufacturerName>דין שיווק וקליה בע"מ</ManufacturerName>
      <ManufactureCountry>לא ידוע</ManufactureCountry>
      <ManufacturerItemDescription>שזיף מגולען 300 גרם</ManufacturerItemDescription>
      <UnitQty>גרמים</UnitQty>
      <Quantity>300.00</Quantity>
      <UnitOfMeasure>100 גרם</UnitOfMeasure>
      <bIsWeighted>0</bIsWeighted>
      <QtyInPackage>1</QtyInPackage>
      <ItemPrice>15.90</ItemPrice>
      <UnitOfMeasurePrice>5.3000</UnitOfMeasurePrice>
      <AllowDiscount>1</AllowDiscount>
      <ItemStatus>1</ItemStatus>
      <ItemId>100645</ItemId>
    </Item>
    <Item>
      <PriceUpdateDate>2016-04-27 06:31:31</PriceUpdateDate>
      <ItemCode>7290019297208</ItemCode>
      <ItemType>1</ItemType>
      <ItemName>חטיף גרנולה עם פירות</ItemName>
      <ManufacturerName>ויטליה</ManufacturerName>
      <ManufactureCountry>מקדוניה</ManufactureCountry>
      <ManufacturerItemDescription>חטיף גרנולה עם פירות יבשים</ManufacturerItemDescription>
      <UnitQty>גרמים</UnitQty>
      <Quantity>175.00</Quantity>
      <UnitOfMeasure>100 גרם</UnitOfMeasure>
      <bIsWeighted>0</bIsWeighted>
      <QtyInPackage>1</QtyInPackage>
      <ItemPrice>14.80</ItemPrice>
      <UnitOfMeasurePrice>8.4571</UnitOfMeasurePrice>
      <AllowDiscount>1</AllowDiscount>
      <ItemStatus>1</ItemStatus>
      <ItemId>100646</ItemId>
    </Item>
    <Item>
      <PriceUpdateDate>2016-04-27 06:31:31</PriceUpdateDate>
      <ItemCode>7290019297192</ItemCode>
      <ItemType>1</ItemType>
      <ItemName>חטיף גרנולה עם שקדים</ItemName>
      <ManufacturerName>ויטליה</ManufacturerName>
      <ManufactureCountry>מקדוניה</ManufactureCountry>
      <ManufacturerItemDescription>חטיף גרנולה עם שקדים ושוקולד</ManufacturerItemDescription>
      <UnitQty>גרמים</UnitQty>
      <Quantity>175.00</Quantity>
      <UnitOfMeasure>100 גרם</UnitOfMeasure>
      <bIsWeighted>0</bIsWeighted>
      <QtyInPackage>1</QtyInPackage>
      <ItemPrice>14.80</ItemPrice>
      <UnitOfMeasurePrice>8.4571</UnitOfMeasurePrice>
      <AllowDiscount>1</AllowDiscount>
      <ItemStatus>1</ItemStatus>
      <ItemId>100647</ItemId>
    </Item>
    <Item>
      <PriceUpdateDate>2015-12-15 13:18:25</PriceUpdateDate>
      <ItemCode>7290019297550</ItemCode>
      <ItemType>1</ItemType>
      <ItemName>בוטנים מטוגנים  185</ItemName>
      <ManufacturerName>רד איגל</ManufacturerName>
      <ManufactureCountry>סין</ManufactureCountry>
      <ManufacturerItemDescription>בוטנים מטוגנים  185 גרם</ManufacturerItemDescription>
      <UnitQty>גרמים</UnitQty>
      <Quantity>185.00</Quantity>
      <UnitOfMeasure>100 גרם</UnitOfMeasure>
      <bIsWeighted>0</bIsWeighted>
      <QtyInPackage>1</QtyInPackage>
      <ItemPrice>10.80</ItemPrice>
      <UnitOfMeasurePrice>5.8378</UnitOfMeasurePrice>
      <AllowDiscount>1</AllowDiscount>
      <ItemStatus>1</ItemStatus>
      <ItemId>100667</ItemId>
    </Item>
    <Item>
      <PriceUpdateDate>2015-10-01 06:16:35</PriceUpdateDate>
      <ItemCode>7290014094543</ItemCode>
      <ItemType>1</ItemType>
      <ItemName>תרסיס שמן קנולה  170</ItemName>
      <ManufacturerName>גאטה</ManufacturerName>
      <ManufactureCountry>טורקיה</ManufactureCountry>
      <ManufacturerItemDescription>תרסיס שמן קנולה  170 גרם</ManufacturerItemDescription>
      <UnitQty>גרמים</UnitQty>
      <Quantity>170.00</Quantity>
      <UnitOfMeasure>100 גרם</UnitOfMeasure>
      <bIsWeighted>0</bIsWeighted>
      <QtyInPackage>1</QtyInPackage>
      <ItemPrice>14.60</ItemPrice>
      <UnitOfMeasurePrice>8.5882</UnitOfMeasurePrice>
      <AllowDiscount>1</AllowDiscount>
      <ItemStatus>1</ItemStatus>
      <ItemId>100670</ItemId>
    </Item>
    <Item>
      <PriceUpdateDate>2015-10-12 08:31:25</PriceUpdateDate>
      <ItemCode>7290014094833</ItemCode>
      <ItemType>1</ItemType>
      <ItemName>צימוק לבן שקית  300</ItemName>
      <ManufacturerName>דין שיווק וקליה בע"מ</ManufacturerName>
      <ManufactureCountry>ארצות הברית</ManufactureCountry>
      <ManufacturerItemDescription>צימוק לבן שקית  300 גרם</ManufacturerItemDescription>
      <UnitQty>גרמים</UnitQty>
      <Quantity>300.00</Quantity>
      <UnitOfMeasure>100 גרם</UnitOfMeasure>
      <bIsWeighted>0</bIsWeighted>
      <QtyInPackage>1</QtyInPackage>
      <ItemPrice>14.50</ItemPrice>
      <UnitOfMeasurePrice>4.8333</UnitOfMeasurePrice>
      <AllowDiscount>1</AllowDiscount>
      <ItemStatus>1</ItemStatus>
      <ItemId>100671</ItemId>
    </Item>
    <Item>
      <PriceUpdateDate>2015-11-23 08:53:38</PriceUpdateDate>
      <ItemCode>7290014094840</ItemCode>
      <ItemType>1</ItemType>
      <ItemName>צימוק חום שקית  300</ItemName>
      <ManufacturerName>דין שיווק וקליה בע"מ</ManufacturerName>
      <ManufactureCountry>ארצות הברית</ManufactureCountry>
      <ManufacturerItemDescription>צימוק חום שקית  300 גרם</ManufacturerItemDescription>
      <UnitQty>גרמים</UnitQty>
      <Quantity>300.00</Quantity>
      <UnitOfMeasure>100 גרם</UnitOfMeasure>
      <bIsWeighted>0</bIsWeighted>
      <QtyInPackage>1</QtyInPackage>
      <ItemPrice>14.90</ItemPrice>
      <UnitOfMeasurePrice>4.9667</UnitOfMeasurePrice>
      <AllowDiscount>1</AllowDiscount>
      <ItemStatus>1</ItemStatus>
      <ItemId>100672</ItemId>
    </Item>
    <Item>
      <PriceUpdateDate>2016-06-15 07:40:00</PriceUpdateDate>
      <ItemCode>7290014603813</ItemCode>
      <ItemType>1</ItemType>
      <ItemName>גלידה קרמיסימו וניל</ItemName>
      <ManufacturerName>שטראוס גלידות</ManufacturerName>
      <ManufactureCountry>ישראל</ManufactureCountry>
      <ManufacturerItemDescription>גלידה קרמיסימו וניל מסטיק</ManufacturerItemDescription>
      <UnitQty>ליטרים</UnitQty>
      <Quantity>1.33</Quantity>
      <UnitOfMeasure>ליטר</UnitOfMeasure>
      <bIsWeighted>0</bIsWeighted>
      <QtyInPackage>1</QtyInPackage>
      <ItemPrice>25.90</ItemPrice>
      <UnitOfMeasurePrice>19.4737</UnitOfMeasurePrice>
      <AllowDiscount>1</AllowDiscount>
      <ItemStatus>1</ItemStatus>
      <ItemId>100817</ItemId>
    </Item>
    <Item>
      <PriceUpdateDate>2015-01-01 00:00:00</PriceUpdateDate>
      <ItemCode>7290014761070</ItemCode>
      <ItemType>1</ItemType>
      <ItemName>YOLOשוקולד לבן</ItemName>
      <ManufacturerName>תנובה מרכז שיתופי לש</ManufacturerName>
      <ManufactureCountry>ישראל</ManufactureCountry>
      <ManufacturerItemDescription>YOLOשוקולד לבן מעולה</ManufacturerItemDescription>
      <UnitQty>גרמים</UnitQty>
      <Quantity>123.00</Quantity>
      <UnitOfMeasure>100 גרם</UnitOfMeasure>
      <bIsWeighted>0</bIsWeighted>
      <QtyInPackage>1</QtyInPackage>
      <ItemPrice>4.30</ItemPrice>
      <UnitOfMeasurePrice>3.4959</UnitOfMeasurePrice>
      <AllowDiscount>1</AllowDiscount>
      <ItemStatus>1</ItemStatus>
      <ItemId>100861</ItemId>
    </Item>
    <Item>
      <PriceUpdateDate>2015-10-01 06:16:32</PriceUpdateDate>
      <ItemCode>7290000197425</ItemCode>
      <ItemType>1</ItemType>
      <ItemName>פרידום דריי       3</ItemName>
      <ManufacturerName>חוגלה קימברלי</ManufacturerName>
      <ManufactureCountry>ישראל</ManufactureCountry>
      <ManufacturerItemDescription>פרידום דריי שלב                       3</ManufacturerItemDescription>
      <UnitQty>Unknown </UnitQty>
      <Quantity>0.00</Quantity>
      <UnitOfMeasure>Unknown </UnitOfMeasure>
      <bIsWeighted>0</bIsWeighted>
      <QtyInPackage>1</QtyInPackage>
      <ItemPrice>44.50</ItemPrice>
      <UnitOfMeasurePrice>0.0000</UnitOfMeasurePrice>
      <AllowDiscount>1</AllowDiscount>
      <ItemStatus>1</ItemStatus>
      <ItemId>101074</ItemId>
    </Item>
    <Item>
      <PriceUpdateDate>2015-10-01 06:16:32</PriceUpdateDate>
      <ItemCode>7290000197456</ItemCode>
      <ItemType>1</ItemType>
      <ItemName>פרידום דריי       4</ItemName>
      <ManufacturerName>חוגלה קימברלי</ManufacturerName>
      <ManufactureCountry>ישראל</ManufactureCountry>
      <ManufacturerItemDescription>פרידום דריי שלב                       4</ManufacturerItemDescription>
      <UnitQty>Unknown </UnitQty>
      <Quantity>0.00</Quantity>
      <UnitOfMeasure>Unknown </UnitOfMeasure>
      <bIsWeighted>0</bIsWeighted>
      <QtyInPackage>1</QtyInPackage>
      <ItemPrice>44.50</ItemPrice>
      <UnitOfMeasurePrice>0.0000</UnitOfMeasurePrice>
      <AllowDiscount>1</AllowDiscount>
      <ItemStatus>1</ItemStatus>
      <ItemId>101075</ItemId>
    </Item>
    <Item>
      <PriceUpdateDate>2015-10-01 06:16:32</PriceUpdateDate>
      <ItemCode>7290000197548</ItemCode>
      <ItemType>1</ItemType>
      <ItemName>פרידום דריי       5</ItemName>
      <ManufacturerName>חוגלה קימברלי</ManufacturerName>
      <ManufactureCountry>ישראל</ManufactureCountry>
      <ManufacturerItemDescription>פרידום דריי שלב                       5</ManufacturerItemDescription>
      <UnitQty>Unknown </UnitQty>
      <Quantity>0.00</Quantity>
      <UnitOfMeasure>Unknown </UnitOfMeasure>
      <bIsWeighted>0</bIsWeighted>
      <QtyInPackage>1</QtyInPackage>
      <ItemPrice>44.50</ItemPrice>
      <UnitOfMeasurePrice>0.0000</UnitOfMeasurePrice>
      <AllowDiscount>1</AllowDiscount>
      <ItemStatus>1</ItemStatus>
      <ItemId>101076</ItemId>
    </Item>
    <Item>
      <PriceUpdateDate>2015-10-01 06:16:32</PriceUpdateDate>
      <ItemCode>7290000197678</ItemCode>
      <ItemType>1</ItemType>
      <ItemName>פרידום דריי       6</ItemName>
      <ManufacturerName>חוגלה קימברלי</ManufacturerName>
      <ManufactureCountry>ישראל</ManufactureCountry>
      <ManufacturerItemDescription>פרידום דריי שלב                       6</ManufacturerItemDescription>
      <UnitQty>Unknown </UnitQty>
      <Quantity>0.00</Quantity>
      <UnitOfMeasure>Unknown </UnitOfMeasure>
      <bIsWeighted>0</bIsWeighted>
      <QtyInPackage>1</QtyInPackage>
      <ItemPrice>44.50</ItemPrice>
      <UnitOfMeasurePrice>0.0000</UnitOfMeasurePrice>
      <AllowDiscount>1</AllowDiscount>
      <ItemStatus>1</ItemStatus>
      <ItemId>101077</ItemId>
    </Item>
    <Item>
      <PriceUpdateDate>2015-10-01 06:15:21</PriceUpdateDate>
      <ItemCode>7290003220762</ItemCode>
      <ItemType>1</ItemType>
      <ItemName>מקלוני אורז עובי 2 מ</ItemName>
      <ManufacturerName>אסיאן סופירה פודס חב</ManufacturerName>
      <ManufactureCountry>תאילנד</ManufactureCountry>
      <ManufacturerItemDescription>מקלוני אורז עובי 2 ממ 400 גרם</ManufacturerItemDescription>
      <UnitQty>גרמים</UnitQty>
      <Quantity>400.00</Quantity>
      <UnitOfMeasure>100 גרם</UnitOfMeasure>
      <bIsWeighted>0</bIsWeighted>
      <QtyInPackage>1</QtyInPackage>
      <ItemPrice>7.40</ItemPrice>
      <UnitOfMeasurePrice>1.8500</UnitOfMeasurePrice>
      <AllowDiscount>1</AllowDiscount>
      <ItemStatus>1</ItemStatus>
      <ItemId>101106</ItemId>
    </Item>
    <Item>
      <PriceUpdateDate>2016-05-19 11:22:06</PriceUpdateDate>
      <ItemCode>7290014217164</ItemCode>
      <ItemType>1</ItemType>
      <ItemName>פטרוזיליה מיכל 20 גר</ItemName>
      <ManufacturerName>תבליני טעם וריח</ManufacturerName>
      <ManufactureCountry>ישראל</ManufactureCountry>
      <ManufacturerItemDescription>פטרוזיליה מיכל 20 גר</ManufacturerItemDescription>
      <UnitQty>Unknown </UnitQty>
      <Quantity>0.00</Quantity>
      <UnitOfMeasure>Unknown </UnitOfMeasure>
      <bIsWeighted>0</bIsWeighted>
      <QtyInPackage>1</QtyInPackage>
      <ItemPrice>10.80</ItemPrice>
      <UnitOfMeasurePrice>0.0000</UnitOfMeasurePrice>
      <AllowDiscount>1</AllowDiscount>
      <ItemStatus>1</ItemStatus>
      <ItemId>101131</ItemId>
    </Item>
    <Item>
      <PriceUpdateDate>2015-08-12 06:10:51</PriceUpdateDate>
      <ItemCode>7290106660915</ItemCode>
      <ItemType>1</ItemType>
      <ItemName>חטיף מקופלת מריר כשל</ItemName>
      <ManufacturerName>שטראוס גרופ</ManufacturerName>
      <ManufactureCountry>לא ידוע</ManufactureCountry>
      <ManufacturerItemDescription>חטיף מקופלת מריר כשל"פ</ManufacturerItemDescription>
      <UnitQty>גרמים</UnitQty>
      <Quantity>33.00</Quantity>
      <UnitOfMeasure>100 גרם</UnitOfMeasure>
      <bIsWeighted>0</bIsWeighted>
      <QtyInPackage>1</QtyInPackage>
      <ItemPrice>4.60</ItemPrice>
      <UnitOfMeasurePrice>13.9394</UnitOfMeasurePrice>
      <AllowDiscount>1</AllowDiscount>
      <ItemStatus>1</ItemStatus>
      <ItemId>101147</ItemId>
    </Item>
    <Item>
      <PriceUpdateDate>2016-05-19 11:17:54</PriceUpdateDate>
      <ItemCode>7290106666092</ItemCode>
      <ItemType>1</ItemType>
      <ItemName>שוקולד פרה לבן תות</ItemName>
      <ManufacturerName>שטראוס גרופ</ManufacturerName>
      <ManufactureCountry>לא ידוע</ManufactureCountry>
      <ManufacturerItemDescription>שוקולד פרה לבן תות 100 גרם</ManufacturerItemDescription>
      <UnitQty>גרמים</UnitQty>
      <Quantity>100.00</Quantity>
      <UnitOfMeasure>100 גרם</UnitOfMeasure>
      <bIsWeighted>0</bIsWeighted>
      <QtyInPackage>1</QtyInPackage>
      <ItemPrice>6.60</ItemPrice>
      <UnitOfMeasurePrice>6.6000</UnitOfMeasurePrice>
      <AllowDiscount>1</AllowDiscount>
      <ItemStatus>1</ItemStatus>
      <ItemId>101154</ItemId>
    </Item>
    <Item>
      <PriceUpdateDate>2015-10-01 06:14:48</PriceUpdateDate>
      <ItemCode>7290107280723</ItemCode>
      <ItemType>1</ItemType>
      <ItemName>נ.כלים ספארק לימון</ItemName>
      <ManufacturerName>סנו</ManufacturerName>
      <ManufactureCountry>ישראל</ManufactureCountry>
      <ManufacturerItemDescription>נוזל כלים ספארק לימון 700 מל</ManufacturerItemDescription>
      <UnitQty>מיליליטרים</UnitQty>
      <Quantity>700.00</Quantity>
      <UnitOfMeasure>100 מ"ל</UnitOfMeasure>
      <bIsWeighted>0</bIsWeighted>
      <QtyInPackage>1</QtyInPackage>
      <ItemPrice>9.80</ItemPrice>
      <UnitOfMeasurePrice>1.4000</UnitOfMeasurePrice>
      <AllowDiscount>1</AllowDiscount>
      <ItemStatus>1</ItemStatus>
      <ItemId>101183</ItemId>
    </Item>
    <Item>
      <PriceUpdateDate>2015-10-01 06:14:48</PriceUpdateDate>
      <ItemCode>7290107280730</ItemCode>
      <ItemType>1</ItemType>
      <ItemName>נ .כלים ספארק לבנדר</ItemName>
      <ManufacturerName>סנו</ManufacturerName>
      <ManufactureCountry>ישראל</ManufactureCountry>
      <ManufacturerItemDescription>נוזל כלים ספארק לבנדר 700 מל</ManufacturerItemDescription>
      <UnitQty>מיליליטרים</UnitQty>
      <Quantity>700.00</Quantity>
      <UnitOfMeasure>100 מ"ל</UnitOfMeasure>
      <bIsWeighted>0</bIsWeighted>
      <QtyInPackage>1</QtyInPackage>
      <ItemPrice>10.80</ItemPrice>
      <UnitOfMeasurePrice>1.5429</UnitOfMeasurePrice>
      <AllowDiscount>1</AllowDiscount>
      <ItemStatus>1</ItemStatus>
      <ItemId>101184</ItemId>
    </Item>
    <Item>
      <PriceUpdateDate>2015-10-01 06:14:48</PriceUpdateDate>
      <ItemCode>7290107280747</ItemCode>
      <ItemType>1</ItemType>
      <ItemName>נ .כלים ספארק קלאסי</ItemName>
      <ManufacturerName>סנו</ManufacturerName>
      <ManufactureCountry>ישראל</ManufactureCountry>
      <ManufacturerItemDescription>נוזל כלים ספארק קלאסי 700 מל</ManufacturerItemDescription>
      <UnitQty>מיליליטרים</UnitQty>
      <Quantity>700.00</Quantity>
      <UnitOfMeasure>100 מ"ל</UnitOfMeasure>
      <bIsWeighted>0</bIsWeighted>
      <QtyInPackage>1</QtyInPackage>
      <ItemPrice>10.80</ItemPrice>
      <UnitOfMeasurePrice>1.5429</UnitOfMeasurePrice>
      <AllowDiscount>1</AllowDiscount>
      <ItemStatus>1</ItemStatus>
      <ItemId>101185</ItemId>
    </Item>
    <Item>
      <PriceUpdateDate>2015-10-01 06:14:48</PriceUpdateDate>
      <ItemCode>7290107280754</ItemCode>
      <ItemType>1</ItemType>
      <ItemName>נוזל כלים ספארק שקד</ItemName>
      <ManufacturerName>סנו</ManufacturerName>
      <ManufactureCountry>ישראל</ManufactureCountry>
      <ManufacturerItemDescription>נוזל כלים ספארק שקד 700 מל</ManufacturerItemDescription>
      <UnitQty>מיליליטרים</UnitQty>
      <Quantity>700.00</Quantity>
      <UnitOfMeasure>100 מ"ל</UnitOfMeasure>
      <bIsWeighted>0</bIsWeighted>
      <QtyInPackage>1</QtyInPackage>
      <ItemPrice>10.80</ItemPrice>
      <UnitOfMeasurePrice>1.5429</UnitOfMeasurePrice>
      <AllowDiscount>1</AllowDiscount>
      <ItemStatus>1</ItemStatus>
      <ItemId>101186</ItemId>
    </Item>
    <Item>
      <PriceUpdateDate>2015-10-01 06:16:35</PriceUpdateDate>
      <ItemCode>7290014094505</ItemCode>
      <ItemType>1</ItemType>
      <ItemName>אורז בסמטי טהור 1 ק"</ItemName>
      <ManufacturerName>דין שיווק וקליה בע"מ</ManufacturerName>
      <ManufactureCountry>הודו</ManufactureCountry>
      <ManufacturerItemDescription>אורז בסמטי טהור 1 קג אהרוני</ManufacturerItemDescription>
      <UnitQty>לא מנהל יחידת מידה</UnitQty>
      <Quantity>0.01</Quantity>
      <UnitOfMeasure>לא מנהל יחידת מידה</UnitOfMeasure>
      <bIsWeighted>0</bIsWeighted>
      <QtyInPackage>1</QtyInPackage>
      <ItemPrice>13.80</ItemPrice>
      <UnitOfMeasurePrice>1380.0000</UnitOfMeasurePrice>
      <AllowDiscount>1</AllowDiscount>
      <ItemStatus>1</ItemStatus>
      <ItemId>101206</ItemId>
    </Item>
    <Item>
      <PriceUpdateDate>2015-10-01 06:16:36</PriceUpdateDate>
      <ItemCode>7290014094499</ItemCode>
      <ItemType>1</ItemType>
      <ItemName>אורז יסמין טהור 1 ק"</ItemName>
      <ManufacturerName>דין שיווק וקליה בע"מ</ManufacturerName>
      <ManufactureCountry>תאילנד</ManufactureCountry>
      <ManufacturerItemDescription>אורז יסמין טהור 1 קג אהרוני</ManufacturerItemDescription>
      <UnitQty>לא מנהל יחידת מידה</UnitQty>
      <Quantity>0.01</Quantity>
      <UnitOfMeasure>לא מנהל יחידת מידה</UnitOfMeasure>
      <bIsWeighted>0</bIsWeighted>
      <QtyInPackage>1</QtyInPackage>
      <ItemPrice>11.80</ItemPrice>
      <UnitOfMeasurePrice>1180.0000</UnitOfMeasurePrice>
      <AllowDiscount>1</AllowDiscount>
      <ItemStatus>1</ItemStatus>
      <ItemId>101207</ItemId>
    </Item>
    <Item>
      <PriceUpdateDate>2015-10-01 06:13:30</PriceUpdateDate>
      <ItemCode>7290106662810</ItemCode>
      <ItemType>1</ItemType>
      <ItemName>פריכי אורז מצופה מרי</ItemName>
      <ManufacturerName>שטראוס גרופ</ManufacturerName>
      <ManufactureCountry>לא ידוע</ManufactureCountry>
      <ManufacturerItemDescription>פריכי אורז מצופה מריר כשל"פ</ManufacturerItemDescription>
      <UnitQty>גרמים</UnitQty>
      <Quantity>70.00</Quantity>
      <UnitOfMeasure>100 גרם</UnitOfMeasure>
      <bIsWeighted>0</bIsWeighted>
      <QtyInPackage>1</QtyInPackage>
      <ItemPrice>8.80</ItemPrice>
      <UnitOfMeasurePrice>12.5714</UnitOfMeasurePrice>
      <AllowDiscount>1</AllowDiscount>
      <ItemStatus>1</ItemStatus>
      <ItemId>101244</ItemId>
    </Item>
    <Item>
      <PriceUpdateDate>2016-06-15 07:40:02</PriceUpdateDate>
      <ItemCode>7290107870061</ItemCode>
      <ItemType>1</ItemType>
      <ItemName>גויה בציפוי שוקולד מ</ItemName>
      <ManufacturerName>נגה גלידות</ManufacturerName>
      <ManufactureCountry>ישראל</ManufactureCountry>
      <ManufacturerItemDescription>גויה בציפוי שוקולד מריר ואגוזים</ManufacturerItemDescription>
      <UnitQty>גרמים</UnitQty>
      <Quantity>78.00</Quantity>
      <UnitOfMeasure>100 גרם</UnitOfMeasure>
      <bIsWeighted>0</bIsWeighted>
      <QtyInPackage>1</QtyInPackage>
      <ItemPrice>11.80</ItemPrice>
      <UnitOfMeasurePrice>15.1282</UnitOfMeasurePrice>
      <AllowDiscount>1</AllowDiscount>
      <ItemStatus>1</ItemStatus>
      <ItemId>101320</ItemId>
    </Item>
    <Item>
      <PriceUpdateDate>2016-06-15 07:40:02</PriceUpdateDate>
      <ItemCode>7290107870047</ItemCode>
      <ItemType>1</ItemType>
      <ItemName>אקסטרים ענק בראווניז</ItemName>
      <ManufacturerName>נגה גלידות</ManufacturerName>
      <ManufactureCountry>ישראל</ManufactureCountry>
      <ManufacturerItemDescription>אקסטרים ענק בראווניז</ManufacturerItemDescription>
      <UnitQty>גרמים</UnitQty>
      <Quantity>78.00</Quantity>
      <UnitOfMeasure>100 גרם</UnitOfMeasure>
      <bIsWeighted>0</bIsWeighted>
      <QtyInPackage>1</QtyInPackage>
      <ItemPrice>11.80</ItemPrice>
      <UnitOfMeasurePrice>15.1282</UnitOfMeasurePrice>
      <AllowDiscount>1</AllowDiscount>
      <ItemStatus>1</ItemStatus>
      <ItemId>101321</ItemId>
    </Item>
    <Item>
      <PriceUpdateDate>2015-10-01 06:16:32</PriceUpdateDate>
      <ItemCode>7290000197463</ItemCode>
      <ItemType>1</ItemType>
      <ItemName>חיתולים פרידום דריי</ItemName>
      <ManufacturerName>חוגלה קימברלי</ManufacturerName>
      <ManufactureCountry>לא ידוע</ManufactureCountry>
      <ManufacturerItemDescription>פרידום דריי שלב                      +4</ManufacturerItemDescription>
      <UnitQty>יחידה   </UnitQty>
      <Quantity>1.00</Quantity>
      <UnitOfMeasure>יחידה   </UnitOfMeasure>
      <bIsWeighted>0</bIsWeighted>
      <QtyInPackage>1</QtyInPackage>
      <ItemPrice>44.50</ItemPrice>
      <UnitOfMeasurePrice>44.5000</UnitOfMeasurePrice>
      <AllowDiscount>1</AllowDiscount>
      <ItemStatus>1</ItemStatus>
      <ItemId>101332</ItemId>
    </Item>
    <Item>
      <PriceUpdateDate>2015-01-01 00:00:00</PriceUpdateDate>
      <ItemCode>7290107280761</ItemCode>
      <ItemType>1</ItemType>
      <ItemName>נוזל כלים לימון</ItemName>
      <ManufacturerName>סנו</ManufacturerName>
      <ManufactureCountry>ישראל</ManufactureCountry>
      <ManufacturerItemDescription>ספארק נוזל כלים לימון 1 ליטר</ManufacturerItemDescription>
      <UnitQty>ליטרים</UnitQty>
      <Quantity>1.00</Quantity>
      <UnitOfMeasure>ליטר</UnitOfMeasure>
      <bIsWeighted>0</bIsWeighted>
      <QtyInPackage>1</QtyInPackage>
      <ItemPrice>14.90</ItemPrice>
      <UnitOfMeasurePrice>14.9000</UnitOfMeasurePrice>
      <AllowDiscount>1</AllowDiscount>
      <ItemStatus>1</ItemStatus>
      <ItemId>101400</ItemId>
    </Item>
    <Item>
      <PriceUpdateDate>2015-10-01 06:14:21</PriceUpdateDate>
      <ItemCode>7290001041147</ItemCode>
      <ItemType>1</ItemType>
      <ItemName>חומוס 1 קג</ItemName>
      <ManufacturerName>יושלם</ManufacturerName>
      <ManufactureCountry>יושלם</ManufactureCountry>
      <ManufacturerItemDescription>חומוס 1 ק"ג</ManufacturerItemDescription>
      <UnitQty>קילוגרמים</UnitQty>
      <Quantity>1.00</Quantity>
      <UnitOfMeasure>ק"ג</UnitOfMeasure>
      <bIsWeighted>0</bIsWeighted>
      <QtyInPackage>1</QtyInPackage>
      <ItemPrice>11.80</ItemPrice>
      <UnitOfMeasurePrice>11.8000</UnitOfMeasurePrice>
      <AllowDiscount>1</AllowDiscount>
      <ItemStatus>1</ItemStatus>
      <ItemId>101425</ItemId>
    </Item>
    <Item>
      <PriceUpdateDate>2015-10-01 06:16:32</PriceUpdateDate>
      <ItemCode>7290000189079</ItemCode>
      <ItemType>1</ItemType>
      <ItemName>תבניות אינגליש ניקול</ItemName>
      <ManufacturerName>בראבו</ManufacturerName>
      <ManufactureCountry>סין</ManufactureCountry>
      <ManufacturerItemDescription>תבניות אינגליש ניקול</ManufacturerItemDescription>
      <UnitQty>Unknown </UnitQty>
      <Quantity>0.00</Quantity>
      <UnitOfMeasure>Unknown </UnitOfMeasure>
      <bIsWeighted>0</bIsWeighted>
      <QtyInPackage>1</QtyInPackage>
      <ItemPrice>13.80</ItemPrice>
      <UnitOfMeasurePrice>0.0000</UnitOfMeasurePrice>
      <AllowDiscount>1</AllowDiscount>
      <ItemStatus>1</ItemStatus>
      <ItemId>101445</ItemId>
    </Item>
    <Item>
      <PriceUpdateDate>2015-10-01 06:16:32</PriceUpdateDate>
      <ItemCode>7290000189116</ItemCode>
      <ItemType>1</ItemType>
      <ItemName>תבניות עגולות ניקול</ItemName>
      <ManufacturerName>בראבו</ManufacturerName>
      <ManufactureCountry>סין</ManufactureCountry>
      <ManufacturerItemDescription>תבניות עגולות ניקול</ManufacturerItemDescription>
      <UnitQty>Unknown </UnitQty>
      <Quantity>0.00</Quantity>
      <UnitOfMeasure>Unknown </UnitOfMeasure>
      <bIsWeighted>0</bIsWeighted>
      <QtyInPackage>1</QtyInPackage>
      <ItemPrice>13.80</ItemPrice>
      <UnitOfMeasurePrice>0.0000</UnitOfMeasurePrice>
      <AllowDiscount>1</AllowDiscount>
      <ItemStatus>1</ItemStatus>
      <ItemId>101446</ItemId>
    </Item>
    <Item>
      <PriceUpdateDate>2015-10-01 06:16:32</PriceUpdateDate>
      <ItemCode>7290000189246</ItemCode>
      <ItemType>1</ItemType>
      <ItemName>תבניות מאפינס ניקול</ItemName>
      <ManufacturerName>בראבו</ManufacturerName>
      <ManufactureCountry>סין</ManufactureCountry>
      <ManufacturerItemDescription>תבניות מאפינס ניקול</ManufacturerItemDescription>
      <UnitQty>Unknown </UnitQty>
      <Quantity>0.00</Quantity>
      <UnitOfMeasure>Unknown </UnitOfMeasure>
      <bIsWeighted>0</bIsWeighted>
      <QtyInPackage>1</QtyInPackage>
      <ItemPrice>13.80</ItemPrice>
      <UnitOfMeasurePrice>0.0000</UnitOfMeasurePrice>
      <AllowDiscount>1</AllowDiscount>
      <ItemStatus>1</ItemStatus>
      <ItemId>101447</ItemId>
    </Item>
    <Item>
      <PriceUpdateDate>2015-10-01 06:16:24</PriceUpdateDate>
      <ItemCode>7290107870894</ItemCode>
      <ItemType>1</ItemType>
      <ItemName>גויה שוקו אגוז</ItemName>
      <ManufacturerName>נגה גלידות</ManufacturerName>
      <ManufactureCountry>ישראל</ManufactureCountry>
      <ManufacturerItemDescription>גויה שוקו אגוז</ManufacturerItemDescription>
      <UnitQty>גרמים</UnitQty>
      <Quantity>77.00</Quantity>
      <UnitOfMeasure>100 גרם</UnitOfMeasure>
      <bIsWeighted>0</bIsWeighted>
      <QtyInPackage>1</QtyInPackage>
      <ItemPrice>10.80</ItemPrice>
      <UnitOfMeasurePrice>14.0260</UnitOfMeasurePrice>
      <AllowDiscount>1</AllowDiscount>
      <ItemStatus>1</ItemStatus>
      <ItemId>101466</ItemId>
    </Item>
    <Item>
      <PriceUpdateDate>2015-01-01 00:00:00</PriceUpdateDate>
      <ItemCode>9002859080364</ItemCode>
      <ItemType>1</ItemType>
      <ItemName>גונץ ברוסקטה שום</ItemName>
      <ManufacturerName>GUNZ WARENHANDELS</ManufacturerName>
      <ManufactureCountry>אוסטריה</ManufactureCountry>
      <ManufacturerItemDescription>גונץ ברוסקטה שום</ManufacturerItemDescription>
      <UnitQty>גרמים</UnitQty>
      <Quantity>240.00</Quantity>
      <UnitOfMeasure>100 גרם</UnitOfMeasure>
      <bIsWeighted>0</bIsWeighted>
      <QtyInPackage>1</QtyInPackage>
      <ItemPrice>14.90</ItemPrice>
      <UnitOfMeasurePrice>6.2083</UnitOfMeasurePrice>
      <AllowDiscount>1</AllowDiscount>
      <ItemStatus>1</ItemStatus>
      <ItemId>101543</ItemId>
    </Item>
    <Item>
      <PriceUpdateDate>2016-05-04 12:59:52</PriceUpdateDate>
      <ItemCode>7290104962745</ItemCode>
      <ItemType>1</ItemType>
      <ItemName>סקין גארד ספרייSP 30</ItemName>
      <ManufacturerName>אמיליה קוסמטיקס</ManufacturerName>
      <ManufactureCountry>ישראל</ManufactureCountry>
      <ManufacturerItemDescription>סקין גארד ספריי                  SPF 30</ManufacturerItemDescription>
      <UnitQty>מיליליטרים</UnitQty>
      <Quantity>300.00</Quantity>
      <UnitOfMeasure>100 מ"ל</UnitOfMeasure>
      <bIsWeighted>0</bIsWeighted>
      <QtyInPackage>1</QtyInPackage>
      <ItemPrice>48.90</ItemPrice>
      <UnitOfMeasurePrice>16.3000</UnitOfMeasurePrice>
      <AllowDiscount>1</AllowDiscount>
      <ItemStatus>1</ItemStatus>
      <ItemId>101768</ItemId>
    </Item>
    <Item>
      <PriceUpdateDate>2015-10-01 06:13:46</PriceUpdateDate>
      <ItemCode>7290003806454</ItemCode>
      <ItemType>1</ItemType>
      <ItemName>קניידל אוורירי</ItemName>
      <ManufacturerName>יושלם</ManufacturerName>
      <ManufactureCountry>יושלם</ManufactureCountry>
      <ManufacturerItemDescription>תערובת להכנת כדורי מצה</ManufacturerItemDescription>
      <UnitQty>גרמים</UnitQty>
      <Quantity>128.00</Quantity>
      <UnitOfMeasure>100 גרם</UnitOfMeasure>
      <bIsWeighted>0</bIsWeighted>
      <QtyInPackage>1</QtyInPackage>
      <ItemPrice>14.60</ItemPrice>
      <UnitOfMeasurePrice>11.4062</UnitOfMeasurePrice>
      <AllowDiscount>1</AllowDiscount>
      <ItemStatus>1</ItemStatus>
      <ItemId>101773</ItemId>
    </Item>
    <Item>
      <PriceUpdateDate>2016-02-22 08:09:08</PriceUpdateDate>
      <ItemCode>5908234807486</ItemCode>
      <ItemType>1</ItemType>
      <ItemName>ביסקויט מצופה שוקולד</ItemName>
      <ManufacturerName>פליס ז.פ.א</ManufacturerName>
      <ManufactureCountry>פולין</ManufactureCountry>
      <ManufacturerItemDescription>ביסקויט מצופה שוקולד חלב פליס ריטו</ManufacturerItemDescription>
      <UnitQty>גרמים</UnitQty>
      <Quantity>125.00</Quantity>
      <UnitOfMeasure>100 גרם</UnitOfMeasure>
      <bIsWeighted>0</bIsWeighted>
      <QtyInPackage>1</QtyInPackage>
      <ItemPrice>9.90</ItemPrice>
      <UnitOfMeasurePrice>7.9200</UnitOfMeasurePrice>
      <AllowDiscount>1</AllowDiscount>
      <ItemStatus>1</ItemStatus>
      <ItemId>101949</ItemId>
    </Item>
    <Item>
      <PriceUpdateDate>2015-10-01 06:14:48</PriceUpdateDate>
      <ItemCode>7290108350128</ItemCode>
      <ItemType>1</ItemType>
      <ItemName>שקית אשפה חזקה סנו</ItemName>
      <ManufacturerName>אשפלסט</ManufacturerName>
      <ManufactureCountry>ישראל</ManufactureCountry>
      <ManufacturerItemDescription>שקית אשפה חזקה סנו סושי 40 יח</ManufacturerItemDescription>
      <UnitQty>Unknown </UnitQty>
      <Quantity>0.00</Quantity>
      <UnitOfMeasure>Unknown </UnitOfMeasure>
      <bIsWeighted>0</bIsWeighted>
      <QtyInPackage>1</QtyInPackage>
      <ItemPrice>26.60</ItemPrice>
      <UnitOfMeasurePrice>0.0000</UnitOfMeasurePrice>
      <AllowDiscount>1</AllowDiscount>
      <ItemStatus>1</ItemStatus>
      <ItemId>102059</ItemId>
    </Item>
    <Item>
      <PriceUpdateDate>2015-08-02 08:17:24</PriceUpdateDate>
      <ItemCode>7290005287213</ItemCode>
      <ItemType>1</ItemType>
      <ItemName>טונה סטארקיסט בשמן</ItemName>
      <ManufacturerName>סקארקיסט</ManufacturerName>
      <ManufactureCountry>לא ידוע</ManufactureCountry>
      <ManufacturerItemDescription>טונה סטארקיסט בשמן 640 1/4 בדצ</ManufacturerItemDescription>
      <UnitQty>גרמים</UnitQty>
      <Quantity>640.00</Quantity>
      <UnitOfMeasure>100 גרם</UnitOfMeasure>
      <bIsWeighted>0</bIsWeighted>
      <QtyInPackage>1</QtyInPackage>
      <ItemPrice>25.70</ItemPrice>
      <UnitOfMeasurePrice>4.0156</UnitOfMeasurePrice>
      <AllowDiscount>1</AllowDiscount>
      <ItemStatus>1</ItemStatus>
      <ItemId>102147</ItemId>
    </Item>
    <Item>
      <PriceUpdateDate>2016-03-27 09:39:04</PriceUpdateDate>
      <ItemCode>7290002787709</ItemCode>
      <ItemType>1</ItemType>
      <ItemName>גבינה צהובה אדם עלמה</ItemName>
      <ManufacturerName>נטו מלינדה סיימן</ManufacturerName>
      <ManufactureCountry>ישראל</ManufactureCountry>
      <ManufacturerItemDescription>גבינה צהובה אדם עלמה 150 גר</ManufacturerItemDescription>
      <UnitQty>גרמים</UnitQty>
      <Quantity>150.00</Quantity>
      <UnitOfMeasure>100 גרם</UnitOfMeasure>
      <bIsWeighted>0</bIsWeighted>
      <QtyInPackage>1</QtyInPackage>
      <ItemPrice>6.00</ItemPrice>
      <UnitOfMeasurePrice>4.0000</UnitOfMeasurePrice>
      <AllowDiscount>1</AllowDiscount>
      <ItemStatus>1</ItemStatus>
      <ItemId>102244</ItemId>
    </Item>
    <Item>
      <PriceUpdateDate>2016-03-27 09:39:04</PriceUpdateDate>
      <ItemCode>7290002787693</ItemCode>
      <ItemType>1</ItemType>
      <ItemName>גבינה צהובה גאודה</ItemName>
      <ManufacturerName>נטו מלינדה סיימן</ManufacturerName>
      <ManufactureCountry>ישראל</ManufactureCountry>
      <ManufacturerItemDescription>גבינה צהובה גאודה עלמה 150 גר</ManufacturerItemDescription>
      <UnitQty>גרמים</UnitQty>
      <Quantity>150.00</Quantity>
      <UnitOfMeasure>100 גרם</UnitOfMeasure>
      <bIsWeighted>0</bIsWeighted>
      <QtyInPackage>1</QtyInPackage>
      <ItemPrice>6.00</ItemPrice>
      <UnitOfMeasurePrice>4.0000</UnitOfMeasurePrice>
      <AllowDiscount>1</AllowDiscount>
      <ItemStatus>1</ItemStatus>
      <ItemId>102245</ItemId>
    </Item>
    <Item>
      <PriceUpdateDate>2016-02-11 11:19:43</PriceUpdateDate>
      <ItemCode>7290102396948</ItemCode>
      <ItemType>1</ItemType>
      <ItemName>חלב 1 3% ליטר קרטון</ItemName>
      <ManufacturerName>טרה</ManufacturerName>
      <ManufactureCountry>ישראל</ManufactureCountry>
      <ManufacturerItemDescription>חלב 1 3% ל.קרטון פיקוח</ManufacturerItemDescription>
      <UnitQty>ליטרים</UnitQty>
      <Quantity>1.00</Quantity>
      <UnitOfMeasure>ליטר</UnitOfMeasure>
      <bIsWeighted>0</bIsWeighted>
      <QtyInPackage>1</QtyInPackage>
      <ItemPrice>5.70</ItemPrice>
      <UnitOfMeasurePrice>5.7000</UnitOfMeasurePrice>
      <AllowDiscount>1</AllowDiscount>
      <ItemStatus>1</ItemStatus>
      <ItemId>102607</ItemId>
    </Item>
    <Item>
      <PriceUpdateDate>2015-11-01 09:42:23</PriceUpdateDate>
      <ItemCode>7290101868972</ItemCode>
      <ItemType>1</ItemType>
      <ItemName>טבליות פיניש    AIO</ItemName>
      <ManufacturerName>פיניש</ManufacturerName>
      <ManufactureCountry>פולין</ManufactureCountry>
      <ManufacturerItemDescription>טבליות פיניש 24 AIO יח</ManufacturerItemDescription>
      <UnitQty>Unknown </UnitQty>
      <Quantity>0.00</Quantity>
      <UnitOfMeasure>Unknown </UnitOfMeasure>
      <bIsWeighted>0</bIsWeighted>
      <QtyInPackage>1</QtyInPackage>
      <ItemPrice>29.90</ItemPrice>
      <UnitOfMeasurePrice>0.0000</UnitOfMeasurePrice>
      <AllowDiscount>1</AllowDiscount>
      <ItemStatus>1</ItemStatus>
      <ItemId>102666</ItemId>
    </Item>
    <Item>
      <PriceUpdateDate>2015-08-12 06:10:53</PriceUpdateDate>
      <ItemCode>7290106667594</ItemCode>
      <ItemType>1</ItemType>
      <ItemName>דנונה אפרסק      0%</ItemName>
      <ManufacturerName>שטראוס גרופ</ManufacturerName>
      <ManufactureCountry>ישראל</ManufactureCountry>
      <ManufacturerItemDescription>דנונה אפרסק                          0%</ManufacturerItemDescription>
      <UnitQty>גרמים</UnitQty>
      <Quantity>150.00</Quantity>
      <UnitOfMeasure>100 גרם</UnitOfMeasure>
      <bIsWeighted>0</bIsWeighted>
      <QtyInPackage>1</QtyInPackage>
      <ItemPrice>5.00</ItemPrice>
      <UnitOfMeasurePrice>3.3333</UnitOfMeasurePrice>
      <AllowDiscount>1</AllowDiscount>
      <ItemStatus>1</ItemStatus>
      <ItemId>102696</ItemId>
    </Item>
    <Item>
      <PriceUpdateDate>2015-09-29 09:33:03</PriceUpdateDate>
      <ItemCode>7702018320028</ItemCode>
      <ItemType>1</ItemType>
      <ItemName>סכ.גילוח מאך 3 טורבו</ItemName>
      <ManufacturerName>P&amp;G</ManufacturerName>
      <ManufactureCountry>פולין</ManufactureCountry>
      <ManufacturerItemDescription>סכיני גילוח מאך 3 טורבו רביעיה</ManufacturerItemDescription>
      <UnitQty>Unknown </UnitQty>
      <Quantity>0.00</Quantity>
      <UnitOfMeasure>Unknown </UnitOfMeasure>
      <bIsWeighted>0</bIsWeighted>
      <QtyInPackage>1</QtyInPackage>
      <ItemPrice>64.70</ItemPrice>
      <UnitOfMeasurePrice>0.0000</UnitOfMeasurePrice>
      <AllowDiscount>1</AllowDiscount>
      <ItemStatus>1</ItemStatus>
      <ItemId>102722</ItemId>
    </Item>
    <Item>
      <PriceUpdateDate>2015-10-01 06:16:49</PriceUpdateDate>
      <ItemCode>7290015150118</ItemCode>
      <ItemType>1</ItemType>
      <ItemName>עגבניות חתוכות דק</ItemName>
      <ManufacturerName>אמיליאנה קונסרב ס.פ.</ManufacturerName>
      <ManufactureCountry>איטליה</ManufactureCountry>
      <ManufacturerItemDescription>עגבניות חתוכות דק 400 1/3 גר</ManufacturerItemDescription>
      <UnitQty>קילוגרמים</UnitQty>
      <Quantity>1.20</Quantity>
      <UnitOfMeasure>ק"ג</UnitOfMeasure>
      <bIsWeighted>0</bIsWeighted>
      <QtyInPackage>1</QtyInPackage>
      <ItemPrice>18.70</ItemPrice>
      <UnitOfMeasurePrice>15.5833</UnitOfMeasurePrice>
      <AllowDiscount>1</AllowDiscount>
      <ItemStatus>1</ItemStatus>
      <ItemId>102727</ItemId>
    </Item>
    <Item>
      <PriceUpdateDate>2015-08-12 06:10:51</PriceUpdateDate>
      <ItemCode>7290106663879</ItemCode>
      <ItemType>1</ItemType>
      <ItemName>חטיף וופל שוקו וניל</ItemName>
      <ManufacturerName>שטראוס גרופ</ManufacturerName>
      <ManufactureCountry>ישראל</ManufactureCountry>
      <ManufacturerItemDescription>כיף כף שוקו וניל אקסטרה קרם</ManufacturerItemDescription>
      <UnitQty>Unknown </UnitQty>
      <Quantity>0.00</Quantity>
      <UnitOfMeasure>Unknown </UnitOfMeasure>
      <bIsWeighted>0</bIsWeighted>
      <QtyInPackage>1</QtyInPackage>
      <ItemPrice>4.60</ItemPrice>
      <UnitOfMeasurePrice>0.0000</UnitOfMeasurePrice>
      <AllowDiscount>1</AllowDiscount>
      <ItemStatus>1</ItemStatus>
      <ItemId>102729</ItemId>
    </Item>
    <Item>
      <PriceUpdateDate>2015-10-01 06:13:31</PriceUpdateDate>
      <ItemCode>7290106724402</ItemCode>
      <ItemType>1</ItemType>
      <ItemName>עוגיות חיוכים שוקו</ItemName>
      <ManufacturerName>אפיפית</ManufacturerName>
      <ManufactureCountry>ישראל</ManufactureCountry>
      <ManufacturerItemDescription>עוגיות חיוכים שוקו וניל 150 גר</ManufacturerItemDescription>
      <UnitQty>גרמים</UnitQty>
      <Quantity>150.00</Quantity>
      <UnitOfMeasure>100 גרם</UnitOfMeasure>
      <bIsWeighted>0</bIsWeighted>
      <QtyInPackage>1</QtyInPackage>
      <ItemPrice>5.90</ItemPrice>
      <UnitOfMeasurePrice>3.9333</UnitOfMeasurePrice>
      <AllowDiscount>1</AllowDiscount>
      <ItemStatus>1</ItemStatus>
      <ItemId>102843</ItemId>
    </Item>
    <Item>
      <PriceUpdateDate>2015-10-01 06:13:31</PriceUpdateDate>
      <ItemCode>7290106724419</ItemCode>
      <ItemType>1</ItemType>
      <ItemName>עוגיות חיוכים וניל0</ItemName>
      <ManufacturerName>אפיפית</ManufacturerName>
      <ManufactureCountry>ישראל</ManufactureCountry>
      <ManufacturerItemDescription>עוגיות חיוכים וניל 150 גרם</ManufacturerItemDescription>
      <UnitQty>גרמים</UnitQty>
      <Quantity>150.00</Quantity>
      <UnitOfMeasure>100 גרם</UnitOfMeasure>
      <bIsWeighted>0</bIsWeighted>
      <QtyInPackage>1</QtyInPackage>
      <ItemPrice>5.90</ItemPrice>
      <UnitOfMeasurePrice>3.9333</UnitOfMeasurePrice>
      <AllowDiscount>1</AllowDiscount>
      <ItemStatus>1</ItemStatus>
      <ItemId>102844</ItemId>
    </Item>
    <Item>
      <PriceUpdateDate>2015-10-01 06:13:30</PriceUpdateDate>
      <ItemCode>7290104724190</ItemCode>
      <ItemType>1</ItemType>
      <ItemName>סימפוניה פימנטה</ItemName>
      <ManufacturerName>שטראוס גרופ</ManufacturerName>
      <ManufactureCountry>ישראל</ManufactureCountry>
      <ManufacturerItemDescription>סימפוניה פימנטה פיקנטו</ManufacturerItemDescription>
      <UnitQty>גרמים</UnitQty>
      <Quantity>200.00</Quantity>
      <UnitOfMeasure>100 גרם</UnitOfMeasure>
      <bIsWeighted>0</bIsWeighted>
      <QtyInPackage>1</QtyInPackage>
      <ItemPrice>12.40</ItemPrice>
      <UnitOfMeasurePrice>6.2000</UnitOfMeasurePrice>
      <AllowDiscount>1</AllowDiscount>
      <ItemStatus>1</ItemStatus>
      <ItemId>102869</ItemId>
    </Item>
    <Item>
      <PriceUpdateDate>2015-10-02 09:08:58</PriceUpdateDate>
      <ItemCode>7290013284709</ItemCode>
      <ItemType>1</ItemType>
      <ItemName>רוטב שקשוקה</ItemName>
      <ManufacturerName>פריניר (הדס 1987) בע</ManufacturerName>
      <ManufactureCountry>לא ידוע</ManufactureCountry>
      <ManufacturerItemDescription>רוטב שקשוקה עם פלפל קלוי380 גר</ManufacturerItemDescription>
      <UnitQty>גרמים</UnitQty>
      <Quantity>380.00</Quantity>
      <UnitOfMeasure>100 גרם</UnitOfMeasure>
      <bIsWeighted>0</bIsWeighted>
      <QtyInPackage>1</QtyInPackage>
      <ItemPrice>6.90</ItemPrice>
      <UnitOfMeasurePrice>1.8158</UnitOfMeasurePrice>
      <AllowDiscount>1</AllowDiscount>
      <ItemStatus>1</ItemStatus>
      <ItemId>103105</ItemId>
    </Item>
    <Item>
      <PriceUpdateDate>2015-05-20 17:30:29</PriceUpdateDate>
      <ItemCode>7290013585240</ItemCode>
      <ItemType>1</ItemType>
      <ItemName>ספרייט     ZERO 1.5</ItemName>
      <ManufacturerName>החברה המרכזית למשקאו</ManufacturerName>
      <ManufactureCountry>ישראל</ManufactureCountry>
      <ManufacturerItemDescription>ספרייט ZERO בק 1.5 ליטר</ManufacturerItemDescription>
      <UnitQty>ליטרים</UnitQty>
      <Quantity>1.50</Quantity>
      <UnitOfMeasure>ליטר</UnitOfMeasure>
      <bIsWeighted>0</bIsWeighted>
      <QtyInPackage>1</QtyInPackage>
      <ItemPrice>6.70</ItemPrice>
      <UnitOfMeasurePrice>4.4667</UnitOfMeasurePrice>
      <AllowDiscount>1</AllowDiscount>
      <ItemStatus>1</ItemStatus>
      <ItemId>104442</ItemId>
    </Item>
    <Item>
      <PriceUpdateDate>2016-07-20 15:48:29</PriceUpdateDate>
      <ItemCode>8888111558304</ItemCode>
      <ItemType>1</ItemType>
      <ItemName>מיץ ארבע עונות 240 מ</ItemName>
      <ManufacturerName>פילפאק</ManufacturerName>
      <ManufactureCountry>פיליפינים</ManufactureCountry>
      <ManufacturerItemDescription>מיץ ארבע עונות</ManufacturerItemDescription>
      <UnitQty>מיליליטרים</UnitQty>
      <Quantity>240.00</Quantity>
      <UnitOfMeasure>100 מ"ל</UnitOfMeasure>
      <bIsWeighted>0</bIsWeighted>
      <QtyInPackage>1</QtyInPackage>
      <ItemPrice>4.90</ItemPrice>
      <UnitOfMeasurePrice>2.0417</UnitOfMeasurePrice>
      <AllowDiscount>1</AllowDiscount>
      <ItemStatus>1</ItemStatus>
      <ItemId>104530</ItemId>
    </Item>
    <Item>
      <PriceUpdateDate>2016-02-15 12:41:00</PriceUpdateDate>
      <ItemCode>7290001271124</ItemCode>
      <ItemType>1</ItemType>
      <ItemName>סבון נוזלי מועשר לבנ</ItemName>
      <ManufacturerName>פרימו</ManufacturerName>
      <ManufactureCountry>טורקיה</ManufactureCountry>
      <ManufacturerItemDescription>סבון נוזלי מועשר לבנדר משאבה</ManufacturerItemDescription>
      <UnitQty>מיליליטרים</UnitQty>
      <Quantity>500.00</Quantity>
      <UnitOfMeasure>100 מ"ל</UnitOfMeasure>
      <bIsWeighted>0</bIsWeighted>
      <QtyInPackage>1</QtyInPackage>
      <ItemPrice>5.90</ItemPrice>
      <UnitOfMeasurePrice>1.1800</UnitOfMeasurePrice>
      <AllowDiscount>1</AllowDiscount>
      <ItemStatus>1</ItemStatus>
      <ItemId>104785</ItemId>
    </Item>
    <Item>
      <PriceUpdateDate>2016-02-15 12:41:00</PriceUpdateDate>
      <ItemCode>7290100829363</ItemCode>
      <ItemType>1</ItemType>
      <ItemName>אקונומיקה אקסטרא מבו</ItemName>
      <ManufacturerName>זוהר דליה</ManufacturerName>
      <ManufactureCountry>ישראל</ManufactureCountry>
      <ManufacturerItemDescription>אקונומיקה אקסטרא מבושמת 1 ליטר</ManufacturerItemDescription>
      <UnitQty>ליטרים</UnitQty>
      <Quantity>1.00</Quantity>
      <UnitOfMeasure>ליטר</UnitOfMeasure>
      <bIsWeighted>0</bIsWeighted>
      <QtyInPackage>1</QtyInPackage>
      <ItemPrice>6.90</ItemPrice>
      <UnitOfMeasurePrice>6.9000</UnitOfMeasurePrice>
      <AllowDiscount>1</AllowDiscount>
      <ItemStatus>1</ItemStatus>
      <ItemId>104799</ItemId>
    </Item>
    <Item>
      <PriceUpdateDate>2016-02-15 12:41:00</PriceUpdateDate>
      <ItemCode>7290001271131</ItemCode>
      <ItemType>1</ItemType>
      <ItemName>סבון נוזלי מועשר קוק</ItemName>
      <ManufacturerName>פרימו</ManufacturerName>
      <ManufactureCountry>טורקיה</ManufactureCountry>
      <ManufacturerItemDescription>סבון נוזלי מועשר קוקוס משאבה</ManufacturerItemDescription>
      <UnitQty>מיליליטרים</UnitQty>
      <Quantity>500.00</Quantity>
      <UnitOfMeasure>100 מ"ל</UnitOfMeasure>
      <bIsWeighted>0</bIsWeighted>
      <QtyInPackage>1</QtyInPackage>
      <ItemPrice>5.90</ItemPrice>
      <UnitOfMeasurePrice>1.1800</UnitOfMeasurePrice>
      <AllowDiscount>1</AllowDiscount>
      <ItemStatus>1</ItemStatus>
      <ItemId>104801</ItemId>
    </Item>
    <Item>
      <PriceUpdateDate>2016-04-14 07:35:05</PriceUpdateDate>
      <ItemCode>482562200560</ItemCode>
      <ItemType>1</ItemType>
      <ItemName>אסטוניש מרסס כתום לש</ItemName>
      <ManufacturerName>אסטוניש</ManufacturerName>
      <ManufactureCountry>אנגליה</ManufactureCountry>
      <ManufacturerItemDescription>אסטוניש מרסס כתום לשומן שרוף</ManufacturerItemDescription>
      <UnitQty>מיליליטרים</UnitQty>
      <Quantity>750.00</Quantity>
      <UnitOfMeasure>100 מ"ל</UnitOfMeasure>
      <bIsWeighted>0</bIsWeighted>
      <QtyInPackage>1</QtyInPackage>
      <ItemPrice>15.90</ItemPrice>
      <UnitOfMeasurePrice>2.1200</UnitOfMeasurePrice>
      <AllowDiscount>1</AllowDiscount>
      <ItemStatus>1</ItemStatus>
      <ItemId>104812</ItemId>
    </Item>
    <Item>
      <PriceUpdateDate>2016-04-14 07:35:06</PriceUpdateDate>
      <ItemCode>7290014905498</ItemCode>
      <ItemType>1</ItemType>
      <ItemName>מטלית דו צדדית גם וג</ItemName>
      <ManufacturerName>פלספק</ManufacturerName>
      <ManufactureCountry>טורקיה</ManufactureCountry>
      <ManufacturerItemDescription>מטלית דו צדדית גם וגם</ManufacturerItemDescription>
      <UnitQty>Unknown </UnitQty>
      <Quantity>0.00</Quantity>
      <UnitOfMeasure>Unknown </UnitOfMeasure>
      <bIsWeighted>0</bIsWeighted>
      <QtyInPackage>1</QtyInPackage>
      <ItemPrice>12.70</ItemPrice>
      <UnitOfMeasurePrice>0.0000</UnitOfMeasurePrice>
      <AllowDiscount>1</AllowDiscount>
      <ItemStatus>1</ItemStatus>
      <ItemId>104813</ItemId>
    </Item>
    <Item>
      <PriceUpdateDate>2015-10-01 06:14:22</PriceUpdateDate>
      <ItemCode>7290015150385</ItemCode>
      <ItemType>1</ItemType>
      <ItemName>תה קר פירות יער</ItemName>
      <ManufacturerName>ויסוצקי</ManufacturerName>
      <ManufactureCountry>ישראל</ManufactureCountry>
      <ManufacturerItemDescription>תה קר פירות יער</ManufacturerItemDescription>
      <UnitQty>גרמים</UnitQty>
      <Quantity>50.00</Quantity>
      <UnitOfMeasure>100 גרם</UnitOfMeasure>
      <bIsWeighted>0</bIsWeighted>
      <QtyInPackage>1</QtyInPackage>
      <ItemPrice>19.70</ItemPrice>
      <UnitOfMeasurePrice>39.4000</UnitOfMeasurePrice>
      <AllowDiscount>1</AllowDiscount>
      <ItemStatus>1</ItemStatus>
      <ItemId>104887</ItemId>
    </Item>
    <Item>
      <PriceUpdateDate>2016-07-04 19:15:33</PriceUpdateDate>
      <ItemCode>7290107937603</ItemCode>
      <ItemType>1</ItemType>
      <ItemName>דנונה קוקוס 3% 150 ג</ItemName>
      <ManufacturerName>שטראוס גרופ</ManufacturerName>
      <ManufactureCountry>ישראל</ManufactureCountry>
      <ManufacturerItemDescription>דנונה קוקוס 3% 150 גרם</ManufacturerItemDescription>
      <UnitQty>גרמים</UnitQty>
      <Quantity>265.00</Quantity>
      <UnitOfMeasure>100 גרם</UnitOfMeasure>
      <bIsWeighted>0</bIsWeighted>
      <QtyInPackage>1</QtyInPackage>
      <ItemPrice>4.50</ItemPrice>
      <UnitOfMeasurePrice>1.6981</UnitOfMeasurePrice>
      <AllowDiscount>1</AllowDiscount>
      <ItemStatus>1</ItemStatus>
      <ItemId>109819</ItemId>
    </Item>
    <Item>
      <PriceUpdateDate>2016-05-19 11:24:46</PriceUpdateDate>
      <ItemCode>7290008792134</ItemCode>
      <ItemType>1</ItemType>
      <ItemName>נייר טואלט לובלי קומ</ItemName>
      <ManufacturerName>שניב תעשיות נייר בע"</ManufacturerName>
      <ManufactureCountry>ישראל</ManufactureCountry>
      <ManufacturerItemDescription>נייר טואלט לובלי קומפקט 12 גלילים</ManufacturerItemDescription>
      <UnitQty>Unknown </UnitQty>
      <Quantity>0.00</Quantity>
      <UnitOfMeasure>Unknown </UnitOfMeasure>
      <bIsWeighted>0</bIsWeighted>
      <QtyInPackage>1</QtyInPackage>
      <ItemPrice>42.50</ItemPrice>
      <UnitOfMeasurePrice>0.0000</UnitOfMeasurePrice>
      <AllowDiscount>1</AllowDiscount>
      <ItemStatus>1</ItemStatus>
      <ItemId>105231</ItemId>
    </Item>
    <Item>
      <PriceUpdateDate>2015-10-01 06:22:52</PriceUpdateDate>
      <ItemCode>7290103701055</ItemCode>
      <ItemType>1</ItemType>
      <ItemName>כוס קרטון  טאצ  B8 א</ItemName>
      <ManufacturerName>שניב תעשיות נייר בע"</ManufacturerName>
      <ManufactureCountry>ישראל</ManufactureCountry>
      <ManufacturerItemDescription>כוס קרטון  טאצ  B8 אוז</ManufacturerItemDescription>
      <UnitQty>Unknown </UnitQty>
      <Quantity>0.00</Quantity>
      <UnitOfMeasure>Unknown </UnitOfMeasure>
      <bIsWeighted>0</bIsWeighted>
      <QtyInPackage>1</QtyInPackage>
      <ItemPrice>7.30</ItemPrice>
      <UnitOfMeasurePrice>0.0000</UnitOfMeasurePrice>
      <AllowDiscount>1</AllowDiscount>
      <ItemStatus>1</ItemStatus>
      <ItemId>105251</ItemId>
    </Item>
    <Item>
      <PriceUpdateDate>2015-10-01 06:15:32</PriceUpdateDate>
      <ItemCode>7290013585462</ItemCode>
      <ItemType>1</ItemType>
      <ItemName>שישיית ZERO  קוקה קו</ItemName>
      <ManufacturerName>החברה המרכזית למשקאו</ManufacturerName>
      <ManufactureCountry>ישראל</ManufactureCountry>
      <ManufacturerItemDescription>שישיית ZERO  קוקה קולה 2 ליטר</ManufacturerItemDescription>
      <UnitQty>ליטרים</UnitQty>
      <Quantity>12.00</Quantity>
      <UnitOfMeasure>ליטר</UnitOfMeasure>
      <bIsWeighted>0</bIsWeighted>
      <QtyInPackage>1</QtyInPackage>
      <ItemPrice>45.10</ItemPrice>
      <UnitOfMeasurePrice>3.7583</UnitOfMeasurePrice>
      <AllowDiscount>1</AllowDiscount>
      <ItemStatus>1</ItemStatus>
      <ItemId>105306</ItemId>
    </Item>
    <Item>
      <PriceUpdateDate>2015-09-04 08:31:53</PriceUpdateDate>
      <ItemCode>7290013585479</ItemCode>
      <ItemType>1</ItemType>
      <ItemName>ZERO קוקה קולה 2 ליט</ItemName>
      <ManufacturerName>החברה המרכזית למשקאו</ManufacturerName>
      <ManufactureCountry>ישראל</ManufactureCountry>
      <ManufacturerItemDescription>ZERO קוקה קולה 2 ליטר</ManufacturerItemDescription>
      <UnitQty>ליטרים</UnitQty>
      <Quantity>2.00</Quantity>
      <UnitOfMeasure>ליטר</UnitOfMeasure>
      <bIsWeighted>0</bIsWeighted>
      <QtyInPackage>1</QtyInPackage>
      <ItemPrice>7.60</ItemPrice>
      <UnitOfMeasurePrice>3.8000</UnitOfMeasurePrice>
      <AllowDiscount>1</AllowDiscount>
      <ItemStatus>1</ItemStatus>
      <ItemId>105307</ItemId>
    </Item>
    <Item>
      <PriceUpdateDate>2015-10-01 06:21:29</PriceUpdateDate>
      <ItemCode>4009900504218</ItemCode>
      <ItemType>1</ItemType>
      <ItemName>מסטיק אורביט בקבוקון</ItemName>
      <ManufacturerName>ריגלי</ManufacturerName>
      <ManufactureCountry>פולין</ManufactureCountry>
      <ManufacturerItemDescription>מסטיק אורביט בקבוקון תפוז</ManufacturerItemDescription>
      <UnitQty>Unknown </UnitQty>
      <Quantity>0.00</Quantity>
      <UnitOfMeasure>Unknown </UnitOfMeasure>
      <bIsWeighted>0</bIsWeighted>
      <QtyInPackage>1</QtyInPackage>
      <ItemPrice>11.80</ItemPrice>
      <UnitOfMeasurePrice>0.0000</UnitOfMeasurePrice>
      <AllowDiscount>1</AllowDiscount>
      <ItemStatus>1</ItemStatus>
      <ItemId>105309</ItemId>
    </Item>
    <Item>
      <PriceUpdateDate>2015-10-01 06:13:31</PriceUpdateDate>
      <ItemCode>7290106721906</ItemCode>
      <ItemType>1</ItemType>
      <ItemName>צנצנת בזוקה ציקלט</ItemName>
      <ManufacturerName>שטראוס</ManufacturerName>
      <ManufactureCountry>ישראל</ManufactureCountry>
      <ManufacturerItemDescription>צנצנת בזוקה ציקלט</ManufacturerItemDescription>
      <UnitQty>גרמים</UnitQty>
      <Quantity>66.00</Quantity>
      <UnitOfMeasure>100 גרם</UnitOfMeasure>
      <bIsWeighted>0</bIsWeighted>
      <QtyInPackage>1</QtyInPackage>
      <ItemPrice>11.80</ItemPrice>
      <UnitOfMeasurePrice>17.8788</UnitOfMeasurePrice>
      <AllowDiscount>1</AllowDiscount>
      <ItemStatus>1</ItemStatus>
      <ItemId>105480</ItemId>
    </Item>
    <Item>
      <PriceUpdateDate>2015-10-01 06:13:31</PriceUpdateDate>
      <ItemCode>7290106721913</ItemCode>
      <ItemType>1</ItemType>
      <ItemName>צנצנת ריח פה ציקלט</ItemName>
      <ManufacturerName>שטראוס</ManufacturerName>
      <ManufactureCountry>ישראל</ManufactureCountry>
      <ManufacturerItemDescription>צנצנת ריח פה ציקלט</ManufacturerItemDescription>
      <UnitQty>גרמים</UnitQty>
      <Quantity>66.00</Quantity>
      <UnitOfMeasure>100 גרם</UnitOfMeasure>
      <bIsWeighted>0</bIsWeighted>
      <QtyInPackage>1</QtyInPackage>
      <ItemPrice>11.80</ItemPrice>
      <UnitOfMeasurePrice>17.8788</UnitOfMeasurePrice>
      <AllowDiscount>1</AllowDiscount>
      <ItemStatus>1</ItemStatus>
      <ItemId>105481</ItemId>
    </Item>
    <Item>
      <PriceUpdateDate>2015-10-01 06:13:31</PriceUpdateDate>
      <ItemCode>7290106721920</ItemCode>
      <ItemType>1</ItemType>
      <ItemName>צנצנת ספירמינט ציקלט</ItemName>
      <ManufacturerName>שטראוס</ManufacturerName>
      <ManufactureCountry>ישראל</ManufactureCountry>
      <ManufacturerItemDescription>צנצנת ספירמינט ציקלט</ManufacturerItemDescription>
      <UnitQty>גרמים</UnitQty>
      <Quantity>66.00</Quantity>
      <UnitOfMeasure>100 גרם</UnitOfMeasure>
      <bIsWeighted>0</bIsWeighted>
      <QtyInPackage>1</QtyInPackage>
      <ItemPrice>11.80</ItemPrice>
      <UnitOfMeasurePrice>17.8788</UnitOfMeasurePrice>
      <AllowDiscount>1</AllowDiscount>
      <ItemStatus>1</ItemStatus>
      <ItemId>105482</ItemId>
    </Item>
    <Item>
      <PriceUpdateDate>2016-08-05 06:31:52</PriceUpdateDate>
      <ItemCode>7290106723443</ItemCode>
      <ItemType>1</ItemType>
      <ItemName>שוקולד פרה לבן במילו</ItemName>
      <ManufacturerName>שטראוס</ManufacturerName>
      <ManufactureCountry>לא ידוע</ManufactureCountry>
      <ManufacturerItemDescription>שוקולד פרה לבן במילוי תות50 גר</ManufacturerItemDescription>
      <UnitQty>גרמים</UnitQty>
      <Quantity>50.00</Quantity>
      <UnitOfMeasure>100 גרם</UnitOfMeasure>
      <bIsWeighted>0</bIsWeighted>
      <QtyInPackage>1</QtyInPackage>
      <ItemPrice>5.60</ItemPrice>
      <UnitOfMeasurePrice>11.2000</UnitOfMeasurePrice>
      <AllowDiscount>1</AllowDiscount>
      <ItemStatus>1</ItemStatus>
      <ItemId>105483</ItemId>
    </Item>
    <Item>
      <PriceUpdateDate>2015-10-01 06:13:31</PriceUpdateDate>
      <ItemCode>7290106724433</ItemCode>
      <ItemType>1</ItemType>
      <ItemName>צנצנת קוביות מסטיק ס</ItemName>
      <ManufacturerName>שטראוס</ManufacturerName>
      <ManufactureCountry>ישראל</ManufactureCountry>
      <ManufacturerItemDescription>צנצנת קוביות מסטיק ספירמינט</ManufacturerItemDescription>
      <UnitQty>גרמים</UnitQty>
      <Quantity>63.00</Quantity>
      <UnitOfMeasure>100 גרם</UnitOfMeasure>
      <bIsWeighted>0</bIsWeighted>
      <QtyInPackage>1</QtyInPackage>
      <ItemPrice>14.80</ItemPrice>
      <UnitOfMeasurePrice>23.4921</UnitOfMeasurePrice>
      <AllowDiscount>1</AllowDiscount>
      <ItemStatus>1</ItemStatus>
      <ItemId>105484</ItemId>
    </Item>
    <Item>
      <PriceUpdateDate>2015-10-01 06:13:32</PriceUpdateDate>
      <ItemCode>7290106725430</ItemCode>
      <ItemType>1</ItemType>
      <ItemName>צנצנת קוביות מסטיק</ItemName>
      <ManufacturerName>שטראוס</ManufacturerName>
      <ManufactureCountry>ישראל</ManufactureCountry>
      <ManufacturerItemDescription>צנצנת קוביות מסטיק אננס הדרים</ManufacturerItemDescription>
      <UnitQty>גרמים</UnitQty>
      <Quantity>63.00</Quantity>
      <UnitOfMeasure>100 גרם</UnitOfMeasure>
      <bIsWeighted>0</bIsWeighted>
      <QtyInPackage>1</QtyInPackage>
      <ItemPrice>14.80</ItemPrice>
      <UnitOfMeasurePrice>23.4921</UnitOfMeasurePrice>
      <AllowDiscount>1</AllowDiscount>
      <ItemStatus>1</ItemStatus>
      <ItemId>105487</ItemId>
    </Item>
    <Item>
      <PriceUpdateDate>2016-06-15 07:39:59</PriceUpdateDate>
      <ItemCode>7290015597296</ItemCode>
      <ItemType>1</ItemType>
      <ItemName>קארט דור גלידת מרנג</ItemName>
      <ManufacturerName>שטראוס גלידות</ManufacturerName>
      <ManufactureCountry>ישראל</ManufactureCountry>
      <ManufacturerItemDescription>קארט דור גלידת מרנג ושוקולד לבן</ManufacturerItemDescription>
      <UnitQty>גרמים</UnitQty>
      <Quantity>520.00</Quantity>
      <UnitOfMeasure>100 גרם</UnitOfMeasure>
      <bIsWeighted>0</bIsWeighted>
      <QtyInPackage>1</QtyInPackage>
      <ItemPrice>19.90</ItemPrice>
      <UnitOfMeasurePrice>3.8269</UnitOfMeasurePrice>
      <AllowDiscount>1</AllowDiscount>
      <ItemStatus>1</ItemStatus>
      <ItemId>109126</ItemId>
    </Item>
    <Item>
      <PriceUpdateDate>2015-10-01 06:13:32</PriceUpdateDate>
      <ItemCode>7290106723634</ItemCode>
      <ItemType>1</ItemType>
      <ItemName>עד חצות+שו חלב ניבס</ItemName>
      <ManufacturerName>שטראוס</ManufacturerName>
      <ManufactureCountry>לא ידוע</ManufactureCountry>
      <ManufacturerItemDescription>עד חצות+שו חלב ניבס קרמל</ManufacturerItemDescription>
      <UnitQty>גרמים</UnitQty>
      <Quantity>180.00</Quantity>
      <UnitOfMeasure>100 גרם</UnitOfMeasure>
      <bIsWeighted>0</bIsWeighted>
      <QtyInPackage>1</QtyInPackage>
      <ItemPrice>15.70</ItemPrice>
      <UnitOfMeasurePrice>8.7222</UnitOfMeasurePrice>
      <AllowDiscount>1</AllowDiscount>
      <ItemStatus>1</ItemStatus>
      <ItemId>105519</ItemId>
    </Item>
    <Item>
      <PriceUpdateDate>2015-10-01 06:15:16</PriceUpdateDate>
      <ItemCode>7290011133252</ItemCode>
      <ItemType>1</ItemType>
      <ItemName>רביעיית סודה לימון ל</ItemName>
      <ManufacturerName>טמפו</ManufacturerName>
      <ManufactureCountry>ישראל</ManufactureCountry>
      <ManufacturerItemDescription>רביעיית סודה לימון ליים 1.5</ManufacturerItemDescription>
      <UnitQty>ליטרים</UnitQty>
      <Quantity>9.00</Quantity>
      <UnitOfMeasure>ליטר</UnitOfMeasure>
      <bIsWeighted>0</bIsWeighted>
      <QtyInPackage>4</QtyInPackage>
      <ItemPrice>11.80</ItemPrice>
      <UnitOfMeasurePrice>1.3111</UnitOfMeasurePrice>
      <AllowDiscount>1</AllowDiscount>
      <ItemStatus>1</ItemStatus>
      <ItemId>105521</ItemId>
    </Item>
    <Item>
      <PriceUpdateDate>2015-07-23 13:15:32</PriceUpdateDate>
      <ItemCode>7290002015666</ItemCode>
      <ItemType>1</ItemType>
      <ItemName>פלפל שיפקה חריף  A2</ItemName>
      <ManufacturerName>בני דרום</ManufacturerName>
      <ManufactureCountry>ישראל</ManufactureCountry>
      <ManufacturerItemDescription>פלפל חריף שיפקה A2</ManufacturerItemDescription>
      <UnitQty>Unknown </UnitQty>
      <Quantity>0.00</Quantity>
      <UnitOfMeasure>Unknown </UnitOfMeasure>
      <bIsWeighted>0</bIsWeighted>
      <QtyInPackage>1</QtyInPackage>
      <ItemPrice>7.40</ItemPrice>
      <UnitOfMeasurePrice>0.0000</UnitOfMeasurePrice>
      <AllowDiscount>1</AllowDiscount>
      <ItemStatus>1</ItemStatus>
      <ItemId>105569</ItemId>
    </Item>
    <Item>
      <PriceUpdateDate>2015-10-01 06:15:18</PriceUpdateDate>
      <ItemCode>7290002015314</ItemCode>
      <ItemType>1</ItemType>
      <ItemName>זית מנז ירוק 12-15 א</ItemName>
      <ManufacturerName>בני דרום</ManufacturerName>
      <ManufactureCountry>ישראל</ManufactureCountry>
      <ManufacturerItemDescription>זית מנז ירוק 12-15 א2</ManufacturerItemDescription>
      <UnitQty>קילוגרמים</UnitQty>
      <Quantity>0.62</Quantity>
      <UnitOfMeasure>ק"ג</UnitOfMeasure>
      <bIsWeighted>0</bIsWeighted>
      <QtyInPackage>1</QtyInPackage>
      <ItemPrice>6.40</ItemPrice>
      <UnitOfMeasurePrice>10.3226</UnitOfMeasurePrice>
      <AllowDiscount>1</AllowDiscount>
      <ItemStatus>1</ItemStatus>
      <ItemId>105570</ItemId>
    </Item>
    <Item>
      <PriceUpdateDate>2015-10-01 06:22:10</PriceUpdateDate>
      <ItemCode>7290006714411</ItemCode>
      <ItemType>1</ItemType>
      <ItemName>סטייק פרגיות ארוז מו</ItemName>
      <ManufacturerName>מעדני הטלה</ManufacturerName>
      <ManufactureCountry>ישראל</ManufactureCountry>
      <ManufacturerItemDescription>סטייק פרגיות ארוז מוכשר</ManufacturerItemDescription>
      <UnitQty>קילוגרמים</UnitQty>
      <Quantity>1.00</Quantity>
      <UnitOfMeasure>ק"ג</UnitOfMeasure>
      <bIsWeighted>1</bIsWeighted>
      <QtyInPackage>לא ידוע</QtyInPackage>
      <ItemPrice>78.20</ItemPrice>
      <UnitOfMeasurePrice>78.2000</UnitOfMeasurePrice>
      <AllowDiscount>1</AllowDiscount>
      <ItemStatus>1</ItemStatus>
      <ItemId>105630</ItemId>
    </Item>
    <Item>
      <PriceUpdateDate>2015-10-01 06:17:36</PriceUpdateDate>
      <ItemCode>4015400669098</ItemCode>
      <ItemType>0</ItemType>
      <ItemName>מגן תחתון אולוויז דו</ItemName>
      <ManufacturerName>חקלאי</ManufacturerName>
      <ManufactureCountry>ישראל</ManufactureCountry>
      <ManufacturerItemDescription>מגן תחתון אולוויז דואו נורמל 52 יחידות</ManufacturerItemDescription>
      <UnitQty>Unknown </UnitQty>
      <Quantity>0.00</Quantity>
      <UnitOfMeasure>Unknown </UnitOfMeasure>
      <bIsWeighted>0</bIsWeighted>
      <QtyInPackage>1</QtyInPackage>
      <ItemPrice>27.60</ItemPrice>
      <UnitOfMeasurePrice>0.0000</UnitOfMeasurePrice>
      <AllowDiscount>1</AllowDiscount>
      <ItemStatus>1</ItemStatus>
      <ItemId>106095</ItemId>
    </Item>
    <Item>
      <PriceUpdateDate>2016-07-01 07:28:27</PriceUpdateDate>
      <ItemCode>8712561594240</ItemCode>
      <ItemType>1</ItemType>
      <ItemName>תחליב רחצה דאב להזנה</ItemName>
      <ManufacturerName>יוניליוור גרמניה (בו</ManufacturerName>
      <ManufactureCountry>לא ידוע</ManufactureCountry>
      <ManufacturerItemDescription>תחליב רחצה דאב להזנה עמוקה          500</ManufacturerItemDescription>
      <UnitQty>מיליליטרים</UnitQty>
      <Quantity>500.00</Quantity>
      <UnitOfMeasure>100 מ"ל</UnitOfMeasure>
      <bIsWeighted>0</bIsWeighted>
      <QtyInPackage>1</QtyInPackage>
      <ItemPrice>17.70</ItemPrice>
      <UnitOfMeasurePrice>3.5400</UnitOfMeasurePrice>
      <AllowDiscount>1</AllowDiscount>
      <ItemStatus>1</ItemStatus>
      <ItemId>106249</ItemId>
    </Item>
    <Item>
      <PriceUpdateDate>2015-07-30 14:15:32</PriceUpdateDate>
      <ItemCode>7290106663121</ItemCode>
      <ItemType>1</ItemType>
      <ItemName>מילקי CAKE</ItemName>
      <ManufacturerName>TSC</ManufacturerName>
      <ManufactureCountry>איטליה</ManufactureCountry>
      <ManufacturerItemDescription>מילקי CAKE</ManufacturerItemDescription>
      <UnitQty>גרמים</UnitQty>
      <Quantity>450.00</Quantity>
      <UnitOfMeasure>100 גרם</UnitOfMeasure>
      <bIsWeighted>0</bIsWeighted>
      <QtyInPackage>1</QtyInPackage>
      <ItemPrice>3.90</ItemPrice>
      <UnitOfMeasurePrice>0.8667</UnitOfMeasurePrice>
      <AllowDiscount>1</AllowDiscount>
      <ItemStatus>1</ItemStatus>
      <ItemId>106253</ItemId>
    </Item>
    <Item>
      <PriceUpdateDate>2015-07-30 17:15:31</PriceUpdateDate>
      <ItemCode>7265260110033</ItemCode>
      <ItemType>1</ItemType>
      <ItemName>פינגאן נירוסטה</ItemName>
      <ManufacturerName>מרקט ואליו</ManufacturerName>
      <ManufactureCountry>סין</ManufactureCountry>
      <ManufacturerItemDescription>פינגאן נירוסטה מידה 8</ManufacturerItemDescription>
      <UnitQty>Unknown </UnitQty>
      <Quantity>0.00</Quantity>
      <UnitOfMeasure>Unknown </UnitOfMeasure>
      <bIsWeighted>0</bIsWeighted>
      <QtyInPackage>1</QtyInPackage>
      <ItemPrice>29.90</ItemPrice>
      <UnitOfMeasurePrice>0.0000</UnitOfMeasurePrice>
      <AllowDiscount>1</AllowDiscount>
      <ItemStatus>1</ItemStatus>
      <ItemId>106261</ItemId>
    </Item>
    <Item>
      <PriceUpdateDate>2016-02-18 08:22:06</PriceUpdateDate>
      <ItemCode>8680530570246</ItemCode>
      <ItemType>1</ItemType>
      <ItemName>סודה בי פרש 250 מ"ל</ItemName>
      <ManufacturerName>גולסי גידא קאיסירי</ManufacturerName>
      <ManufactureCountry>טורקיה</ManufactureCountry>
      <ManufacturerItemDescription>סודה בי פרש 250 מ"ל</ManufacturerItemDescription>
      <UnitQty>מיליליטרים</UnitQty>
      <Quantity>250.00</Quantity>
      <UnitOfMeasure>100 מ"ל</UnitOfMeasure>
      <bIsWeighted>0</bIsWeighted>
      <QtyInPackage>1</QtyInPackage>
      <ItemPrice>4.20</ItemPrice>
      <UnitOfMeasurePrice>1.6800</UnitOfMeasurePrice>
      <AllowDiscount>1</AllowDiscount>
      <ItemStatus>1</ItemStatus>
      <ItemId>106348</ItemId>
    </Item>
    <Item>
      <PriceUpdateDate>2016-02-18 08:22:07</PriceUpdateDate>
      <ItemCode>8680530571045</ItemCode>
      <ItemType>1</ItemType>
      <ItemName>משקה מוגז תפוזים בי</ItemName>
      <ManufacturerName>גולסי גידא קאיסירי</ManufacturerName>
      <ManufactureCountry>טורקיה</ManufactureCountry>
      <ManufacturerItemDescription>משקה מוגז תפוזים 250 בודד</ManufacturerItemDescription>
      <UnitQty>מיליליטרים</UnitQty>
      <Quantity>250.00</Quantity>
      <UnitOfMeasure>100 מ"ל</UnitOfMeasure>
      <bIsWeighted>0</bIsWeighted>
      <QtyInPackage>1</QtyInPackage>
      <ItemPrice>4.20</ItemPrice>
      <UnitOfMeasurePrice>1.6800</UnitOfMeasurePrice>
      <AllowDiscount>1</AllowDiscount>
      <ItemStatus>1</ItemStatus>
      <ItemId>106350</ItemId>
    </Item>
    <Item>
      <PriceUpdateDate>2016-02-11 08:35:54</PriceUpdateDate>
      <ItemCode>5413121358694</ItemCode>
      <ItemType>1</ItemType>
      <ItemName>שוקולד בלגי מריר85%</ItemName>
      <ManufacturerName>בי סי גי</ManufacturerName>
      <ManufactureCountry>בלגיה</ManufactureCountry>
      <ManufacturerItemDescription>שוקולד בלגי מריר85% 100</ManufacturerItemDescription>
      <UnitQty>גרמים</UnitQty>
      <Quantity>100.00</Quantity>
      <UnitOfMeasure>100 גרם</UnitOfMeasure>
      <bIsWeighted>0</bIsWeighted>
      <QtyInPackage>1</QtyInPackage>
      <ItemPrice>13.80</ItemPrice>
      <UnitOfMeasurePrice>13.8000</UnitOfMeasurePrice>
      <AllowDiscount>1</AllowDiscount>
      <ItemStatus>1</ItemStatus>
      <ItemId>106460</ItemId>
    </Item>
    <Item>
      <PriceUpdateDate>2016-02-11 08:35:54</PriceUpdateDate>
      <ItemCode>5413121355105</ItemCode>
      <ItemType>1</ItemType>
      <ItemName>שוקולד חלב משובח 100</ItemName>
      <ManufacturerName>בי סי גי</ManufacturerName>
      <ManufactureCountry>בלגיה</ManufactureCountry>
      <ManufacturerItemDescription>שוקולד חלב משובח 100 גרם</ManufacturerItemDescription>
      <UnitQty>גרמים</UnitQty>
      <Quantity>100.00</Quantity>
      <UnitOfMeasure>100 גרם</UnitOfMeasure>
      <bIsWeighted>0</bIsWeighted>
      <QtyInPackage>1</QtyInPackage>
      <ItemPrice>13.80</ItemPrice>
      <UnitOfMeasurePrice>13.8000</UnitOfMeasurePrice>
      <AllowDiscount>1</AllowDiscount>
      <ItemStatus>1</ItemStatus>
      <ItemId>106462</ItemId>
    </Item>
    <Item>
      <PriceUpdateDate>2015-10-01 06:14:49</PriceUpdateDate>
      <ItemCode>7290108350012</ItemCode>
      <ItemType>1</ItemType>
      <ItemName>10 צלחות L סנו סושי</ItemName>
      <ManufacturerName>סנו</ManufacturerName>
      <ManufactureCountry>סין</ManufactureCountry>
      <ManufacturerItemDescription>10 צלחות L סנו סושי</ManufacturerItemDescription>
      <UnitQty>Unknown </UnitQty>
      <Quantity>0.00</Quantity>
      <UnitOfMeasure>Unknown </UnitOfMeasure>
      <bIsWeighted>0</bIsWeighted>
      <QtyInPackage>1</QtyInPackage>
      <ItemPrice>18.70</ItemPrice>
      <UnitOfMeasurePrice>0.0000</UnitOfMeasurePrice>
      <AllowDiscount>1</AllowDiscount>
      <ItemStatus>1</ItemStatus>
      <ItemId>106518</ItemId>
    </Item>
    <Item>
      <PriceUpdateDate>2015-10-01 06:14:49</PriceUpdateDate>
      <ItemCode>7290108350029</ItemCode>
      <ItemType>1</ItemType>
      <ItemName>10 צלחות M סנו סושי</ItemName>
      <ManufacturerName>סנו</ManufacturerName>
      <ManufactureCountry>סין</ManufactureCountry>
      <ManufacturerItemDescription>10 צלחות M סנו סושי</ManufacturerItemDescription>
      <UnitQty>Unknown </UnitQty>
      <Quantity>0.00</Quantity>
      <UnitOfMeasure>Unknown </UnitOfMeasure>
      <bIsWeighted>0</bIsWeighted>
      <QtyInPackage>1</QtyInPackage>
      <ItemPrice>14.80</ItemPrice>
      <UnitOfMeasurePrice>0.0000</UnitOfMeasurePrice>
      <AllowDiscount>1</AllowDiscount>
      <ItemStatus>1</ItemStatus>
      <ItemId>106519</ItemId>
    </Item>
    <Item>
      <PriceUpdateDate>2015-10-01 06:14:49</PriceUpdateDate>
      <ItemCode>7290108350036</ItemCode>
      <ItemType>1</ItemType>
      <ItemName>10 מרקיות סושי סנו</ItemName>
      <ManufacturerName>סנו</ManufacturerName>
      <ManufactureCountry>סין</ManufactureCountry>
      <ManufacturerItemDescription>10 מרקיות סושי סנו</ManufacturerItemDescription>
      <UnitQty>Unknown </UnitQty>
      <Quantity>0.00</Quantity>
      <UnitOfMeasure>Unknown </UnitOfMeasure>
      <bIsWeighted>0</bIsWeighted>
      <QtyInPackage>1</QtyInPackage>
      <ItemPrice>14.80</ItemPrice>
      <UnitOfMeasurePrice>0.0000</UnitOfMeasurePrice>
      <AllowDiscount>1</AllowDiscount>
      <ItemStatus>1</ItemStatus>
      <ItemId>106520</ItemId>
    </Item>
    <Item>
      <PriceUpdateDate>2015-10-01 06:14:49</PriceUpdateDate>
      <ItemCode>7290108350043</ItemCode>
      <ItemType>1</ItemType>
      <ItemName>50 מזלגות סנו סושי</ItemName>
      <ManufacturerName>סנו</ManufacturerName>
      <ManufactureCountry>סין</ManufactureCountry>
      <ManufacturerItemDescription>50 מזלגות סנו סושי</ManufacturerItemDescription>
      <UnitQty>Unknown </UnitQty>
      <Quantity>0.00</Quantity>
      <UnitOfMeasure>Unknown </UnitOfMeasure>
      <bIsWeighted>0</bIsWeighted>
      <QtyInPackage>1</QtyInPackage>
      <ItemPrice>7.80</ItemPrice>
      <UnitOfMeasurePrice>0.0000</UnitOfMeasurePrice>
      <AllowDiscount>1</AllowDiscount>
      <ItemStatus>1</ItemStatus>
      <ItemId>106521</ItemId>
    </Item>
    <Item>
      <PriceUpdateDate>2015-10-01 06:14:49</PriceUpdateDate>
      <ItemCode>7290108350050</ItemCode>
      <ItemType>1</ItemType>
      <ItemName>50 סכינים סנו סושי</ItemName>
      <ManufacturerName>סנו</ManufacturerName>
      <ManufactureCountry>סין</ManufactureCountry>
      <ManufacturerItemDescription>50 סכינים סנו סושי</ManufacturerItemDescription>
      <UnitQty>Unknown </UnitQty>
      <Quantity>0.00</Quantity>
      <UnitOfMeasure>Unknown </UnitOfMeasure>
      <bIsWeighted>0</bIsWeighted>
      <QtyInPackage>1</QtyInPackage>
      <ItemPrice>7.80</ItemPrice>
      <UnitOfMeasurePrice>0.0000</UnitOfMeasurePrice>
      <AllowDiscount>1</AllowDiscount>
      <ItemStatus>1</ItemStatus>
      <ItemId>106522</ItemId>
    </Item>
    <Item>
      <PriceUpdateDate>2015-10-01 06:14:49</PriceUpdateDate>
      <ItemCode>7290108350067</ItemCode>
      <ItemType>1</ItemType>
      <ItemName>50 כפות סנו סושי</ItemName>
      <ManufacturerName>סנו</ManufacturerName>
      <ManufactureCountry>סין</ManufactureCountry>
      <ManufacturerItemDescription>50 כפות סנו סושי</ManufacturerItemDescription>
      <UnitQty>Unknown </UnitQty>
      <Quantity>0.00</Quantity>
      <UnitOfMeasure>Unknown </UnitOfMeasure>
      <bIsWeighted>0</bIsWeighted>
      <QtyInPackage>1</QtyInPackage>
      <ItemPrice>7.80</ItemPrice>
      <UnitOfMeasurePrice>0.0000</UnitOfMeasurePrice>
      <AllowDiscount>1</AllowDiscount>
      <ItemStatus>1</ItemStatus>
      <ItemId>106523</ItemId>
    </Item>
    <Item>
      <PriceUpdateDate>2015-10-01 06:14:49</PriceUpdateDate>
      <ItemCode>7290108350074</ItemCode>
      <ItemType>1</ItemType>
      <ItemName>50 כפיות קטנות סנו ס</ItemName>
      <ManufacturerName>סנו</ManufacturerName>
      <ManufactureCountry>סין</ManufactureCountry>
      <ManufacturerItemDescription>50 כפיות קטנות סנו סושי</ManufacturerItemDescription>
      <UnitQty>Unknown </UnitQty>
      <Quantity>0.00</Quantity>
      <UnitOfMeasure>Unknown </UnitOfMeasure>
      <bIsWeighted>0</bIsWeighted>
      <QtyInPackage>1</QtyInPackage>
      <ItemPrice>7.80</ItemPrice>
      <UnitOfMeasurePrice>0.0000</UnitOfMeasurePrice>
      <AllowDiscount>1</AllowDiscount>
      <ItemStatus>1</ItemStatus>
      <ItemId>106524</ItemId>
    </Item>
    <Item>
      <PriceUpdateDate>2015-10-01 06:14:49</PriceUpdateDate>
      <ItemCode>7290108350111</ItemCode>
      <ItemType>1</ItemType>
      <ItemName>10 קעריות אובלי</ItemName>
      <ManufacturerName>סנו</ManufacturerName>
      <ManufactureCountry>סין</ManufactureCountry>
      <ManufacturerItemDescription>10 קעריות אובלי</ManufacturerItemDescription>
      <UnitQty>Unknown </UnitQty>
      <Quantity>0.00</Quantity>
      <UnitOfMeasure>Unknown </UnitOfMeasure>
      <bIsWeighted>0</bIsWeighted>
      <QtyInPackage>1</QtyInPackage>
      <ItemPrice>7.80</ItemPrice>
      <UnitOfMeasurePrice>0.0000</UnitOfMeasurePrice>
      <AllowDiscount>1</AllowDiscount>
      <ItemStatus>1</ItemStatus>
      <ItemId>106525</ItemId>
    </Item>
    <Item>
      <PriceUpdateDate>2015-08-25 15:41:11</PriceUpdateDate>
      <ItemCode>4770608239138</ItemCode>
      <ItemType>1</ItemType>
      <ItemName>ויסקס פאוצ ביף 100 ג</ItemName>
      <ManufacturerName>מרס</ManufacturerName>
      <ManufactureCountry>לא ידוע</ManufactureCountry>
      <ManufacturerItemDescription>ויסקס פאוצ ביף 100 גרם</ManufacturerItemDescription>
      <UnitQty>גרמים</UnitQty>
      <Quantity>100.00</Quantity>
      <UnitOfMeasure>100 גרם</UnitOfMeasure>
      <bIsWeighted>0</bIsWeighted>
      <QtyInPackage>1</QtyInPackage>
      <ItemPrice>4.50</ItemPrice>
      <UnitOfMeasurePrice>4.5000</UnitOfMeasurePrice>
      <AllowDiscount>1</AllowDiscount>
      <ItemStatus>1</ItemStatus>
      <ItemId>106539</ItemId>
    </Item>
    <Item>
      <PriceUpdateDate>2015-08-25 15:41:11</PriceUpdateDate>
      <ItemCode>4770608239305</ItemCode>
      <ItemType>1</ItemType>
      <ItemName>ויסקס פאוצ גוניור 10</ItemName>
      <ManufacturerName>מרס</ManufacturerName>
      <ManufactureCountry>לא ידוע</ManufactureCountry>
      <ManufacturerItemDescription>ויסקס פאוצ גוניור 100 גרם</ManufacturerItemDescription>
      <UnitQty>Unknown </UnitQty>
      <Quantity>0.00</Quantity>
      <UnitOfMeasure>Unknown </UnitOfMeasure>
      <bIsWeighted>0</bIsWeighted>
      <QtyInPackage>1</QtyInPackage>
      <ItemPrice>4.50</ItemPrice>
      <UnitOfMeasurePrice>0.0000</UnitOfMeasurePrice>
      <AllowDiscount>1</AllowDiscount>
      <ItemStatus>1</ItemStatus>
      <ItemId>106541</ItemId>
    </Item>
    <Item>
      <PriceUpdateDate>2016-03-01 11:06:04</PriceUpdateDate>
      <ItemCode>4033100064036</ItemCode>
      <ItemType>1</ItemType>
      <ItemName>טבק לגלגול וינסטון כ</ItemName>
      <ManufacturerName>JTI</ManufacturerName>
      <ManufactureCountry>אנגליה</ManufactureCountry>
      <ManufacturerItemDescription>טבק לגלגול וינסטון כחול חפיסה</ManufacturerItemDescription>
      <UnitQty>Unknown </UnitQty>
      <Quantity>0.00</Quantity>
      <UnitOfMeasure>Unknown </UnitOfMeasure>
      <bIsWeighted>0</bIsWeighted>
      <QtyInPackage>1</QtyInPackage>
      <ItemPrice>39.90</ItemPrice>
      <UnitOfMeasurePrice>0.0000</UnitOfMeasurePrice>
      <AllowDiscount>1</AllowDiscount>
      <ItemStatus>1</ItemStatus>
      <ItemId>106571</ItemId>
    </Item>
    <Item>
      <PriceUpdateDate>2016-02-15 12:41:00</PriceUpdateDate>
      <ItemCode>7290106263352</ItemCode>
      <ItemType>1</ItemType>
      <ItemName>זוג סבון אסלה סגול א</ItemName>
      <ManufacturerName>RELEVI</ManufacturerName>
      <ManufactureCountry>איטליה</ManufactureCountry>
      <ManufacturerItemDescription>זוג סבון אסלה סגול אקסטרא לבנדר</ManufacturerItemDescription>
      <UnitQty>Unknown </UnitQty>
      <Quantity>0.00</Quantity>
      <UnitOfMeasure>Unknown </UnitOfMeasure>
      <bIsWeighted>0</bIsWeighted>
      <QtyInPackage>1</QtyInPackage>
      <ItemPrice>9.70</ItemPrice>
      <UnitOfMeasurePrice>0.0000</UnitOfMeasurePrice>
      <AllowDiscount>1</AllowDiscount>
      <ItemStatus>1</ItemStatus>
      <ItemId>106610</ItemId>
    </Item>
    <Item>
      <PriceUpdateDate>2015-10-01 06:23:36</PriceUpdateDate>
      <ItemCode>7290004913403</ItemCode>
      <ItemType>1</ItemType>
      <ItemName>מפיץ  ריח אווירה ספר</ItemName>
      <ManufacturerName>סאנרייז</ManufacturerName>
      <ManufactureCountry>ישראל</ManufactureCountry>
      <ManufacturerItemDescription>מפיץ  ריח אווירה ספריי</ManufacturerItemDescription>
      <UnitQty>Unknown </UnitQty>
      <Quantity>0.00</Quantity>
      <UnitOfMeasure>Unknown </UnitOfMeasure>
      <bIsWeighted>0</bIsWeighted>
      <QtyInPackage>1</QtyInPackage>
      <ItemPrice>9.80</ItemPrice>
      <UnitOfMeasurePrice>0.0000</UnitOfMeasurePrice>
      <AllowDiscount>1</AllowDiscount>
      <ItemStatus>1</ItemStatus>
      <ItemId>106639</ItemId>
    </Item>
    <Item>
      <PriceUpdateDate>2015-10-01 06:23:36</PriceUpdateDate>
      <ItemCode>7290004914479</ItemCode>
      <ItemType>1</ItemType>
      <ItemName>מפיץ ריח  לבית סאנרי</ItemName>
      <ManufacturerName>סאנרייז</ManufacturerName>
      <ManufactureCountry>ישראל</ManufactureCountry>
      <ManufacturerItemDescription>מפיץ ריח  לבית סאנרייז</ManufacturerItemDescription>
      <UnitQty>Unknown </UnitQty>
      <Quantity>0.00</Quantity>
      <UnitOfMeasure>Unknown </UnitOfMeasure>
      <bIsWeighted>0</bIsWeighted>
      <QtyInPackage>1</QtyInPackage>
      <ItemPrice>9.80</ItemPrice>
      <UnitOfMeasurePrice>0.0000</UnitOfMeasurePrice>
      <AllowDiscount>1</AllowDiscount>
      <ItemStatus>1</ItemStatus>
      <ItemId>106640</ItemId>
    </Item>
    <Item>
      <PriceUpdateDate>2015-10-01 06:15:21</PriceUpdateDate>
      <ItemCode>7290014855458</ItemCode>
      <ItemType>1</ItemType>
      <ItemName>מגבונים בייביסיטר רב</ItemName>
      <ManufacturerName>די פי אל</ManufacturerName>
      <ManufactureCountry>ישראל</ManufactureCountry>
      <ManufacturerItemDescription>מגבוני בייביסיטר רביעייה לא מב</ManufacturerItemDescription>
      <UnitQty>Unknown </UnitQty>
      <Quantity>0.00</Quantity>
      <UnitOfMeasure>Unknown </UnitOfMeasure>
      <bIsWeighted>0</bIsWeighted>
      <QtyInPackage>1</QtyInPackage>
      <ItemPrice>19.70</ItemPrice>
      <UnitOfMeasurePrice>0.0000</UnitOfMeasurePrice>
      <AllowDiscount>1</AllowDiscount>
      <ItemStatus>1</ItemStatus>
      <ItemId>106730</ItemId>
    </Item>
    <Item>
      <PriceUpdateDate>2015-10-01 06:15:21</PriceUpdateDate>
      <ItemCode>7290014855434</ItemCode>
      <ItemType>1</ItemType>
      <ItemName>מגבוני בייביסיטר רבי</ItemName>
      <ManufacturerName>די פי אל</ManufacturerName>
      <ManufactureCountry>ישראל</ManufactureCountry>
      <ManufacturerItemDescription>מגבוני בייביסיטר רביעייה מבושם</ManufacturerItemDescription>
      <UnitQty>Unknown </UnitQty>
      <Quantity>0.00</Quantity>
      <UnitOfMeasure>Unknown </UnitOfMeasure>
      <bIsWeighted>0</bIsWeighted>
      <QtyInPackage>1</QtyInPackage>
      <ItemPrice>19.70</ItemPrice>
      <UnitOfMeasurePrice>0.0000</UnitOfMeasurePrice>
      <AllowDiscount>1</AllowDiscount>
      <ItemStatus>1</ItemStatus>
      <ItemId>106731</ItemId>
    </Item>
    <Item>
      <PriceUpdateDate>2015-10-07 08:11:17</PriceUpdateDate>
      <ItemCode>5900020024817</ItemCode>
      <ItemType>1</ItemType>
      <ItemName>פיטנס בר דליס שוקולד</ItemName>
      <ManufacturerName>סי.פי</ManufacturerName>
      <ManufactureCountry>פולין</ManufactureCountry>
      <ManufacturerItemDescription>פיטנס בר דליס שוקולד לבן 135 גרם</ManufacturerItemDescription>
      <UnitQty>גרמים</UnitQty>
      <Quantity>135.00</Quantity>
      <UnitOfMeasure>100 גרם</UnitOfMeasure>
      <bIsWeighted>0</bIsWeighted>
      <QtyInPackage>1</QtyInPackage>
      <ItemPrice>18.90</ItemPrice>
      <UnitOfMeasurePrice>14.0000</UnitOfMeasurePrice>
      <AllowDiscount>1</AllowDiscount>
      <ItemStatus>1</ItemStatus>
      <ItemId>106755</ItemId>
    </Item>
    <Item>
      <PriceUpdateDate>2015-10-07 08:11:17</PriceUpdateDate>
      <ItemCode>5900020025647</ItemCode>
      <ItemType>1</ItemType>
      <ItemName>פיטנס בר דליס שוקולד</ItemName>
      <ManufacturerName>סי.פי</ManufacturerName>
      <ManufactureCountry>פולין</ManufactureCountry>
      <ManufacturerItemDescription>פיטנס בר דליס שוקולד חלב 135 גרם</ManufacturerItemDescription>
      <UnitQty>גרמים</UnitQty>
      <Quantity>135.00</Quantity>
      <UnitOfMeasure>100 גרם</UnitOfMeasure>
      <bIsWeighted>0</bIsWeighted>
      <QtyInPackage>1</QtyInPackage>
      <ItemPrice>18.90</ItemPrice>
      <UnitOfMeasurePrice>14.0000</UnitOfMeasurePrice>
      <AllowDiscount>1</AllowDiscount>
      <ItemStatus>1</ItemStatus>
      <ItemId>106756</ItemId>
    </Item>
    <Item>
      <PriceUpdateDate>2015-10-01 06:15:21</PriceUpdateDate>
      <ItemCode>7290006496225</ItemCode>
      <ItemType>1</ItemType>
      <ItemName>מי שקדים 650 מ"ל</ItemName>
      <ManufacturerName>משקד</ManufacturerName>
      <ManufactureCountry>ישראל</ManufactureCountry>
      <ManufacturerItemDescription>מי שקדים 650 מ"ל</ManufacturerItemDescription>
      <UnitQty>מיליליטרים</UnitQty>
      <Quantity>650.00</Quantity>
      <UnitOfMeasure>100 מ"ל</UnitOfMeasure>
      <bIsWeighted>0</bIsWeighted>
      <QtyInPackage>1</QtyInPackage>
      <ItemPrice>17.70</ItemPrice>
      <UnitOfMeasurePrice>2.7231</UnitOfMeasurePrice>
      <AllowDiscount>1</AllowDiscount>
      <ItemStatus>1</ItemStatus>
      <ItemId>106776</ItemId>
    </Item>
    <Item>
      <PriceUpdateDate>2015-08-26 16:04:11</PriceUpdateDate>
      <ItemCode>7290013389114</ItemCode>
      <ItemType>1</ItemType>
      <ItemName>ניוקי  תפו"א 500 גרם</ItemName>
      <ManufacturerName>Ciemme alimentari sr</ManufacturerName>
      <ManufactureCountry>איטליה</ManufactureCountry>
      <ManufacturerItemDescription>ניוקי  תפו"א 500 גרם</ManufacturerItemDescription>
      <UnitQty>גרמים</UnitQty>
      <Quantity>500.00</Quantity>
      <UnitOfMeasure>100 גרם</UnitOfMeasure>
      <bIsWeighted>0</bIsWeighted>
      <QtyInPackage>1</QtyInPackage>
      <ItemPrice>9.90</ItemPrice>
      <UnitOfMeasurePrice>1.9800</UnitOfMeasurePrice>
      <AllowDiscount>1</AllowDiscount>
      <ItemStatus>1</ItemStatus>
      <ItemId>106869</ItemId>
    </Item>
    <Item>
      <PriceUpdateDate>2015-08-29 16:15:31</PriceUpdateDate>
      <ItemCode>7290006775078</ItemCode>
      <ItemType>1</ItemType>
      <ItemName>עוגת דבש</ItemName>
      <ManufacturerName>אחווה</ManufacturerName>
      <ManufactureCountry>ישראל</ManufactureCountry>
      <ManufacturerItemDescription>עוגת דבש 400 גר</ManufacturerItemDescription>
      <UnitQty>גרמים</UnitQty>
      <Quantity>400.00</Quantity>
      <UnitOfMeasure>100 גרם</UnitOfMeasure>
      <bIsWeighted>0</bIsWeighted>
      <QtyInPackage>1</QtyInPackage>
      <ItemPrice>8.70</ItemPrice>
      <UnitOfMeasurePrice>2.1750</UnitOfMeasurePrice>
      <AllowDiscount>1</AllowDiscount>
      <ItemStatus>1</ItemStatus>
      <ItemId>106903</ItemId>
    </Item>
    <Item>
      <PriceUpdateDate>2015-10-01 06:19:30</PriceUpdateDate>
      <ItemCode>7290013675163</ItemCode>
      <ItemType>1</ItemType>
      <ItemName>שניצל קריספי</ItemName>
      <ManufacturerName>מאמא עוף</ManufacturerName>
      <ManufactureCountry>ישראל</ManufactureCountry>
      <ManufacturerItemDescription>שניצל קריספי</ManufacturerItemDescription>
      <UnitQty>גרמים</UnitQty>
      <Quantity>500.00</Quantity>
      <UnitOfMeasure>100 גרם</UnitOfMeasure>
      <bIsWeighted>0</bIsWeighted>
      <QtyInPackage>1</QtyInPackage>
      <ItemPrice>33.60</ItemPrice>
      <UnitOfMeasurePrice>6.7200</UnitOfMeasurePrice>
      <AllowDiscount>1</AllowDiscount>
      <ItemStatus>1</ItemStatus>
      <ItemId>106941</ItemId>
    </Item>
    <Item>
      <PriceUpdateDate>2015-09-09 14:15:38</PriceUpdateDate>
      <ItemCode>7290014534667</ItemCode>
      <ItemType>1</ItemType>
      <ItemName>לה פסטה 53 400 גר</ItemName>
      <ManufacturerName>,</ManufacturerName>
      <ManufactureCountry>לא ידוע</ManufactureCountry>
      <ManufacturerItemDescription>לה פסטה 53 400 גר</ManufacturerItemDescription>
      <UnitQty>גרמים</UnitQty>
      <Quantity>400.00</Quantity>
      <UnitOfMeasure>100 גרם</UnitOfMeasure>
      <bIsWeighted>0</bIsWeighted>
      <QtyInPackage>1</QtyInPackage>
      <ItemPrice>4.00</ItemPrice>
      <UnitOfMeasurePrice>1.0000</UnitOfMeasurePrice>
      <AllowDiscount>1</AllowDiscount>
      <ItemStatus>1</ItemStatus>
      <ItemId>107179</ItemId>
    </Item>
    <Item>
      <PriceUpdateDate>2015-12-30 10:35:19</PriceUpdateDate>
      <ItemCode>4015400700111</ItemCode>
      <ItemType>1</ItemType>
      <ItemName>אולוויז דואו לונג 24</ItemName>
      <ManufacturerName>פרוקטר אנד גמבל</ManufacturerName>
      <ManufactureCountry>גרמניה</ManufactureCountry>
      <ManufacturerItemDescription>אולוויז דואו לונג 24 +יח</ManufacturerItemDescription>
      <UnitQty>Unknown </UnitQty>
      <Quantity>0.00</Quantity>
      <UnitOfMeasure>Unknown </UnitOfMeasure>
      <bIsWeighted>0</bIsWeighted>
      <QtyInPackage>1</QtyInPackage>
      <ItemPrice>26.90</ItemPrice>
      <UnitOfMeasurePrice>0.0000</UnitOfMeasurePrice>
      <AllowDiscount>1</AllowDiscount>
      <ItemStatus>1</ItemStatus>
      <ItemId>107245</ItemId>
    </Item>
    <Item>
      <PriceUpdateDate>2015-11-26 08:01:27</PriceUpdateDate>
      <ItemCode>4015400699811</ItemCode>
      <ItemType>1</ItemType>
      <ItemName>אולוויז דואו נורמל 2</ItemName>
      <ManufacturerName>פרוקטר אנד גמבל</ManufacturerName>
      <ManufactureCountry>גרמניה</ManufactureCountry>
      <ManufacturerItemDescription>אולוויז דואו נורמל 28 +יח</ManufacturerItemDescription>
      <UnitQty>Unknown </UnitQty>
      <Quantity>0.00</Quantity>
      <UnitOfMeasure>Unknown </UnitOfMeasure>
      <bIsWeighted>0</bIsWeighted>
      <QtyInPackage>1</QtyInPackage>
      <ItemPrice>26.90</ItemPrice>
      <UnitOfMeasurePrice>0.0000</UnitOfMeasurePrice>
      <AllowDiscount>1</AllowDiscount>
      <ItemStatus>1</ItemStatus>
      <ItemId>107246</ItemId>
    </Item>
    <Item>
      <PriceUpdateDate>2015-10-27 09:11:53</PriceUpdateDate>
      <ItemCode>7290105965509</ItemCode>
      <ItemType>1</ItemType>
      <ItemName>שוקולד ספלנדיד מריר</ItemName>
      <ManufacturerName>שטראוס גרופ</ManufacturerName>
      <ManufactureCountry>לא ידוע</ManufactureCountry>
      <ManufacturerItemDescription>שוקולד ספלנדיד מריר עם מוס גאנדויה</ManufacturerItemDescription>
      <UnitQty>גרמים</UnitQty>
      <Quantity>105.00</Quantity>
      <UnitOfMeasure>100 גרם</UnitOfMeasure>
      <bIsWeighted>0</bIsWeighted>
      <QtyInPackage>1</QtyInPackage>
      <ItemPrice>11.70</ItemPrice>
      <UnitOfMeasurePrice>11.1429</UnitOfMeasurePrice>
      <AllowDiscount>1</AllowDiscount>
      <ItemStatus>1</ItemStatus>
      <ItemId>107316</ItemId>
    </Item>
    <Item>
      <PriceUpdateDate>2015-10-27 09:11:53</PriceUpdateDate>
      <ItemCode>7290105965516</ItemCode>
      <ItemType>1</ItemType>
      <ItemName>שוקולד ספלנדיד מריר</ItemName>
      <ManufacturerName>שטראוס גרופ</ManufacturerName>
      <ManufactureCountry>ישראל</ManufactureCountry>
      <ManufacturerItemDescription>שוקולד ספלנדיד מריר עם מוס אספרסו</ManufacturerItemDescription>
      <UnitQty>גרמים</UnitQty>
      <Quantity>100.00</Quantity>
      <UnitOfMeasure>100 גרם</UnitOfMeasure>
      <bIsWeighted>0</bIsWeighted>
      <QtyInPackage>1</QtyInPackage>
      <ItemPrice>11.70</ItemPrice>
      <UnitOfMeasurePrice>11.7000</UnitOfMeasurePrice>
      <AllowDiscount>1</AllowDiscount>
      <ItemStatus>1</ItemStatus>
      <ItemId>107317</ItemId>
    </Item>
    <Item>
      <PriceUpdateDate>2015-10-27 09:11:53</PriceUpdateDate>
      <ItemCode>7290105965493</ItemCode>
      <ItemType>1</ItemType>
      <ItemName>שוקולד ספלנדיד מריר</ItemName>
      <ManufacturerName>שטראוס גרופ</ManufacturerName>
      <ManufactureCountry>ישראל</ManufactureCountry>
      <ManufacturerItemDescription>שוקולד ספלנדיד מריר עם מוס שוקולד</ManufacturerItemDescription>
      <UnitQty>גרמים</UnitQty>
      <Quantity>100.00</Quantity>
      <UnitOfMeasure>100 גרם</UnitOfMeasure>
      <bIsWeighted>0</bIsWeighted>
      <QtyInPackage>1</QtyInPackage>
      <ItemPrice>11.70</ItemPrice>
      <UnitOfMeasurePrice>11.7000</UnitOfMeasurePrice>
      <AllowDiscount>1</AllowDiscount>
      <ItemStatus>1</ItemStatus>
      <ItemId>107318</ItemId>
    </Item>
    <Item>
      <PriceUpdateDate>2016-02-15 12:41:00</PriceUpdateDate>
      <ItemCode>7290100827475</ItemCode>
      <ItemType>1</ItemType>
      <ItemName>רדיד אלומיניום אקסטר</ItemName>
      <ManufacturerName>טופ וואל</ManufacturerName>
      <ManufactureCountry>סין</ManufactureCountry>
      <ManufacturerItemDescription>רדיד אלומיניום אקסטרא 45 ס"מ</ManufacturerItemDescription>
      <UnitQty>Unknown </UnitQty>
      <Quantity>0.00</Quantity>
      <UnitOfMeasure>Unknown </UnitOfMeasure>
      <bIsWeighted>0</bIsWeighted>
      <QtyInPackage>1</QtyInPackage>
      <ItemPrice>12.90</ItemPrice>
      <UnitOfMeasurePrice>0.0000</UnitOfMeasurePrice>
      <AllowDiscount>1</AllowDiscount>
      <ItemStatus>1</ItemStatus>
      <ItemId>107332</ItemId>
    </Item>
    <Item>
      <PriceUpdateDate>2016-02-15 12:41:00</PriceUpdateDate>
      <ItemCode>7290100826072</ItemCode>
      <ItemType>1</ItemType>
      <ItemName>שקיות אשפה אקסטרא 65</ItemName>
      <ManufacturerName>טינפקינג</ManufacturerName>
      <ManufactureCountry>סין</ManufactureCountry>
      <ManufacturerItemDescription>שקיות אשפה אקסטרא 65*52</ManufacturerItemDescription>
      <UnitQty>Unknown </UnitQty>
      <Quantity>0.00</Quantity>
      <UnitOfMeasure>Unknown </UnitOfMeasure>
      <bIsWeighted>0</bIsWeighted>
      <QtyInPackage>1</QtyInPackage>
      <ItemPrice>17.70</ItemPrice>
      <UnitOfMeasurePrice>0.0000</UnitOfMeasurePrice>
      <AllowDiscount>1</AllowDiscount>
      <ItemStatus>1</ItemStatus>
      <ItemId>107335</ItemId>
    </Item>
    <Item>
      <PriceUpdateDate>2015-10-18 17:15:40</PriceUpdateDate>
      <ItemCode>7290002881551</ItemCode>
      <ItemType>1</ItemType>
      <ItemName>עלי גפן ממולאים 400</ItemName>
      <ManufacturerName>אסמא קונסרב</ManufacturerName>
      <ManufactureCountry>טורקיה</ManufactureCountry>
      <ManufacturerItemDescription>עלי גפן ממולאים                     400</ManufacturerItemDescription>
      <UnitQty>גרמים</UnitQty>
      <Quantity>400.00</Quantity>
      <UnitOfMeasure>100 גרם</UnitOfMeasure>
      <bIsWeighted>0</bIsWeighted>
      <QtyInPackage>1</QtyInPackage>
      <ItemPrice>9.90</ItemPrice>
      <UnitOfMeasurePrice>2.4750</UnitOfMeasurePrice>
      <AllowDiscount>1</AllowDiscount>
      <ItemStatus>1</ItemStatus>
      <ItemId>107453</ItemId>
    </Item>
    <Item>
      <PriceUpdateDate>2016-03-11 08:29:35</PriceUpdateDate>
      <ItemCode>8680530570116</ItemCode>
      <ItemType>1</ItemType>
      <ItemName>משקה מוגז לימון בי פ</ItemName>
      <ManufacturerName>גולסי גידא קאיסירי</ManufacturerName>
      <ManufactureCountry>טורקיה</ManufactureCountry>
      <ManufacturerItemDescription>משקה מוגז לימון 250 בודד</ManufacturerItemDescription>
      <UnitQty>מיליליטרים</UnitQty>
      <Quantity>250.00</Quantity>
      <UnitOfMeasure>100 מ"ל</UnitOfMeasure>
      <bIsWeighted>0</bIsWeighted>
      <QtyInPackage>1</QtyInPackage>
      <ItemPrice>4.20</ItemPrice>
      <UnitOfMeasurePrice>1.6800</UnitOfMeasurePrice>
      <AllowDiscount>1</AllowDiscount>
      <ItemStatus>1</ItemStatus>
      <ItemId>108734</ItemId>
    </Item>
    <Item>
      <PriceUpdateDate>2015-11-03 11:17:03</PriceUpdateDate>
      <ItemCode>7290105368355</ItemCode>
      <ItemType>1</ItemType>
      <ItemName>מילקי שוקולד עשיר 13</ItemName>
      <ManufacturerName>שטראוס</ManufacturerName>
      <ManufactureCountry>לא ידוע</ManufactureCountry>
      <ManufacturerItemDescription>מילקי שוקולד עשיר</ManufacturerItemDescription>
      <UnitQty>גרמים</UnitQty>
      <Quantity>133.00</Quantity>
      <UnitOfMeasure>100 גרם</UnitOfMeasure>
      <bIsWeighted>0</bIsWeighted>
      <QtyInPackage>1</QtyInPackage>
      <ItemPrice>4.40</ItemPrice>
      <UnitOfMeasurePrice>3.3083</UnitOfMeasurePrice>
      <AllowDiscount>1</AllowDiscount>
      <ItemStatus>1</ItemStatus>
      <ItemId>107540</ItemId>
    </Item>
    <Item>
      <PriceUpdateDate>2015-11-03 11:17:04</PriceUpdateDate>
      <ItemCode>7290105368379</ItemCode>
      <ItemType>1</ItemType>
      <ItemName>מילקי שוקולד ופצפוצי</ItemName>
      <ManufacturerName>שטראוס</ManufacturerName>
      <ManufactureCountry>ישראל</ManufactureCountry>
      <ManufacturerItemDescription>מילקי שוקולד ופצפוצים</ManufacturerItemDescription>
      <UnitQty>גרמים</UnitQty>
      <Quantity>133.00</Quantity>
      <UnitOfMeasure>100 גרם</UnitOfMeasure>
      <bIsWeighted>0</bIsWeighted>
      <QtyInPackage>1</QtyInPackage>
      <ItemPrice>4.40</ItemPrice>
      <UnitOfMeasurePrice>3.3083</UnitOfMeasurePrice>
      <AllowDiscount>1</AllowDiscount>
      <ItemStatus>1</ItemStatus>
      <ItemId>107542</ItemId>
    </Item>
    <Item>
      <PriceUpdateDate>2015-11-03 11:17:03</PriceUpdateDate>
      <ItemCode>7290107933728</ItemCode>
      <ItemType>1</ItemType>
      <ItemName>תפוציפס סטיקס בטעם ק</ItemName>
      <ManufacturerName>שטראוס גרופ</ManufacturerName>
      <ManufactureCountry>ישראל</ManufactureCountry>
      <ManufacturerItemDescription>תפוציפס סטיקס בטעם קטשופ 65 גר</ManufacturerItemDescription>
      <UnitQty>גרמים</UnitQty>
      <Quantity>50.00</Quantity>
      <UnitOfMeasure>100 גרם</UnitOfMeasure>
      <bIsWeighted>0</bIsWeighted>
      <QtyInPackage>1</QtyInPackage>
      <ItemPrice>4.40</ItemPrice>
      <UnitOfMeasurePrice>8.8000</UnitOfMeasurePrice>
      <AllowDiscount>1</AllowDiscount>
      <ItemStatus>1</ItemStatus>
      <ItemId>107670</ItemId>
    </Item>
    <Item>
      <PriceUpdateDate>2015-11-04 11:15:34</PriceUpdateDate>
      <ItemCode>42174479</ItemCode>
      <ItemType>1</ItemType>
      <ItemName>מסטיק אורביט תות מעט</ItemName>
      <ManufacturerName>ריגלי</ManufacturerName>
      <ManufactureCountry>לא ידוע</ManufactureCountry>
      <ManufacturerItemDescription>מסטיק אורביט תות מעטפה</ManufacturerItemDescription>
      <UnitQty>גרמים</UnitQty>
      <Quantity>27.00</Quantity>
      <UnitOfMeasure>100 גרם</UnitOfMeasure>
      <bIsWeighted>0</bIsWeighted>
      <QtyInPackage>1</QtyInPackage>
      <ItemPrice>6.90</ItemPrice>
      <UnitOfMeasurePrice>25.5556</UnitOfMeasurePrice>
      <AllowDiscount>1</AllowDiscount>
      <ItemStatus>1</ItemStatus>
      <ItemId>107674</ItemId>
    </Item>
    <Item>
      <PriceUpdateDate>2015-11-12 16:15:36</PriceUpdateDate>
      <ItemCode>7290001726006</ItemCode>
      <ItemType>1</ItemType>
      <ItemName>בורקס פטריות לק"ג</ItemName>
      <ManufacturerName>בונזור</ManufacturerName>
      <ManufactureCountry>ישראל</ManufactureCountry>
      <ManufacturerItemDescription>בורקס פטריות לק"ג</ManufacturerItemDescription>
      <UnitQty>קילוגרמים</UnitQty>
      <Quantity>1.00</Quantity>
      <UnitOfMeasure>ק"ג</UnitOfMeasure>
      <bIsWeighted>1</bIsWeighted>
      <QtyInPackage>לא ידוע</QtyInPackage>
      <ItemPrice>39.00</ItemPrice>
      <UnitOfMeasurePrice>39.0000</UnitOfMeasurePrice>
      <AllowDiscount>1</AllowDiscount>
      <ItemStatus>1</ItemStatus>
      <ItemId>107720</ItemId>
    </Item>
    <Item>
      <PriceUpdateDate>2016-07-05 14:56:49</PriceUpdateDate>
      <ItemCode>7290107874540</ItemCode>
      <ItemType>1</ItemType>
      <ItemName>עוגת קראנץ בטעם שוקו</ItemName>
      <ManufacturerName>בונזור</ManufacturerName>
      <ManufactureCountry>ישראל</ManufactureCountry>
      <ManufacturerItemDescription>עוגת קראנץ בטעם שוקו-חלבה 650 גר</ManufacturerItemDescription>
      <UnitQty>לא מנהל יחידת מידה</UnitQty>
      <Quantity>0.00</Quantity>
      <UnitOfMeasure>לא מנהל יחידת מידה</UnitOfMeasure>
      <bIsWeighted>0</bIsWeighted>
      <QtyInPackage>1</QtyInPackage>
      <ItemPrice>21.90</ItemPrice>
      <UnitOfMeasurePrice>0.0000</UnitOfMeasurePrice>
      <AllowDiscount>1</AllowDiscount>
      <ItemStatus>1</ItemStatus>
      <ItemId>107721</ItemId>
    </Item>
    <Item>
      <PriceUpdateDate>2015-11-12 16:15:36</PriceUpdateDate>
      <ItemCode>7290016171570</ItemCode>
      <ItemType>1</ItemType>
      <ItemName>עוגה בטעם מייפל עם א</ItemName>
      <ManufacturerName>בונזור</ManufacturerName>
      <ManufactureCountry>ישראל</ManufactureCountry>
      <ManufacturerItemDescription>עוגת קראנץ בטעם שוקו-חלבה 650 גר</ManufacturerItemDescription>
      <UnitQty>לא מנהל יחידת מידה</UnitQty>
      <Quantity>0.00</Quantity>
      <UnitOfMeasure>לא מנהל יחידת מידה</UnitOfMeasure>
      <bIsWeighted>0</bIsWeighted>
      <QtyInPackage>1</QtyInPackage>
      <ItemPrice>22.90</ItemPrice>
      <UnitOfMeasurePrice>0.0000</UnitOfMeasurePrice>
      <AllowDiscount>1</AllowDiscount>
      <ItemStatus>1</ItemStatus>
      <ItemId>107722</ItemId>
    </Item>
    <Item>
      <PriceUpdateDate>2015-11-19 12:15:32</PriceUpdateDate>
      <ItemCode>8004800002860</ItemCode>
      <ItemType>1</ItemType>
      <ItemName>ופלים אלדי פוקר וניל</ItemName>
      <ManufacturerName>אלדי</ManufacturerName>
      <ManufactureCountry>איטליה</ManufactureCountry>
      <ManufacturerItemDescription>אלדי פוקר וניל 150 גרם</ManufacturerItemDescription>
      <UnitQty>גרמים</UnitQty>
      <Quantity>150.00</Quantity>
      <UnitOfMeasure>100 גרם</UnitOfMeasure>
      <bIsWeighted>0</bIsWeighted>
      <QtyInPackage>1</QtyInPackage>
      <ItemPrice>8.90</ItemPrice>
      <UnitOfMeasurePrice>5.9333</UnitOfMeasurePrice>
      <AllowDiscount>1</AllowDiscount>
      <ItemStatus>1</ItemStatus>
      <ItemId>107755</ItemId>
    </Item>
    <Item>
      <PriceUpdateDate>2015-11-19 12:15:32</PriceUpdateDate>
      <ItemCode>8004800002884</ItemCode>
      <ItemType>1</ItemType>
      <ItemName>ופלים אלדי פוקר 150</ItemName>
      <ManufacturerName>אלדי</ManufacturerName>
      <ManufactureCountry>איטליה</ManufactureCountry>
      <ManufacturerItemDescription>אלדי פוקר 150 גרם</ManufacturerItemDescription>
      <UnitQty>גרמים</UnitQty>
      <Quantity>150.00</Quantity>
      <UnitOfMeasure>100 גרם</UnitOfMeasure>
      <bIsWeighted>0</bIsWeighted>
      <QtyInPackage>1</QtyInPackage>
      <ItemPrice>8.90</ItemPrice>
      <UnitOfMeasurePrice>5.9333</UnitOfMeasurePrice>
      <AllowDiscount>1</AllowDiscount>
      <ItemStatus>1</ItemStatus>
      <ItemId>107757</ItemId>
    </Item>
    <Item>
      <PriceUpdateDate>2016-01-29 08:04:32</PriceUpdateDate>
      <ItemCode>7290015858311</ItemCode>
      <ItemType>1</ItemType>
      <ItemName>ממרח פסטו ביתי 180 ג</ItemName>
      <ManufacturerName>זאביק יצור ושיווק מז</ManufacturerName>
      <ManufactureCountry>ישראל</ManufactureCountry>
      <ManufacturerItemDescription>ממרח פסטו ביתי 180 גרם</ManufacturerItemDescription>
      <UnitQty>גרמים</UnitQty>
      <Quantity>180.00</Quantity>
      <UnitOfMeasure>100 גרם</UnitOfMeasure>
      <bIsWeighted>0</bIsWeighted>
      <QtyInPackage>1</QtyInPackage>
      <ItemPrice>19.90</ItemPrice>
      <UnitOfMeasurePrice>11.0556</UnitOfMeasurePrice>
      <AllowDiscount>1</AllowDiscount>
      <ItemStatus>1</ItemStatus>
      <ItemId>107759</ItemId>
    </Item>
    <Item>
      <PriceUpdateDate>2016-01-29 08:04:32</PriceUpdateDate>
      <ItemCode>7290015858328</ItemCode>
      <ItemType>1</ItemType>
      <ItemName>ממרח עגבניות מיובשות</ItemName>
      <ManufacturerName>זאביק יצור ושיווק מז</ManufacturerName>
      <ManufactureCountry>ישראל</ManufactureCountry>
      <ManufacturerItemDescription>ממרח עגבניות מיובשות  180 גרם</ManufacturerItemDescription>
      <UnitQty>גרמים</UnitQty>
      <Quantity>180.00</Quantity>
      <UnitOfMeasure>100 גרם</UnitOfMeasure>
      <bIsWeighted>0</bIsWeighted>
      <QtyInPackage>1</QtyInPackage>
      <ItemPrice>19.90</ItemPrice>
      <UnitOfMeasurePrice>11.0556</UnitOfMeasurePrice>
      <AllowDiscount>1</AllowDiscount>
      <ItemStatus>1</ItemStatus>
      <ItemId>107760</ItemId>
    </Item>
    <Item>
      <PriceUpdateDate>2016-01-29 08:04:32</PriceUpdateDate>
      <ItemCode>7290015858359</ItemCode>
      <ItemType>1</ItemType>
      <ItemName>ממרח ארטישוק 180  גר</ItemName>
      <ManufacturerName>זאביק יצור ושיווק מז</ManufacturerName>
      <ManufactureCountry>ישראל</ManufactureCountry>
      <ManufacturerItemDescription>ממרח ארטישוק 180  גרם</ManufacturerItemDescription>
      <UnitQty>גרמים</UnitQty>
      <Quantity>180.00</Quantity>
      <UnitOfMeasure>100 גרם</UnitOfMeasure>
      <bIsWeighted>0</bIsWeighted>
      <QtyInPackage>1</QtyInPackage>
      <ItemPrice>19.90</ItemPrice>
      <UnitOfMeasurePrice>11.0556</UnitOfMeasurePrice>
      <AllowDiscount>1</AllowDiscount>
      <ItemStatus>1</ItemStatus>
      <ItemId>107761</ItemId>
    </Item>
    <Item>
      <PriceUpdateDate>2016-01-29 08:04:32</PriceUpdateDate>
      <ItemCode>7290015858342</ItemCode>
      <ItemType>1</ItemType>
      <ItemName>ממרח לימון כבוש 180</ItemName>
      <ManufacturerName>זאביק יצור ושיווק מז</ManufacturerName>
      <ManufactureCountry>ישראל</ManufactureCountry>
      <ManufacturerItemDescription>ממרח לימון כבוש 180  גרם</ManufacturerItemDescription>
      <UnitQty>גרמים</UnitQty>
      <Quantity>180.00</Quantity>
      <UnitOfMeasure>100 גרם</UnitOfMeasure>
      <bIsWeighted>0</bIsWeighted>
      <QtyInPackage>1</QtyInPackage>
      <ItemPrice>19.90</ItemPrice>
      <UnitOfMeasurePrice>11.0556</UnitOfMeasurePrice>
      <AllowDiscount>1</AllowDiscount>
      <ItemStatus>1</ItemStatus>
      <ItemId>107762</ItemId>
    </Item>
    <Item>
      <PriceUpdateDate>2016-01-29 08:04:32</PriceUpdateDate>
      <ItemCode>7290015858335</ItemCode>
      <ItemType>1</ItemType>
      <ItemName>ממרח פלפלים קלויים</ItemName>
      <ManufacturerName>זאביק יצור ושיווק מז</ManufacturerName>
      <ManufactureCountry>ישראל</ManufactureCountry>
      <ManufacturerItemDescription>ממרח פלפלים קלויים  180  גרם</ManufacturerItemDescription>
      <UnitQty>גרמים</UnitQty>
      <Quantity>180.00</Quantity>
      <UnitOfMeasure>100 גרם</UnitOfMeasure>
      <bIsWeighted>0</bIsWeighted>
      <QtyInPackage>1</QtyInPackage>
      <ItemPrice>19.90</ItemPrice>
      <UnitOfMeasurePrice>11.0556</UnitOfMeasurePrice>
      <AllowDiscount>1</AllowDiscount>
      <ItemStatus>1</ItemStatus>
      <ItemId>107763</ItemId>
    </Item>
    <Item>
      <PriceUpdateDate>2016-01-29 08:04:32</PriceUpdateDate>
      <ItemCode>7290015858373</ItemCode>
      <ItemType>1</ItemType>
      <ItemName>ממרח טפנד זיתים ירוק</ItemName>
      <ManufacturerName>זאביק יצור ושיווק מז</ManufacturerName>
      <ManufactureCountry>ישראל</ManufactureCountry>
      <ManufacturerItemDescription>ממרח טפנד זיתים ירוקים  180  גרם</ManufacturerItemDescription>
      <UnitQty>גרמים</UnitQty>
      <Quantity>180.00</Quantity>
      <UnitOfMeasure>100 גרם</UnitOfMeasure>
      <bIsWeighted>0</bIsWeighted>
      <QtyInPackage>1</QtyInPackage>
      <ItemPrice>19.90</ItemPrice>
      <UnitOfMeasurePrice>11.0556</UnitOfMeasurePrice>
      <AllowDiscount>1</AllowDiscount>
      <ItemStatus>1</ItemStatus>
      <ItemId>107764</ItemId>
    </Item>
    <Item>
      <PriceUpdateDate>2016-01-29 08:04:32</PriceUpdateDate>
      <ItemCode>7290015858380</ItemCode>
      <ItemType>1</ItemType>
      <ItemName>ממרח טפנד זיתים שחור</ItemName>
      <ManufacturerName>זאביק יצור ושיווק מז</ManufacturerName>
      <ManufactureCountry>ישראל</ManufactureCountry>
      <ManufacturerItemDescription>ממרח טפנד זיתים שחורים 180  גרם</ManufacturerItemDescription>
      <UnitQty>גרמים</UnitQty>
      <Quantity>180.00</Quantity>
      <UnitOfMeasure>100 גרם</UnitOfMeasure>
      <bIsWeighted>0</bIsWeighted>
      <QtyInPackage>1</QtyInPackage>
      <ItemPrice>19.90</ItemPrice>
      <UnitOfMeasurePrice>11.0556</UnitOfMeasurePrice>
      <AllowDiscount>1</AllowDiscount>
      <ItemStatus>1</ItemStatus>
      <ItemId>107765</ItemId>
    </Item>
    <Item>
      <PriceUpdateDate>2016-01-29 08:04:32</PriceUpdateDate>
      <ItemCode>7290015858458</ItemCode>
      <ItemType>1</ItemType>
      <ItemName>ממרח אריסה ביתי 180</ItemName>
      <ManufacturerName>זאביק יצור ושיווק מז</ManufacturerName>
      <ManufactureCountry>ישראל</ManufactureCountry>
      <ManufacturerItemDescription>ממרח אריסה ביתי 180  גרם</ManufacturerItemDescription>
      <UnitQty>גרמים</UnitQty>
      <Quantity>180.00</Quantity>
      <UnitOfMeasure>100 גרם</UnitOfMeasure>
      <bIsWeighted>0</bIsWeighted>
      <QtyInPackage>1</QtyInPackage>
      <ItemPrice>19.90</ItemPrice>
      <UnitOfMeasurePrice>11.0556</UnitOfMeasurePrice>
      <AllowDiscount>1</AllowDiscount>
      <ItemStatus>1</ItemStatus>
      <ItemId>107766</ItemId>
    </Item>
    <Item>
      <PriceUpdateDate>2016-01-29 08:04:32</PriceUpdateDate>
      <ItemCode>7290015858397</ItemCode>
      <ItemType>1</ItemType>
      <ItemName>ממרח חזרת  180  גרם</ItemName>
      <ManufacturerName>זאביק יצור ושיווק מז</ManufacturerName>
      <ManufactureCountry>ישראל</ManufactureCountry>
      <ManufacturerItemDescription>ממרח חזרת  180  גרם</ManufacturerItemDescription>
      <UnitQty>גרמים</UnitQty>
      <Quantity>180.00</Quantity>
      <UnitOfMeasure>100 גרם</UnitOfMeasure>
      <bIsWeighted>0</bIsWeighted>
      <QtyInPackage>1</QtyInPackage>
      <ItemPrice>19.90</ItemPrice>
      <UnitOfMeasurePrice>11.0556</UnitOfMeasurePrice>
      <AllowDiscount>1</AllowDiscount>
      <ItemStatus>1</ItemStatus>
      <ItemId>107767</ItemId>
    </Item>
    <Item>
      <PriceUpdateDate>2015-11-22 14:15:40</PriceUpdateDate>
      <ItemCode>7290107934503</ItemCode>
      <ItemType>1</ItemType>
      <ItemName>מארז יוגורט אקטיביה</ItemName>
      <ManufacturerName>שטראוס גרופ</ManufacturerName>
      <ManufactureCountry>לא ידוע</ManufactureCountry>
      <ManufacturerItemDescription>מארז יוגורט אקטיביה              3% 1/4</ManufacturerItemDescription>
      <UnitQty>גרמים</UnitQty>
      <Quantity>600.00</Quantity>
      <UnitOfMeasure>100 גרם</UnitOfMeasure>
      <bIsWeighted>0</bIsWeighted>
      <QtyInPackage>1</QtyInPackage>
      <ItemPrice>13.90</ItemPrice>
      <UnitOfMeasurePrice>2.3167</UnitOfMeasurePrice>
      <AllowDiscount>1</AllowDiscount>
      <ItemStatus>1</ItemStatus>
      <ItemId>107788</ItemId>
    </Item>
    <Item>
      <PriceUpdateDate>2016-06-15 07:39:59</PriceUpdateDate>
      <ItemCode>7290015597302</ItemCode>
      <ItemType>1</ItemType>
      <ItemName>גלידה קארט דור קרם ב</ItemName>
      <ManufacturerName>שטראוס גלידות</ManufacturerName>
      <ManufactureCountry>לא ידוע</ManufactureCountry>
      <ManufacturerItemDescription>קארט דור קרם ברולה</ManufacturerItemDescription>
      <UnitQty>גרמים</UnitQty>
      <Quantity>520.00</Quantity>
      <UnitOfMeasure>100 גרם</UnitOfMeasure>
      <bIsWeighted>0</bIsWeighted>
      <QtyInPackage>1</QtyInPackage>
      <ItemPrice>19.90</ItemPrice>
      <UnitOfMeasurePrice>3.8269</UnitOfMeasurePrice>
      <AllowDiscount>1</AllowDiscount>
      <ItemStatus>1</ItemStatus>
      <ItemId>109128</ItemId>
    </Item>
    <Item>
      <PriceUpdateDate>2015-11-22 14:15:40</PriceUpdateDate>
      <ItemCode>7290107934497</ItemCode>
      <ItemType>1</ItemType>
      <ItemName>מארז יוגורט אקטיביה</ItemName>
      <ManufacturerName>שטראוס גרופ</ManufacturerName>
      <ManufactureCountry>לא ידוע</ManufactureCountry>
      <ManufacturerItemDescription>מארז יוגורט אקטיביה              1.5%1/4</ManufacturerItemDescription>
      <UnitQty>גרמים</UnitQty>
      <Quantity>600.00</Quantity>
      <UnitOfMeasure>100 גרם</UnitOfMeasure>
      <bIsWeighted>0</bIsWeighted>
      <QtyInPackage>1</QtyInPackage>
      <ItemPrice>13.90</ItemPrice>
      <UnitOfMeasurePrice>2.3167</UnitOfMeasurePrice>
      <AllowDiscount>1</AllowDiscount>
      <ItemStatus>1</ItemStatus>
      <ItemId>107789</ItemId>
    </Item>
    <Item>
      <PriceUpdateDate>2016-01-21 14:57:59</PriceUpdateDate>
      <ItemCode>8076809545440</ItemCode>
      <ItemType>1</ItemType>
      <ItemName>אטריות ללא גלוטן ברי</ItemName>
      <ManufacturerName>BARILLA G.E.R.</ManufacturerName>
      <ManufactureCountry>איטליה</ManufactureCountry>
      <ManufacturerItemDescription>אטריות ללא גלוטן ברילה 400 גרם</ManufacturerItemDescription>
      <UnitQty>גרמים</UnitQty>
      <Quantity>400.00</Quantity>
      <UnitOfMeasure>100 גרם</UnitOfMeasure>
      <bIsWeighted>0</bIsWeighted>
      <QtyInPackage>1</QtyInPackage>
      <ItemPrice>12.90</ItemPrice>
      <UnitOfMeasurePrice>3.2250</UnitOfMeasurePrice>
      <AllowDiscount>1</AllowDiscount>
      <ItemStatus>1</ItemStatus>
      <ItemId>107806</ItemId>
    </Item>
    <Item>
      <PriceUpdateDate>2016-01-21 14:57:59</PriceUpdateDate>
      <ItemCode>8076809545457</ItemCode>
      <ItemType>1</ItemType>
      <ItemName>פסטה צינורות ללא גלו</ItemName>
      <ManufacturerName>BARILLA G.E.R.</ManufacturerName>
      <ManufactureCountry>איטליה</ManufactureCountry>
      <ManufacturerItemDescription>פסטה צינורות ללא גלוטן ברילה 400 גרם</ManufacturerItemDescription>
      <UnitQty>גרמים</UnitQty>
      <Quantity>400.00</Quantity>
      <UnitOfMeasure>100 גרם</UnitOfMeasure>
      <bIsWeighted>0</bIsWeighted>
      <QtyInPackage>1</QtyInPackage>
      <ItemPrice>12.90</ItemPrice>
      <UnitOfMeasurePrice>3.2250</UnitOfMeasurePrice>
      <AllowDiscount>1</AllowDiscount>
      <ItemStatus>1</ItemStatus>
      <ItemId>107807</ItemId>
    </Item>
    <Item>
      <PriceUpdateDate>2016-01-21 14:57:59</PriceUpdateDate>
      <ItemCode>8076809545464</ItemCode>
      <ItemType>1</ItemType>
      <ItemName>פסטה ספרילי ללא גלוט</ItemName>
      <ManufacturerName>BARILLA G.E.R.</ManufacturerName>
      <ManufactureCountry>איטליה</ManufactureCountry>
      <ManufacturerItemDescription>פסטה ספרילי ללא גלוטן ברילה 400 גרם</ManufacturerItemDescription>
      <UnitQty>גרמים</UnitQty>
      <Quantity>400.00</Quantity>
      <UnitOfMeasure>100 גרם</UnitOfMeasure>
      <bIsWeighted>0</bIsWeighted>
      <QtyInPackage>1</QtyInPackage>
      <ItemPrice>12.90</ItemPrice>
      <UnitOfMeasurePrice>3.2250</UnitOfMeasurePrice>
      <AllowDiscount>1</AllowDiscount>
      <ItemStatus>1</ItemStatus>
      <ItemId>107808</ItemId>
    </Item>
    <Item>
      <PriceUpdateDate>2016-07-20 15:48:29</PriceUpdateDate>
      <ItemCode>8888111578586</ItemCode>
      <ItemType>1</ItemType>
      <ItemName>מיץ אננס עם קוקוס 24</ItemName>
      <ManufacturerName>פילפאק</ManufacturerName>
      <ManufactureCountry>פיליפינים</ManufactureCountry>
      <ManufacturerItemDescription>מיץ אננס עם קוקוס</ManufacturerItemDescription>
      <UnitQty>מיליליטרים</UnitQty>
      <Quantity>240.00</Quantity>
      <UnitOfMeasure>100 מ"ל</UnitOfMeasure>
      <bIsWeighted>0</bIsWeighted>
      <QtyInPackage>1</QtyInPackage>
      <ItemPrice>4.90</ItemPrice>
      <UnitOfMeasurePrice>2.0417</UnitOfMeasurePrice>
      <AllowDiscount>1</AllowDiscount>
      <ItemStatus>1</ItemStatus>
      <ItemId>107816</ItemId>
    </Item>
    <Item>
      <PriceUpdateDate>2015-12-18 08:31:31</PriceUpdateDate>
      <ItemCode>8410076900159</ItemCode>
      <ItemType>1</ItemType>
      <ItemName>נייטשר וואלי צ"ואי ש</ItemName>
      <ManufacturerName>ג'נרל מילס</ManufacturerName>
      <ManufactureCountry>לא ידוע</ManufactureCountry>
      <ManufacturerItemDescription>נייטשר וואלי צ"ואי שוקולד קרם שקדים בודד</ManufacturerItemDescription>
      <UnitQty>גרמים</UnitQty>
      <Quantity>42.00</Quantity>
      <UnitOfMeasure>100 גרם</UnitOfMeasure>
      <bIsWeighted>0</bIsWeighted>
      <QtyInPackage>1</QtyInPackage>
      <ItemPrice>4.90</ItemPrice>
      <UnitOfMeasurePrice>11.6667</UnitOfMeasurePrice>
      <AllowDiscount>1</AllowDiscount>
      <ItemStatus>1</ItemStatus>
      <ItemId>107820</ItemId>
    </Item>
    <Item>
      <PriceUpdateDate>2015-12-17 08:12:30</PriceUpdateDate>
      <ItemCode>8410076900203</ItemCode>
      <ItemType>1</ItemType>
      <ItemName>נייטשר וואלי שיבולת</ItemName>
      <ManufacturerName>ג'נרל מילס</ManufacturerName>
      <ManufactureCountry>לא ידוע</ManufactureCountry>
      <ManufacturerItemDescription>נייטשר וואלי שיבולת שועל וגרעיני בודד</ManufacturerItemDescription>
      <UnitQty>גרמים</UnitQty>
      <Quantity>42.00</Quantity>
      <UnitOfMeasure>100 גרם</UnitOfMeasure>
      <bIsWeighted>0</bIsWeighted>
      <QtyInPackage>1</QtyInPackage>
      <ItemPrice>4.90</ItemPrice>
      <UnitOfMeasurePrice>11.6667</UnitOfMeasurePrice>
      <AllowDiscount>1</AllowDiscount>
      <ItemStatus>1</ItemStatus>
      <ItemId>107821</ItemId>
    </Item>
    <Item>
      <PriceUpdateDate>2016-05-15 11:16:27</PriceUpdateDate>
      <ItemCode>7290106665606</ItemCode>
      <ItemType>1</ItemType>
      <ItemName>תפוציפס אקסטרא בטעם</ItemName>
      <ManufacturerName>שטראוס גרופ</ManufacturerName>
      <ManufactureCountry>לא ידוע</ManufactureCountry>
      <ManufacturerItemDescription>תפוציפס אקסטרא בטעם שווארמה 200 גרם</ManufacturerItemDescription>
      <UnitQty>גרמים</UnitQty>
      <Quantity>200.00</Quantity>
      <UnitOfMeasure>100 גרם</UnitOfMeasure>
      <bIsWeighted>0</bIsWeighted>
      <QtyInPackage>1</QtyInPackage>
      <ItemPrice>11.80</ItemPrice>
      <UnitOfMeasurePrice>5.9000</UnitOfMeasurePrice>
      <AllowDiscount>1</AllowDiscount>
      <ItemStatus>1</ItemStatus>
      <ItemId>109477</ItemId>
    </Item>
    <Item>
      <PriceUpdateDate>2016-03-02 13:11:54</PriceUpdateDate>
      <ItemCode>8714599513866</ItemCode>
      <ItemType>1</ItemType>
      <ItemName>קפה גיקובס קרונג נמס</ItemName>
      <ManufacturerName>מונדלייז</ManufacturerName>
      <ManufactureCountry>גרמניה</ManufactureCountry>
      <ManufacturerItemDescription>קפה גיקובס קרונג נמס200 גר כשלפ</ManufacturerItemDescription>
      <UnitQty>גרמים</UnitQty>
      <Quantity>200.00</Quantity>
      <UnitOfMeasure>100 גרם</UnitOfMeasure>
      <bIsWeighted>0</bIsWeighted>
      <QtyInPackage>1</QtyInPackage>
      <ItemPrice>44.50</ItemPrice>
      <UnitOfMeasurePrice>22.2500</UnitOfMeasurePrice>
      <AllowDiscount>1</AllowDiscount>
      <ItemStatus>1</ItemStatus>
      <ItemId>108889</ItemId>
    </Item>
    <Item>
      <PriceUpdateDate>2015-12-21 16:15:30</PriceUpdateDate>
      <ItemCode>7290107876803</ItemCode>
      <ItemType>1</ItemType>
      <ItemName>זית חרוזית ירוק  בית</ItemName>
      <ManufacturerName>בית השיטה</ManufacturerName>
      <ManufactureCountry>ישראל</ManufactureCountry>
      <ManufacturerItemDescription>זית חרוזית ירוק  בית השיטה 560 גר</ManufacturerItemDescription>
      <UnitQty>גרמים</UnitQty>
      <Quantity>560.00</Quantity>
      <UnitOfMeasure>100 גרם</UnitOfMeasure>
      <bIsWeighted>0</bIsWeighted>
      <QtyInPackage>1</QtyInPackage>
      <ItemPrice>9.90</ItemPrice>
      <UnitOfMeasurePrice>1.7679</UnitOfMeasurePrice>
      <AllowDiscount>1</AllowDiscount>
      <ItemStatus>1</ItemStatus>
      <ItemId>107963</ItemId>
    </Item>
    <Item>
      <PriceUpdateDate>2016-01-04 15:26:07</PriceUpdateDate>
      <ItemCode>8000500214114</ItemCode>
      <ItemType>1</ItemType>
      <ItemName>חטיף וופל קינדר בואנ</ItemName>
      <ManufacturerName>פררו</ManufacturerName>
      <ManufactureCountry>פולין</ManufactureCountry>
      <ManufacturerItemDescription>חטיף וופל קינדר בואנו מריר</ManufacturerItemDescription>
      <UnitQty>גרמים</UnitQty>
      <Quantity>43.00</Quantity>
      <UnitOfMeasure>100 גרם</UnitOfMeasure>
      <bIsWeighted>0</bIsWeighted>
      <QtyInPackage>1</QtyInPackage>
      <ItemPrice>5.90</ItemPrice>
      <UnitOfMeasurePrice>13.7209</UnitOfMeasurePrice>
      <AllowDiscount>1</AllowDiscount>
      <ItemStatus>1</ItemStatus>
      <ItemId>107995</ItemId>
    </Item>
    <Item>
      <PriceUpdateDate>2016-03-02 13:11:54</PriceUpdateDate>
      <ItemCode>8714599513781</ItemCode>
      <ItemType>1</ItemType>
      <ItemName>קפה גיקובס גולד 200</ItemName>
      <ManufacturerName>מונדלייז</ManufacturerName>
      <ManufactureCountry>גרמניה</ManufactureCountry>
      <ManufacturerItemDescription>קפה גיקובס גולד 200 גר</ManufacturerItemDescription>
      <UnitQty>גרמים</UnitQty>
      <Quantity>200.00</Quantity>
      <UnitOfMeasure>100 גרם</UnitOfMeasure>
      <bIsWeighted>0</bIsWeighted>
      <QtyInPackage>1</QtyInPackage>
      <ItemPrice>38.90</ItemPrice>
      <UnitOfMeasurePrice>19.4500</UnitOfMeasurePrice>
      <AllowDiscount>1</AllowDiscount>
      <ItemStatus>1</ItemStatus>
      <ItemId>108890</ItemId>
    </Item>
    <Item>
      <PriceUpdateDate>2016-07-11 16:01:42</PriceUpdateDate>
      <ItemCode>5949040201105</ItemCode>
      <ItemType>1</ItemType>
      <ItemName>בייגלה עם שומשום 180</ItemName>
      <ManufacturerName>אלקה סי או ס.ר.ל</ManufacturerName>
      <ManufactureCountry>רומניה</ManufactureCountry>
      <ManufacturerItemDescription>בייגלה עם שומשום 180 גר ELEPHANT</ManufacturerItemDescription>
      <UnitQty>גרמים</UnitQty>
      <Quantity>180.00</Quantity>
      <UnitOfMeasure>100 גרם</UnitOfMeasure>
      <bIsWeighted>0</bIsWeighted>
      <QtyInPackage>1</QtyInPackage>
      <ItemPrice>8.90</ItemPrice>
      <UnitOfMeasurePrice>4.9444</UnitOfMeasurePrice>
      <AllowDiscount>1</AllowDiscount>
      <ItemStatus>1</ItemStatus>
      <ItemId>109853</ItemId>
    </Item>
    <Item>
      <PriceUpdateDate>2016-07-21 16:15:33</PriceUpdateDate>
      <ItemCode>8902335006189</ItemCode>
      <ItemType>1</ItemType>
      <ItemName>עוגיות בטעם חמאה 114</ItemName>
      <ManufacturerName>ג'אנוש צ'וז'קי</ManufacturerName>
      <ManufactureCountry>לא ידוע</ManufactureCountry>
      <ManufacturerItemDescription>עוגיות בטעם חמאה 114 גר</ManufacturerItemDescription>
      <UnitQty>גרמים</UnitQty>
      <Quantity>114.00</Quantity>
      <UnitOfMeasure>100 גרם</UnitOfMeasure>
      <bIsWeighted>0</bIsWeighted>
      <QtyInPackage>1</QtyInPackage>
      <ItemPrice>5.50</ItemPrice>
      <UnitOfMeasurePrice>4.8246</UnitOfMeasurePrice>
      <AllowDiscount>1</AllowDiscount>
      <ItemStatus>1</ItemStatus>
      <ItemId>109879</ItemId>
    </Item>
    <Item>
      <PriceUpdateDate>2015-12-29 18:15:31</PriceUpdateDate>
      <ItemCode>7290002881766</ItemCode>
      <ItemType>1</ItemType>
      <ItemName>פטריות שלישייה 290 ג</ItemName>
      <ManufacturerName>פרוצאמפ</ManufacturerName>
      <ManufactureCountry>הולנד</ManufactureCountry>
      <ManufacturerItemDescription>פטריות שלישייה 290 גרם</ManufacturerItemDescription>
      <UnitQty>גרמים</UnitQty>
      <Quantity>290.00</Quantity>
      <UnitOfMeasure>100 גרם</UnitOfMeasure>
      <bIsWeighted>0</bIsWeighted>
      <QtyInPackage>1</QtyInPackage>
      <ItemPrice>15.90</ItemPrice>
      <UnitOfMeasurePrice>5.4828</UnitOfMeasurePrice>
      <AllowDiscount>1</AllowDiscount>
      <ItemStatus>1</ItemStatus>
      <ItemId>108049</ItemId>
    </Item>
    <Item>
      <PriceUpdateDate>2015-12-29 18:15:31</PriceUpdateDate>
      <ItemCode>7290015193269</ItemCode>
      <ItemType>1</ItemType>
      <ItemName>שמן שומשום שחור טהור</ItemName>
      <ManufacturerName>או שין הינג</ManufacturerName>
      <ManufactureCountry>לא ידוע</ManufactureCountry>
      <ManufacturerItemDescription>שמן שומשום שחור טהור WOK</ManufacturerItemDescription>
      <UnitQty>מיליליטרים</UnitQty>
      <Quantity>150.00</Quantity>
      <UnitOfMeasure>100 מ"ל</UnitOfMeasure>
      <bIsWeighted>0</bIsWeighted>
      <QtyInPackage>1</QtyInPackage>
      <ItemPrice>15.90</ItemPrice>
      <UnitOfMeasurePrice>10.6000</UnitOfMeasurePrice>
      <AllowDiscount>1</AllowDiscount>
      <ItemStatus>1</ItemStatus>
      <ItemId>108053</ItemId>
    </Item>
    <Item>
      <PriceUpdateDate>2016-04-10 16:15:36</PriceUpdateDate>
      <ItemCode>7622010001858</ItemCode>
      <ItemType>1</ItemType>
      <ItemName>עוגיות אוראו ממולאות</ItemName>
      <ManufacturerName>מונדלייז</ManufacturerName>
      <ManufactureCountry>צ'כיה</ManufactureCountry>
      <ManufacturerItemDescription>עוגיות אוראו ממולאות קרם וניל 176</ManufacturerItemDescription>
      <UnitQty>גרמים</UnitQty>
      <Quantity>176.00</Quantity>
      <UnitOfMeasure>100 גרם</UnitOfMeasure>
      <bIsWeighted>0</bIsWeighted>
      <QtyInPackage>1</QtyInPackage>
      <ItemPrice>10.90</ItemPrice>
      <UnitOfMeasurePrice>6.1932</UnitOfMeasurePrice>
      <AllowDiscount>1</AllowDiscount>
      <ItemStatus>1</ItemStatus>
      <ItemId>109229</ItemId>
    </Item>
    <Item>
      <PriceUpdateDate>2015-12-29 18:15:32</PriceUpdateDate>
      <ItemCode>7290015804080</ItemCode>
      <ItemType>1</ItemType>
      <ItemName>רסק עגבניות 100 גר B</ItemName>
      <ManufacturerName>פרי גליל</ManufacturerName>
      <ManufactureCountry>ישראל</ManufactureCountry>
      <ManufacturerItemDescription>רסק עגבניות 100 גר B22</ManufacturerItemDescription>
      <UnitQty>גרמים</UnitQty>
      <Quantity>100.00</Quantity>
      <UnitOfMeasure>100 גרם</UnitOfMeasure>
      <bIsWeighted>0</bIsWeighted>
      <QtyInPackage>1</QtyInPackage>
      <ItemPrice>2.30</ItemPrice>
      <UnitOfMeasurePrice>2.3000</UnitOfMeasurePrice>
      <AllowDiscount>1</AllowDiscount>
      <ItemStatus>1</ItemStatus>
      <ItemId>108054</ItemId>
    </Item>
    <Item>
      <PriceUpdateDate>2016-01-03 10:30:33</PriceUpdateDate>
      <ItemCode>7290107932080</ItemCode>
      <ItemType>1</ItemType>
      <ItemName>חלב בקבוק 3% מעושר</ItemName>
      <ManufacturerName>שטראוס גרופ</ManufacturerName>
      <ManufactureCountry>ישראל</ManufactureCountry>
      <ManufacturerItemDescription>חלב בקבוק 3% מעושר</ManufacturerItemDescription>
      <UnitQty>ליטרים</UnitQty>
      <Quantity>1.00</Quantity>
      <UnitOfMeasure>ליטר</UnitOfMeasure>
      <bIsWeighted>0</bIsWeighted>
      <QtyInPackage>1</QtyInPackage>
      <ItemPrice>8.00</ItemPrice>
      <UnitOfMeasurePrice>8.0000</UnitOfMeasurePrice>
      <AllowDiscount>1</AllowDiscount>
      <ItemStatus>1</ItemStatus>
      <ItemId>108064</ItemId>
    </Item>
    <Item>
      <PriceUpdateDate>2016-01-22 07:55:28</PriceUpdateDate>
      <ItemCode>7290015597326</ItemCode>
      <ItemType>1</ItemType>
      <ItemName>מאגדת אייס לייט</ItemName>
      <ManufacturerName>גלידות שטראוס</ManufacturerName>
      <ManufactureCountry>ישראל</ManufactureCountry>
      <ManufacturerItemDescription>מאגדת קרחוני שרבט אייס לייט</ManufacturerItemDescription>
      <UnitQty>גרמים</UnitQty>
      <Quantity>710.00</Quantity>
      <UnitOfMeasure>100 גרם</UnitOfMeasure>
      <bIsWeighted>0</bIsWeighted>
      <QtyInPackage>1</QtyInPackage>
      <ItemPrice>27.90</ItemPrice>
      <UnitOfMeasurePrice>3.9296</UnitOfMeasurePrice>
      <AllowDiscount>1</AllowDiscount>
      <ItemStatus>1</ItemStatus>
      <ItemId>108097</ItemId>
    </Item>
    <Item>
      <PriceUpdateDate>2016-01-22 07:55:28</PriceUpdateDate>
      <ItemCode>7290015597258</ItemCode>
      <ItemType>1</ItemType>
      <ItemName>מאגדת לייט וניל עוגי</ItemName>
      <ManufacturerName>גלידות שטראוס</ManufacturerName>
      <ManufactureCountry>ישראל</ManufactureCountry>
      <ManufacturerItemDescription>מאגדת לייט וניל עוגיות</ManufacturerItemDescription>
      <UnitQty>גרמים</UnitQty>
      <Quantity>342.00</Quantity>
      <UnitOfMeasure>100 גרם</UnitOfMeasure>
      <bIsWeighted>0</bIsWeighted>
      <QtyInPackage>1</QtyInPackage>
      <ItemPrice>29.90</ItemPrice>
      <UnitOfMeasurePrice>8.7427</UnitOfMeasurePrice>
      <AllowDiscount>1</AllowDiscount>
      <ItemStatus>1</ItemStatus>
      <ItemId>108100</ItemId>
    </Item>
    <Item>
      <PriceUpdateDate>2016-04-25 11:41:50</PriceUpdateDate>
      <ItemCode>8690770322079</ItemCode>
      <ItemType>1</ItemType>
      <ItemName>שמרים יבשים 450 גרם</ItemName>
      <ManufacturerName>פוליבה</ManufacturerName>
      <ManufactureCountry>ישראל</ManufactureCountry>
      <ManufacturerItemDescription>שמרים יבשים 450 גרם</ManufacturerItemDescription>
      <UnitQty>גרמים</UnitQty>
      <Quantity>450.00</Quantity>
      <UnitOfMeasure>100 גרם</UnitOfMeasure>
      <bIsWeighted>0</bIsWeighted>
      <QtyInPackage>1</QtyInPackage>
      <ItemPrice>17.90</ItemPrice>
      <UnitOfMeasurePrice>3.9778</UnitOfMeasurePrice>
      <AllowDiscount>1</AllowDiscount>
      <ItemStatus>1</ItemStatus>
      <ItemId>108101</ItemId>
    </Item>
    <Item>
      <PriceUpdateDate>2016-01-07 16:15:34</PriceUpdateDate>
      <ItemCode>7290107930215</ItemCode>
      <ItemType>1</ItemType>
      <ItemName>חטיף אנרגי מיקס פירו</ItemName>
      <ManufacturerName>שטראוס גרופ</ManufacturerName>
      <ManufactureCountry>לא ידוע</ManufactureCountry>
      <ManufacturerItemDescription>מאגדת אנרג"י שייפ מיקס פירות ושוקולד</ManufacturerItemDescription>
      <UnitQty>גרמים</UnitQty>
      <Quantity>144.00</Quantity>
      <UnitOfMeasure>100 גרם</UnitOfMeasure>
      <bIsWeighted>0</bIsWeighted>
      <QtyInPackage>1</QtyInPackage>
      <ItemPrice>21.90</ItemPrice>
      <UnitOfMeasurePrice>15.2083</UnitOfMeasurePrice>
      <AllowDiscount>1</AllowDiscount>
      <ItemStatus>1</ItemStatus>
      <ItemId>108113</ItemId>
    </Item>
    <Item>
      <PriceUpdateDate>2016-01-07 16:15:34</PriceUpdateDate>
      <ItemCode>7290106727045</ItemCode>
      <ItemType>1</ItemType>
      <ItemName>יוגורט דנונה פרו אננ</ItemName>
      <ManufacturerName>שטראוס גרופ</ManufacturerName>
      <ManufactureCountry>לא ידוע</ManufactureCountry>
      <ManufacturerItemDescription>יוגורט דנונה פרו אננס</ManufacturerItemDescription>
      <UnitQty>גרמים</UnitQty>
      <Quantity>150.00</Quantity>
      <UnitOfMeasure>100 גרם</UnitOfMeasure>
      <bIsWeighted>0</bIsWeighted>
      <QtyInPackage>1</QtyInPackage>
      <ItemPrice>5.00</ItemPrice>
      <UnitOfMeasurePrice>3.3333</UnitOfMeasurePrice>
      <AllowDiscount>1</AllowDiscount>
      <ItemStatus>1</ItemStatus>
      <ItemId>108119</ItemId>
    </Item>
    <Item>
      <PriceUpdateDate>2016-01-07 16:15:34</PriceUpdateDate>
      <ItemCode>7290106726178</ItemCode>
      <ItemType>1</ItemType>
      <ItemName>יוגורט דנונה פרו פיר</ItemName>
      <ManufacturerName>שטראוס גרופ</ManufacturerName>
      <ManufactureCountry>ישראל</ManufactureCountry>
      <ManufacturerItemDescription>יוגורט דנונה פרו פירות יער</ManufacturerItemDescription>
      <UnitQty>גרמים</UnitQty>
      <Quantity>150.00</Quantity>
      <UnitOfMeasure>100 גרם</UnitOfMeasure>
      <bIsWeighted>0</bIsWeighted>
      <QtyInPackage>1</QtyInPackage>
      <ItemPrice>5.00</ItemPrice>
      <UnitOfMeasurePrice>3.3333</UnitOfMeasurePrice>
      <AllowDiscount>1</AllowDiscount>
      <ItemStatus>1</ItemStatus>
      <ItemId>108121</ItemId>
    </Item>
    <Item>
      <PriceUpdateDate>2016-01-07 16:15:34</PriceUpdateDate>
      <ItemCode>7290106726161</ItemCode>
      <ItemType>1</ItemType>
      <ItemName>יוגורט דנונה פרו אפר</ItemName>
      <ManufacturerName>שטראוס גרופ</ManufacturerName>
      <ManufactureCountry>לא ידוע</ManufactureCountry>
      <ManufacturerItemDescription>יוגורט דנונה פרו אפרסק</ManufacturerItemDescription>
      <UnitQty>גרמים</UnitQty>
      <Quantity>150.00</Quantity>
      <UnitOfMeasure>100 גרם</UnitOfMeasure>
      <bIsWeighted>0</bIsWeighted>
      <QtyInPackage>1</QtyInPackage>
      <ItemPrice>5.00</ItemPrice>
      <UnitOfMeasurePrice>3.3333</UnitOfMeasurePrice>
      <AllowDiscount>1</AllowDiscount>
      <ItemStatus>1</ItemStatus>
      <ItemId>108122</ItemId>
    </Item>
    <Item>
      <PriceUpdateDate>2016-01-07 16:15:34</PriceUpdateDate>
      <ItemCode>7290106662643</ItemCode>
      <ItemType>1</ItemType>
      <ItemName>מעדן ג"וי דיאט בטעם</ItemName>
      <ManufacturerName>שטראוס גרופ</ManufacturerName>
      <ManufactureCountry>לא ידוע</ManufactureCountry>
      <ManufacturerItemDescription>מעדן ג"וי דיאט בטעם שוקולד</ManufacturerItemDescription>
      <UnitQty>גרמים</UnitQty>
      <Quantity>130.00</Quantity>
      <UnitOfMeasure>100 גרם</UnitOfMeasure>
      <bIsWeighted>0</bIsWeighted>
      <QtyInPackage>1</QtyInPackage>
      <ItemPrice>3.50</ItemPrice>
      <UnitOfMeasurePrice>2.6923</UnitOfMeasurePrice>
      <AllowDiscount>1</AllowDiscount>
      <ItemStatus>1</ItemStatus>
      <ItemId>108123</ItemId>
    </Item>
    <Item>
      <PriceUpdateDate>2016-01-07 16:15:34</PriceUpdateDate>
      <ItemCode>7290106662612</ItemCode>
      <ItemType>1</ItemType>
      <ItemName>מעדן ג"וי בטעם וניל</ItemName>
      <ManufacturerName>שטראוס גרופ</ManufacturerName>
      <ManufactureCountry>לא ידוע</ManufactureCountry>
      <ManufacturerItemDescription>מעדן ג"וי בטעם וניל</ManufacturerItemDescription>
      <UnitQty>גרמים</UnitQty>
      <Quantity>130.00</Quantity>
      <UnitOfMeasure>100 גרם</UnitOfMeasure>
      <bIsWeighted>0</bIsWeighted>
      <QtyInPackage>1</QtyInPackage>
      <ItemPrice>3.50</ItemPrice>
      <UnitOfMeasurePrice>2.6923</UnitOfMeasurePrice>
      <AllowDiscount>1</AllowDiscount>
      <ItemStatus>1</ItemStatus>
      <ItemId>108124</ItemId>
    </Item>
    <Item>
      <PriceUpdateDate>2016-01-07 16:15:34</PriceUpdateDate>
      <ItemCode>7290106662605</ItemCode>
      <ItemType>1</ItemType>
      <ItemName>מעדן ג"וי בטעם שוקול</ItemName>
      <ManufacturerName>שטראוס גרופ</ManufacturerName>
      <ManufactureCountry>לא ידוע</ManufactureCountry>
      <ManufacturerItemDescription>מעדן ג"וי בטעם שוקולד</ManufacturerItemDescription>
      <UnitQty>גרמים</UnitQty>
      <Quantity>130.00</Quantity>
      <UnitOfMeasure>100 גרם</UnitOfMeasure>
      <bIsWeighted>0</bIsWeighted>
      <QtyInPackage>1</QtyInPackage>
      <ItemPrice>3.50</ItemPrice>
      <UnitOfMeasurePrice>2.6923</UnitOfMeasurePrice>
      <AllowDiscount>1</AllowDiscount>
      <ItemStatus>1</ItemStatus>
      <ItemId>108125</ItemId>
    </Item>
    <Item>
      <PriceUpdateDate>2016-01-07 16:15:34</PriceUpdateDate>
      <ItemCode>7290106664067</ItemCode>
      <ItemType>1</ItemType>
      <ItemName>לאבנה שמן זית וזעתר</ItemName>
      <ManufacturerName>שטראוס גרופ</ManufacturerName>
      <ManufactureCountry>לא ידוע</ManufactureCountry>
      <ManufacturerItemDescription>לאבנה שמן זית וזעתר 10%שומן</ManufacturerItemDescription>
      <UnitQty>גרמים</UnitQty>
      <Quantity>400.00</Quantity>
      <UnitOfMeasure>100 גרם</UnitOfMeasure>
      <bIsWeighted>0</bIsWeighted>
      <QtyInPackage>1</QtyInPackage>
      <ItemPrice>17.90</ItemPrice>
      <UnitOfMeasurePrice>4.4750</UnitOfMeasurePrice>
      <AllowDiscount>1</AllowDiscount>
      <ItemStatus>1</ItemStatus>
      <ItemId>108130</ItemId>
    </Item>
    <Item>
      <PriceUpdateDate>2016-01-28 10:38:40</PriceUpdateDate>
      <ItemCode>7290106662216</ItemCode>
      <ItemType>1</ItemType>
      <ItemName>בפל שוקולד מוקצף בוד</ItemName>
      <ManufacturerName>שטראוס גרופ</ManufacturerName>
      <ManufactureCountry>לא ידוע</ManufactureCountry>
      <ManufacturerItemDescription>בפל שוקולד מוקצף בודד</ManufacturerItemDescription>
      <UnitQty>גרמים</UnitQty>
      <Quantity>100.00</Quantity>
      <UnitOfMeasure>100 גרם</UnitOfMeasure>
      <bIsWeighted>0</bIsWeighted>
      <QtyInPackage>1</QtyInPackage>
      <ItemPrice>4.90</ItemPrice>
      <UnitOfMeasurePrice>4.9000</UnitOfMeasurePrice>
      <AllowDiscount>1</AllowDiscount>
      <ItemStatus>1</ItemStatus>
      <ItemId>108140</ItemId>
    </Item>
    <Item>
      <PriceUpdateDate>2016-01-28 10:38:40</PriceUpdateDate>
      <ItemCode>7290106725225</ItemCode>
      <ItemType>1</ItemType>
      <ItemName>אוזן המן 2016</ItemName>
      <ManufacturerName>שטראוס גרופ</ManufacturerName>
      <ManufactureCountry>ישראל</ManufactureCountry>
      <ManufacturerItemDescription>אוזן המן 2016</ManufacturerItemDescription>
      <UnitQty>גרמים</UnitQty>
      <Quantity>100.00</Quantity>
      <UnitOfMeasure>100 גרם</UnitOfMeasure>
      <bIsWeighted>0</bIsWeighted>
      <QtyInPackage>1</QtyInPackage>
      <ItemPrice>11.90</ItemPrice>
      <UnitOfMeasurePrice>11.9000</UnitOfMeasurePrice>
      <AllowDiscount>1</AllowDiscount>
      <ItemStatus>1</ItemStatus>
      <ItemId>108143</ItemId>
    </Item>
    <Item>
      <PriceUpdateDate>2016-01-28 10:38:40</PriceUpdateDate>
      <ItemCode>7290106669154</ItemCode>
      <ItemType>1</ItemType>
      <ItemName>חטיף שוקולד רבע לשבע</ItemName>
      <ManufacturerName>שטראוס גרופ</ManufacturerName>
      <ManufactureCountry>לא ידוע</ManufactureCountry>
      <ManufacturerItemDescription>מאגדת 4 רבע לשבע</ManufacturerItemDescription>
      <UnitQty>גרמים</UnitQty>
      <Quantity>100.00</Quantity>
      <UnitOfMeasure>100 גרם</UnitOfMeasure>
      <bIsWeighted>0</bIsWeighted>
      <QtyInPackage>1</QtyInPackage>
      <ItemPrice>11.90</ItemPrice>
      <UnitOfMeasurePrice>11.9000</UnitOfMeasurePrice>
      <AllowDiscount>1</AllowDiscount>
      <ItemStatus>1</ItemStatus>
      <ItemId>108144</ItemId>
    </Item>
    <Item>
      <PriceUpdateDate>2016-01-07 16:15:34</PriceUpdateDate>
      <ItemCode>7290015652605</ItemCode>
      <ItemType>1</ItemType>
      <ItemName>פיסטוק קלוף 100 גרם</ItemName>
      <ManufacturerName>דין שיווק וקליה בע"מ</ManufacturerName>
      <ManufactureCountry>לא ידוע</ManufactureCountry>
      <ManufacturerItemDescription>פיסטוק קלוף 100 גרם השף</ManufacturerItemDescription>
      <UnitQty>גרמים</UnitQty>
      <Quantity>100.00</Quantity>
      <UnitOfMeasure>100 גרם</UnitOfMeasure>
      <bIsWeighted>0</bIsWeighted>
      <QtyInPackage>1</QtyInPackage>
      <ItemPrice>29.90</ItemPrice>
      <UnitOfMeasurePrice>29.9000</UnitOfMeasurePrice>
      <AllowDiscount>1</AllowDiscount>
      <ItemStatus>1</ItemStatus>
      <ItemId>108150</ItemId>
    </Item>
    <Item>
      <PriceUpdateDate>2016-01-07 16:15:34</PriceUpdateDate>
      <ItemCode>7290015652780</ItemCode>
      <ItemType>1</ItemType>
      <ItemName>תמר דקל ששון הקולה 4</ItemName>
      <ManufacturerName>דין שיווק וקליה בע"מ</ManufacturerName>
      <ManufactureCountry>ישראל</ManufactureCountry>
      <ManufacturerItemDescription>תמר דקל ששון הקולה 400 גרם</ManufacturerItemDescription>
      <UnitQty>גרמים</UnitQty>
      <Quantity>400.00</Quantity>
      <UnitOfMeasure>100 גרם</UnitOfMeasure>
      <bIsWeighted>0</bIsWeighted>
      <QtyInPackage>1</QtyInPackage>
      <ItemPrice>14.90</ItemPrice>
      <UnitOfMeasurePrice>3.7250</UnitOfMeasurePrice>
      <AllowDiscount>1</AllowDiscount>
      <ItemStatus>1</ItemStatus>
      <ItemId>108151</ItemId>
    </Item>
    <Item>
      <PriceUpdateDate>2016-01-28 10:38:41</PriceUpdateDate>
      <ItemCode>7290107642439</ItemCode>
      <ItemType>1</ItemType>
      <ItemName>קליק אצבעות וניל שקד</ItemName>
      <ManufacturerName>יוניליוור</ManufacturerName>
      <ManufactureCountry>ישראל</ManufactureCountry>
      <ManufacturerItemDescription>קליק אצבעות וניל-שקדים</ManufacturerItemDescription>
      <UnitQty>גרמים</UnitQty>
      <Quantity>40.00</Quantity>
      <UnitOfMeasure>100 גרם</UnitOfMeasure>
      <bIsWeighted>0</bIsWeighted>
      <QtyInPackage>1</QtyInPackage>
      <ItemPrice>4.90</ItemPrice>
      <UnitOfMeasurePrice>12.2500</UnitOfMeasurePrice>
      <AllowDiscount>1</AllowDiscount>
      <ItemStatus>1</ItemStatus>
      <ItemId>108161</ItemId>
    </Item>
    <Item>
      <PriceUpdateDate>2016-01-28 10:38:41</PriceUpdateDate>
      <ItemCode>7290107642446</ItemCode>
      <ItemType>1</ItemType>
      <ItemName>קליק אצבעות בטעם קקא</ItemName>
      <ManufacturerName>יוניליוור</ManufacturerName>
      <ManufactureCountry>לא ידוע</ManufactureCountry>
      <ManufacturerItemDescription>קליק אצבעות בטעם קקאו</ManufacturerItemDescription>
      <UnitQty>גרמים</UnitQty>
      <Quantity>40.00</Quantity>
      <UnitOfMeasure>100 גרם</UnitOfMeasure>
      <bIsWeighted>0</bIsWeighted>
      <QtyInPackage>1</QtyInPackage>
      <ItemPrice>4.90</ItemPrice>
      <UnitOfMeasurePrice>12.2500</UnitOfMeasurePrice>
      <AllowDiscount>1</AllowDiscount>
      <ItemStatus>1</ItemStatus>
      <ItemId>108162</ItemId>
    </Item>
    <Item>
      <PriceUpdateDate>2016-01-28 10:38:41</PriceUpdateDate>
      <ItemCode>7290107642415</ItemCode>
      <ItemType>1</ItemType>
      <ItemName>קליק קראנץ קרם  חלב</ItemName>
      <ManufacturerName>יוניליוור</ManufacturerName>
      <ManufactureCountry>ישראל</ManufactureCountry>
      <ManufacturerItemDescription>קליק קראנץ קרם חלב</ManufacturerItemDescription>
      <UnitQty>גרמים</UnitQty>
      <Quantity>40.00</Quantity>
      <UnitOfMeasure>100 גרם</UnitOfMeasure>
      <bIsWeighted>0</bIsWeighted>
      <QtyInPackage>1</QtyInPackage>
      <ItemPrice>4.90</ItemPrice>
      <UnitOfMeasurePrice>12.2500</UnitOfMeasurePrice>
      <AllowDiscount>1</AllowDiscount>
      <ItemStatus>1</ItemStatus>
      <ItemId>108163</ItemId>
    </Item>
    <Item>
      <PriceUpdateDate>2016-07-20 07:59:39</PriceUpdateDate>
      <ItemCode>7290107642422</ItemCode>
      <ItemType>1</ItemType>
      <ItemName>קליק קראנץ קרם אגוזי</ItemName>
      <ManufacturerName>יוניליוור</ManufacturerName>
      <ManufactureCountry>ישראל</ManufactureCountry>
      <ManufacturerItemDescription>קליק  טופי</ManufacturerItemDescription>
      <UnitQty>גרמים</UnitQty>
      <Quantity>40.00</Quantity>
      <UnitOfMeasure>100 גרם</UnitOfMeasure>
      <bIsWeighted>0</bIsWeighted>
      <QtyInPackage>1</QtyInPackage>
      <ItemPrice>4.90</ItemPrice>
      <UnitOfMeasurePrice>12.2500</UnitOfMeasurePrice>
      <AllowDiscount>1</AllowDiscount>
      <ItemStatus>1</ItemStatus>
      <ItemId>108164</ItemId>
    </Item>
    <Item>
      <PriceUpdateDate>2016-06-15 07:40:02</PriceUpdateDate>
      <ItemCode>7290107876636</ItemCode>
      <ItemType>1</ItemType>
      <ItemName>מאגדת שלגון שוקולד מ</ItemName>
      <ManufacturerName>נגה גלידות</ManufacturerName>
      <ManufactureCountry>ישראל</ManufactureCountry>
      <ManufacturerItemDescription>מאגדת שלגון שוקולד מיני לייט</ManufacturerItemDescription>
      <UnitQty>גרמים</UnitQty>
      <Quantity>250.00</Quantity>
      <UnitOfMeasure>100 גרם</UnitOfMeasure>
      <bIsWeighted>0</bIsWeighted>
      <QtyInPackage>1</QtyInPackage>
      <ItemPrice>28.90</ItemPrice>
      <UnitOfMeasurePrice>11.5600</UnitOfMeasurePrice>
      <AllowDiscount>1</AllowDiscount>
      <ItemStatus>1</ItemStatus>
      <ItemId>108273</ItemId>
    </Item>
    <Item>
      <PriceUpdateDate>2016-01-20 15:15:33</PriceUpdateDate>
      <ItemCode>835811001683</ItemCode>
      <ItemType>1</ItemType>
      <ItemName>נר נשמה ל24 שעות</ItemName>
      <ManufacturerName>מפעלי דגן</ManufacturerName>
      <ManufactureCountry>ישראל</ManufactureCountry>
      <ManufacturerItemDescription>נר נשמה ל24 שעות</ManufacturerItemDescription>
      <UnitQty>יחידה   </UnitQty>
      <Quantity>0.20</Quantity>
      <UnitOfMeasure>יחידה   </UnitOfMeasure>
      <bIsWeighted>0</bIsWeighted>
      <QtyInPackage>1</QtyInPackage>
      <ItemPrice>2.50</ItemPrice>
      <UnitOfMeasurePrice>12.5000</UnitOfMeasurePrice>
      <AllowDiscount>1</AllowDiscount>
      <ItemStatus>1</ItemStatus>
      <ItemId>108292</ItemId>
    </Item>
    <Item>
      <PriceUpdateDate>2016-02-10 08:38:14</PriceUpdateDate>
      <ItemCode>7290015597371</ItemCode>
      <ItemType>1</ItemType>
      <ItemName>שלגון מגנום פיסטוק ב</ItemName>
      <ManufacturerName>שטראוס גלידות</ManufacturerName>
      <ManufactureCountry>ישראל</ManufactureCountry>
      <ManufacturerItemDescription>שלגון מגנום פיסטוק בציפוי</ManufacturerItemDescription>
      <UnitQty>גרמים</UnitQty>
      <Quantity>93.00</Quantity>
      <UnitOfMeasure>100 גרם</UnitOfMeasure>
      <bIsWeighted>0</bIsWeighted>
      <QtyInPackage>1</QtyInPackage>
      <ItemPrice>11.80</ItemPrice>
      <UnitOfMeasurePrice>12.6882</UnitOfMeasurePrice>
      <AllowDiscount>1</AllowDiscount>
      <ItemStatus>1</ItemStatus>
      <ItemId>108354</ItemId>
    </Item>
    <Item>
      <PriceUpdateDate>2016-02-22 08:08:52</PriceUpdateDate>
      <ItemCode>7290015597388</ItemCode>
      <ItemType>1</ItemType>
      <ItemName>שלגון מגנום אגוז לוז</ItemName>
      <ManufacturerName>שטראוס גלידות</ManufacturerName>
      <ManufactureCountry>ישראל</ManufactureCountry>
      <ManufacturerItemDescription>שלגון מגנום אגוז לוז</ManufacturerItemDescription>
      <UnitQty>גרמים</UnitQty>
      <Quantity>93.00</Quantity>
      <UnitOfMeasure>100 גרם</UnitOfMeasure>
      <bIsWeighted>0</bIsWeighted>
      <QtyInPackage>1</QtyInPackage>
      <ItemPrice>11.80</ItemPrice>
      <UnitOfMeasurePrice>12.6882</UnitOfMeasurePrice>
      <AllowDiscount>1</AllowDiscount>
      <ItemStatus>1</ItemStatus>
      <ItemId>108355</ItemId>
    </Item>
    <Item>
      <PriceUpdateDate>2016-01-27 12:18:49</PriceUpdateDate>
      <ItemCode>7290109351025</ItemCode>
      <ItemType>1</ItemType>
      <ItemName>מלך החומוס חומוס וטח</ItemName>
      <ManufacturerName>סלטי צבר</ManufacturerName>
      <ManufactureCountry>לא ידוע</ManufactureCountry>
      <ManufacturerItemDescription>מלך החומוס חומוס וטחינה צבר</ManufacturerItemDescription>
      <UnitQty>גרמים</UnitQty>
      <Quantity>400.00</Quantity>
      <UnitOfMeasure>100 גרם</UnitOfMeasure>
      <bIsWeighted>0</bIsWeighted>
      <QtyInPackage>1</QtyInPackage>
      <ItemPrice>14.90</ItemPrice>
      <UnitOfMeasurePrice>3.7250</UnitOfMeasurePrice>
      <AllowDiscount>1</AllowDiscount>
      <ItemStatus>1</ItemStatus>
      <ItemId>108377</ItemId>
    </Item>
    <Item>
      <PriceUpdateDate>2016-01-28 10:38:42</PriceUpdateDate>
      <ItemCode>7290004014407</ItemCode>
      <ItemType>1</ItemType>
      <ItemName>סוכריות שוקולד פינאט</ItemName>
      <ManufacturerName>מרס</ManufacturerName>
      <ManufactureCountry>לא ידוע</ManufactureCountry>
      <ManufacturerItemDescription>חטיף בוטנים 47 M&amp;M גרם</ManufacturerItemDescription>
      <UnitQty>גרמים</UnitQty>
      <Quantity>46.00</Quantity>
      <UnitOfMeasure>100 גרם</UnitOfMeasure>
      <bIsWeighted>0</bIsWeighted>
      <QtyInPackage>1</QtyInPackage>
      <ItemPrice>5.80</ItemPrice>
      <UnitOfMeasurePrice>12.6087</UnitOfMeasurePrice>
      <AllowDiscount>1</AllowDiscount>
      <ItemStatus>1</ItemStatus>
      <ItemId>108400</ItemId>
    </Item>
    <Item>
      <PriceUpdateDate>2016-01-28 10:38:41</PriceUpdateDate>
      <ItemCode>7290107642453</ItemCode>
      <ItemType>1</ItemType>
      <ItemName>קליק טופי</ItemName>
      <ManufacturerName>יוניליוור</ManufacturerName>
      <ManufactureCountry>לא ידוע</ManufactureCountry>
      <ManufacturerItemDescription>קליק טופי</ManufacturerItemDescription>
      <UnitQty>גרמים</UnitQty>
      <Quantity>40.00</Quantity>
      <UnitOfMeasure>100 גרם</UnitOfMeasure>
      <bIsWeighted>0</bIsWeighted>
      <QtyInPackage>1</QtyInPackage>
      <ItemPrice>5.90</ItemPrice>
      <UnitOfMeasurePrice>14.7500</UnitOfMeasurePrice>
      <AllowDiscount>1</AllowDiscount>
      <ItemStatus>1</ItemStatus>
      <ItemId>108404</ItemId>
    </Item>
    <Item>
      <PriceUpdateDate>2016-07-20 07:59:40</PriceUpdateDate>
      <ItemCode>7290107641906</ItemCode>
      <ItemType>1</ItemType>
      <ItemName>פינוק לגבר 3 ב 1  70</ItemName>
      <ManufacturerName>יוניליוור</ManufacturerName>
      <ManufactureCountry>ישראל</ManufactureCountry>
      <ManufacturerItemDescription>פינוק גל 3 ב 1  700 מ"ל</ManufacturerItemDescription>
      <UnitQty>מיליליטרים</UnitQty>
      <Quantity>700.00</Quantity>
      <UnitOfMeasure>100 מ"ל</UnitOfMeasure>
      <bIsWeighted>0</bIsWeighted>
      <QtyInPackage>1</QtyInPackage>
      <ItemPrice>15.90</ItemPrice>
      <UnitOfMeasurePrice>2.2714</UnitOfMeasurePrice>
      <AllowDiscount>1</AllowDiscount>
      <ItemStatus>1</ItemStatus>
      <ItemId>108405</ItemId>
    </Item>
    <Item>
      <PriceUpdateDate>2016-01-28 10:38:40</PriceUpdateDate>
      <ItemCode>7290107932264</ItemCode>
      <ItemType>1</ItemType>
      <ItemName>מסטיק בזוקה קוביות מ</ItemName>
      <ManufacturerName>שטראוס</ManufacturerName>
      <ManufactureCountry>ישראל</ManufactureCountry>
      <ManufacturerItemDescription>מסטיק בזוקה קוביות ממולא פליפטופ</ManufacturerItemDescription>
      <UnitQty>גרמים</UnitQty>
      <Quantity>25.00</Quantity>
      <UnitOfMeasure>100 גרם</UnitOfMeasure>
      <bIsWeighted>0</bIsWeighted>
      <QtyInPackage>1</QtyInPackage>
      <ItemPrice>5.00</ItemPrice>
      <UnitOfMeasurePrice>20.0000</UnitOfMeasurePrice>
      <AllowDiscount>1</AllowDiscount>
      <ItemStatus>1</ItemStatus>
      <ItemId>108407</ItemId>
    </Item>
    <Item>
      <PriceUpdateDate>2016-05-25 12:15:35</PriceUpdateDate>
      <ItemCode>5998749129784</ItemCode>
      <ItemType>1</ItemType>
      <ItemName>ויסקס אדולט ציקן 1.4</ItemName>
      <ManufacturerName>מרס</ManufacturerName>
      <ManufactureCountry>לא ידוע</ManufactureCountry>
      <ManufacturerItemDescription>ויסקס אדולט ציקן 1.4 ק"ג</ManufacturerItemDescription>
      <UnitQty>קילוגרמים</UnitQty>
      <Quantity>1.40</Quantity>
      <UnitOfMeasure>ק"ג</UnitOfMeasure>
      <bIsWeighted>0</bIsWeighted>
      <QtyInPackage>1</QtyInPackage>
      <ItemPrice>36.90</ItemPrice>
      <UnitOfMeasurePrice>26.3571</UnitOfMeasurePrice>
      <AllowDiscount>1</AllowDiscount>
      <ItemStatus>1</ItemStatus>
      <ItemId>109543</ItemId>
    </Item>
    <Item>
      <PriceUpdateDate>2016-01-27 12:15:37</PriceUpdateDate>
      <ItemCode>7290108350258</ItemCode>
      <ItemType>1</ItemType>
      <ItemName>נייר טואלט סנו SOFT</ItemName>
      <ManufacturerName>סנו</ManufacturerName>
      <ManufactureCountry>לא ידוע</ManufactureCountry>
      <ManufacturerItemDescription>נייר טואלט סנו SOFT גלילים ארוכים</ManufacturerItemDescription>
      <UnitQty>Unknown </UnitQty>
      <Quantity>0.00</Quantity>
      <UnitOfMeasure>Unknown </UnitOfMeasure>
      <bIsWeighted>0</bIsWeighted>
      <QtyInPackage>1</QtyInPackage>
      <ItemPrice>32.90</ItemPrice>
      <UnitOfMeasurePrice>0.0000</UnitOfMeasurePrice>
      <AllowDiscount>1</AllowDiscount>
      <ItemStatus>1</ItemStatus>
      <ItemId>108443</ItemId>
    </Item>
    <Item>
      <PriceUpdateDate>2016-01-31 16:15:38</PriceUpdateDate>
      <ItemCode>4902430403900</ItemCode>
      <ItemType>1</ItemType>
      <ItemName>שלישית מברשות שיניים</ItemName>
      <ManufacturerName>פרוקטר &amp; גמבל</ManufacturerName>
      <ManufactureCountry>וייטנאם</ManufactureCountry>
      <ManufacturerItemDescription>שלישית מברשות שיניים אורל B מדיום</ManufacturerItemDescription>
      <UnitQty>Unknown </UnitQty>
      <Quantity>0.00</Quantity>
      <UnitOfMeasure>Unknown </UnitOfMeasure>
      <bIsWeighted>0</bIsWeighted>
      <QtyInPackage>1</QtyInPackage>
      <ItemPrice>14.90</ItemPrice>
      <UnitOfMeasurePrice>0.0000</UnitOfMeasurePrice>
      <AllowDiscount>1</AllowDiscount>
      <ItemStatus>1</ItemStatus>
      <ItemId>108489</ItemId>
    </Item>
    <Item>
      <PriceUpdateDate>2015-01-01 00:00:00</PriceUpdateDate>
      <ItemCode>7290000275901</ItemCode>
      <ItemType>1</ItemType>
      <ItemName>מלך החומוס חומוס טחי</ItemName>
      <ManufacturerName>סלטי צבר</ManufacturerName>
      <ManufactureCountry>לא ידוע</ManufactureCountry>
      <ManufacturerItemDescription>מלך החומוס חומוס טחינה וצנובר צבר</ManufacturerItemDescription>
      <UnitQty>גרמים</UnitQty>
      <Quantity>400.00</Quantity>
      <UnitOfMeasure>100 גרם</UnitOfMeasure>
      <bIsWeighted>0</bIsWeighted>
      <QtyInPackage>1</QtyInPackage>
      <ItemPrice>0.00</ItemPrice>
      <UnitOfMeasurePrice>0.0000</UnitOfMeasurePrice>
      <AllowDiscount>1</AllowDiscount>
      <ItemStatus>1</ItemStatus>
      <ItemId>108539</ItemId>
    </Item>
    <Item>
      <PriceUpdateDate>2015-01-01 00:00:00</PriceUpdateDate>
      <ItemCode>7290000466101</ItemCode>
      <ItemType>1</ItemType>
      <ItemName>מלך החומוס חומוס טחי</ItemName>
      <ManufacturerName>סלטי צבר</ManufacturerName>
      <ManufactureCountry>לא ידוע</ManufactureCountry>
      <ManufacturerItemDescription>מלך החומוס חומוס טחינה וחריף צבר</ManufacturerItemDescription>
      <UnitQty>גרמים</UnitQty>
      <Quantity>400.00</Quantity>
      <UnitOfMeasure>100 גרם</UnitOfMeasure>
      <bIsWeighted>0</bIsWeighted>
      <QtyInPackage>1</QtyInPackage>
      <ItemPrice>0.00</ItemPrice>
      <UnitOfMeasurePrice>0.0000</UnitOfMeasurePrice>
      <AllowDiscount>1</AllowDiscount>
      <ItemStatus>1</ItemStatus>
      <ItemId>108540</ItemId>
    </Item>
    <Item>
      <PriceUpdateDate>2016-02-14 13:15:35</PriceUpdateDate>
      <ItemCode>7290001271209</ItemCode>
      <ItemType>1</ItemType>
      <ItemName>פארמה קר חוט דנטלי ל</ItemName>
      <ManufacturerName>לייף טיים</ManufacturerName>
      <ManufactureCountry>סין</ManufactureCountry>
      <ManufacturerItemDescription>פארמה קר חוט דנטלי ללא שעווה 50 מ</ManufacturerItemDescription>
      <UnitQty>מיליליטרים</UnitQty>
      <Quantity>500.00</Quantity>
      <UnitOfMeasure>100 מ"ל</UnitOfMeasure>
      <bIsWeighted>0</bIsWeighted>
      <QtyInPackage>1</QtyInPackage>
      <ItemPrice>6.90</ItemPrice>
      <UnitOfMeasurePrice>1.3800</UnitOfMeasurePrice>
      <AllowDiscount>1</AllowDiscount>
      <ItemStatus>1</ItemStatus>
      <ItemId>108603</ItemId>
    </Item>
    <Item>
      <PriceUpdateDate>2016-02-14 13:15:36</PriceUpdateDate>
      <ItemCode>7290006584946</ItemCode>
      <ItemType>1</ItemType>
      <ItemName>בסט קוצץ קטן</ItemName>
      <ManufacturerName>הורייזן</ManufacturerName>
      <ManufactureCountry>סין</ManufactureCountry>
      <ManufacturerItemDescription>בסט קוצץ קטן</ManufacturerItemDescription>
      <UnitQty>Unknown </UnitQty>
      <Quantity>0.00</Quantity>
      <UnitOfMeasure>Unknown </UnitOfMeasure>
      <bIsWeighted>0</bIsWeighted>
      <QtyInPackage>1</QtyInPackage>
      <ItemPrice>6.70</ItemPrice>
      <UnitOfMeasurePrice>0.0000</UnitOfMeasurePrice>
      <AllowDiscount>1</AllowDiscount>
      <ItemStatus>1</ItemStatus>
      <ItemId>108607</ItemId>
    </Item>
    <Item>
      <PriceUpdateDate>2016-02-29 17:14:51</PriceUpdateDate>
      <ItemCode>7290015597265</ItemCode>
      <ItemType>1</ItemType>
      <ItemName>גלידת לוטוס 1 ליטר</ItemName>
      <ManufacturerName>גלידות שטראוס</ManufacturerName>
      <ManufactureCountry>ישראל</ManufactureCountry>
      <ManufacturerItemDescription>גלידת לוטוס 1 ליטר</ManufacturerItemDescription>
      <UnitQty>ליטרים</UnitQty>
      <Quantity>1.00</Quantity>
      <UnitOfMeasure>ליטר</UnitOfMeasure>
      <bIsWeighted>0</bIsWeighted>
      <QtyInPackage>1</QtyInPackage>
      <ItemPrice>22.90</ItemPrice>
      <UnitOfMeasurePrice>22.9000</UnitOfMeasurePrice>
      <AllowDiscount>1</AllowDiscount>
      <ItemStatus>1</ItemStatus>
      <ItemId>108610</ItemId>
    </Item>
    <Item>
      <PriceUpdateDate>2016-02-29 17:14:51</PriceUpdateDate>
      <ItemCode>7290015597272</ItemCode>
      <ItemType>1</ItemType>
      <ItemName>גלידת קליק 1 ליטר</ItemName>
      <ManufacturerName>גלידות שטראוס</ManufacturerName>
      <ManufactureCountry>ישראל</ManufactureCountry>
      <ManufacturerItemDescription>גלידת קליק 1 ליטר</ManufacturerItemDescription>
      <UnitQty>ליטרים</UnitQty>
      <Quantity>1.00</Quantity>
      <UnitOfMeasure>ליטר</UnitOfMeasure>
      <bIsWeighted>0</bIsWeighted>
      <QtyInPackage>1</QtyInPackage>
      <ItemPrice>22.90</ItemPrice>
      <UnitOfMeasurePrice>22.9000</UnitOfMeasurePrice>
      <AllowDiscount>1</AllowDiscount>
      <ItemStatus>1</ItemStatus>
      <ItemId>108611</ItemId>
    </Item>
    <Item>
      <PriceUpdateDate>2016-02-29 17:14:51</PriceUpdateDate>
      <ItemCode>7290015597432</ItemCode>
      <ItemType>1</ItemType>
      <ItemName>גלידת קרמבו 1 ליטר</ItemName>
      <ManufacturerName>גלידות שטראוס</ManufacturerName>
      <ManufactureCountry>ישראל</ManufactureCountry>
      <ManufacturerItemDescription>גלידת קרמבו 1 ליטר</ManufacturerItemDescription>
      <UnitQty>ליטרים</UnitQty>
      <Quantity>1.00</Quantity>
      <UnitOfMeasure>ליטר</UnitOfMeasure>
      <bIsWeighted>0</bIsWeighted>
      <QtyInPackage>1</QtyInPackage>
      <ItemPrice>22.90</ItemPrice>
      <UnitOfMeasurePrice>22.9000</UnitOfMeasurePrice>
      <AllowDiscount>1</AllowDiscount>
      <ItemStatus>1</ItemStatus>
      <ItemId>108615</ItemId>
    </Item>
    <Item>
      <PriceUpdateDate>2016-02-14 17:15:36</PriceUpdateDate>
      <ItemCode>7290010570959</ItemCode>
      <ItemType>1</ItemType>
      <ItemName>בסט מגבוני טישו פוקט</ItemName>
      <ManufacturerName>שנזן</ManufacturerName>
      <ManufactureCountry>סין</ManufactureCountry>
      <ManufacturerItemDescription>בסט מגבוני טישו פוקט עשירייה</ManufacturerItemDescription>
      <UnitQty>Unknown </UnitQty>
      <Quantity>0.00</Quantity>
      <UnitOfMeasure>Unknown </UnitOfMeasure>
      <bIsWeighted>0</bIsWeighted>
      <QtyInPackage>1</QtyInPackage>
      <ItemPrice>5.90</ItemPrice>
      <UnitOfMeasurePrice>0.0000</UnitOfMeasurePrice>
      <AllowDiscount>1</AllowDiscount>
      <ItemStatus>1</ItemStatus>
      <ItemId>108641</ItemId>
    </Item>
    <Item>
      <PriceUpdateDate>2016-02-15 12:15:48</PriceUpdateDate>
      <ItemCode>7290100825334</ItemCode>
      <ItemType>1</ItemType>
      <ItemName>אקסטרא סחבת מיקרופיי</ItemName>
      <ManufacturerName>הושי</ManufacturerName>
      <ManufactureCountry>סין</ManufactureCountry>
      <ManufacturerItemDescription>אקסטרא סחבת מיקרופייבר</ManufacturerItemDescription>
      <UnitQty>Unknown </UnitQty>
      <Quantity>0.00</Quantity>
      <UnitOfMeasure>Unknown </UnitOfMeasure>
      <bIsWeighted>0</bIsWeighted>
      <QtyInPackage>1</QtyInPackage>
      <ItemPrice>11.70</ItemPrice>
      <UnitOfMeasurePrice>0.0000</UnitOfMeasurePrice>
      <AllowDiscount>1</AllowDiscount>
      <ItemStatus>1</ItemStatus>
      <ItemId>108655</ItemId>
    </Item>
    <Item>
      <PriceUpdateDate>2016-02-15 12:15:48</PriceUpdateDate>
      <ItemCode>7290100825365</ItemCode>
      <ItemType>1</ItemType>
      <ItemName>אקסטרא קרצופית</ItemName>
      <ManufacturerName>פוליש</ManufacturerName>
      <ManufactureCountry>ישראל</ManufactureCountry>
      <ManufacturerItemDescription>אקסטרא קרצופית</ManufacturerItemDescription>
      <UnitQty>Unknown </UnitQty>
      <Quantity>0.00</Quantity>
      <UnitOfMeasure>Unknown </UnitOfMeasure>
      <bIsWeighted>0</bIsWeighted>
      <QtyInPackage>1</QtyInPackage>
      <ItemPrice>2.00</ItemPrice>
      <UnitOfMeasurePrice>0.0000</UnitOfMeasurePrice>
      <AllowDiscount>1</AllowDiscount>
      <ItemStatus>1</ItemStatus>
      <ItemId>108658</ItemId>
    </Item>
    <Item>
      <PriceUpdateDate>2016-02-15 12:15:48</PriceUpdateDate>
      <ItemCode>7290100826621</ItemCode>
      <ItemType>1</ItemType>
      <ItemName>צמר פלדה 80 גרם</ItemName>
      <ManufacturerName>פוליש</ManufacturerName>
      <ManufactureCountry>ישראל</ManufactureCountry>
      <ManufacturerItemDescription>צמר פלדה 80 גרם</ManufacturerItemDescription>
      <UnitQty>Unknown </UnitQty>
      <Quantity>0.00</Quantity>
      <UnitOfMeasure>Unknown </UnitOfMeasure>
      <bIsWeighted>0</bIsWeighted>
      <QtyInPackage>1</QtyInPackage>
      <ItemPrice>3.90</ItemPrice>
      <UnitOfMeasurePrice>0.0000</UnitOfMeasurePrice>
      <AllowDiscount>1</AllowDiscount>
      <ItemStatus>1</ItemStatus>
      <ItemId>108673</ItemId>
    </Item>
    <Item>
      <PriceUpdateDate>2016-02-15 12:15:48</PriceUpdateDate>
      <ItemCode>7290106262133</ItemCode>
      <ItemType>1</ItemType>
      <ItemName>מברשת שיער צבעונית א</ItemName>
      <ManufacturerName>נינגבו פיאנאי</ManufacturerName>
      <ManufactureCountry>סין</ManufactureCountry>
      <ManufacturerItemDescription>מברשת שיער צבעונית אובלית צהוב</ManufacturerItemDescription>
      <UnitQty>Unknown </UnitQty>
      <Quantity>0.00</Quantity>
      <UnitOfMeasure>Unknown </UnitOfMeasure>
      <bIsWeighted>0</bIsWeighted>
      <QtyInPackage>1</QtyInPackage>
      <ItemPrice>12.90</ItemPrice>
      <UnitOfMeasurePrice>0.0000</UnitOfMeasurePrice>
      <AllowDiscount>1</AllowDiscount>
      <ItemStatus>1</ItemStatus>
      <ItemId>108699</ItemId>
    </Item>
    <Item>
      <PriceUpdateDate>2016-02-16 17:16:11</PriceUpdateDate>
      <ItemCode>7290107872768</ItemCode>
      <ItemType>1</ItemType>
      <ItemName>קרחון מיניונים</ItemName>
      <ManufacturerName>נגה גלידות</ManufacturerName>
      <ManufactureCountry>ישראל</ManufactureCountry>
      <ManufacturerItemDescription>קרחון מיניונים</ManufacturerItemDescription>
      <UnitQty>גרמים</UnitQty>
      <Quantity>468.00</Quantity>
      <UnitOfMeasure>100 גרם</UnitOfMeasure>
      <bIsWeighted>0</bIsWeighted>
      <QtyInPackage>1</QtyInPackage>
      <ItemPrice>8.80</ItemPrice>
      <UnitOfMeasurePrice>1.8803</UnitOfMeasurePrice>
      <AllowDiscount>1</AllowDiscount>
      <ItemStatus>1</ItemStatus>
      <ItemId>108716</ItemId>
    </Item>
    <Item>
      <PriceUpdateDate>2016-02-16 17:16:11</PriceUpdateDate>
      <ItemCode>7290107878135</ItemCode>
      <ItemType>1</ItemType>
      <ItemName>גויה קולקשיין פיסטוק</ItemName>
      <ManufacturerName>נגה גלידות</ManufacturerName>
      <ManufactureCountry>ישראל</ManufactureCountry>
      <ManufacturerItemDescription>גויה קולקשיין פיסטוק וקוקוס קלוי</ManufacturerItemDescription>
      <UnitQty>גרמים</UnitQty>
      <Quantity>468.00</Quantity>
      <UnitOfMeasure>100 גרם</UnitOfMeasure>
      <bIsWeighted>0</bIsWeighted>
      <QtyInPackage>1</QtyInPackage>
      <ItemPrice>8.80</ItemPrice>
      <UnitOfMeasurePrice>1.8803</UnitOfMeasurePrice>
      <AllowDiscount>1</AllowDiscount>
      <ItemStatus>1</ItemStatus>
      <ItemId>108717</ItemId>
    </Item>
    <Item>
      <PriceUpdateDate>2016-02-16 17:16:11</PriceUpdateDate>
      <ItemCode>7290107879842</ItemCode>
      <ItemType>1</ItemType>
      <ItemName>גלידה גויה קולקשיין</ItemName>
      <ManufacturerName>נגה גלידות</ManufacturerName>
      <ManufactureCountry>לא ידוע</ManufactureCountry>
      <ManufacturerItemDescription>גויה קולקשיין שוקולד אגוז</ManufacturerItemDescription>
      <UnitQty>גרמים</UnitQty>
      <Quantity>468.00</Quantity>
      <UnitOfMeasure>100 גרם</UnitOfMeasure>
      <bIsWeighted>0</bIsWeighted>
      <QtyInPackage>1</QtyInPackage>
      <ItemPrice>8.80</ItemPrice>
      <UnitOfMeasurePrice>1.8803</UnitOfMeasurePrice>
      <AllowDiscount>1</AllowDiscount>
      <ItemStatus>1</ItemStatus>
      <ItemId>108721</ItemId>
    </Item>
    <Item>
      <PriceUpdateDate>2016-02-16 17:16:11</PriceUpdateDate>
      <ItemCode>7290109350059</ItemCode>
      <ItemType>1</ItemType>
      <ItemName>גלידה גויה קולקשיין</ItemName>
      <ManufacturerName>נגה גלידות</ManufacturerName>
      <ManufactureCountry>לא ידוע</ManufactureCountry>
      <ManufacturerItemDescription>גויה קולקשיין וניל בראוניז</ManufacturerItemDescription>
      <UnitQty>גרמים</UnitQty>
      <Quantity>468.00</Quantity>
      <UnitOfMeasure>100 גרם</UnitOfMeasure>
      <bIsWeighted>0</bIsWeighted>
      <QtyInPackage>1</QtyInPackage>
      <ItemPrice>8.80</ItemPrice>
      <UnitOfMeasurePrice>1.8803</UnitOfMeasurePrice>
      <AllowDiscount>1</AllowDiscount>
      <ItemStatus>1</ItemStatus>
      <ItemId>108723</ItemId>
    </Item>
    <Item>
      <PriceUpdateDate>2016-02-17 18:15:28</PriceUpdateDate>
      <ItemCode>8680530571199</ItemCode>
      <ItemType>1</ItemType>
      <ItemName>משקה מוגז פטל בי פרש</ItemName>
      <ManufacturerName>גולסי גידא קאיסירי</ManufacturerName>
      <ManufactureCountry>טורקיה</ManufactureCountry>
      <ManufacturerItemDescription>משקה מוגז בי פרש 250 בודד</ManufacturerItemDescription>
      <UnitQty>מיליליטרים</UnitQty>
      <Quantity>250.00</Quantity>
      <UnitOfMeasure>100 מ"ל</UnitOfMeasure>
      <bIsWeighted>0</bIsWeighted>
      <QtyInPackage>1</QtyInPackage>
      <ItemPrice>4.20</ItemPrice>
      <UnitOfMeasurePrice>1.6800</UnitOfMeasurePrice>
      <AllowDiscount>1</AllowDiscount>
      <ItemStatus>1</ItemStatus>
      <ItemId>108735</ItemId>
    </Item>
    <Item>
      <PriceUpdateDate>2016-02-16 17:16:11</PriceUpdateDate>
      <ItemCode>7891024131077</ItemCode>
      <ItemType>1</ItemType>
      <ItemName>מי פה קומפליט קייר</ItemName>
      <ManufacturerName>Colgate (Euro)-Palmo</ManufacturerName>
      <ManufactureCountry>ברזיל</ManufactureCountry>
      <ManufacturerItemDescription>מי פה קומפליט קייר</ManufacturerItemDescription>
      <UnitQty>מיליליטרים</UnitQty>
      <Quantity>400.00</Quantity>
      <UnitOfMeasure>100 מ"ל</UnitOfMeasure>
      <bIsWeighted>0</bIsWeighted>
      <QtyInPackage>1</QtyInPackage>
      <ItemPrice>14.90</ItemPrice>
      <UnitOfMeasurePrice>3.7250</UnitOfMeasurePrice>
      <AllowDiscount>1</AllowDiscount>
      <ItemStatus>1</ItemStatus>
      <ItemId>108738</ItemId>
    </Item>
    <Item>
      <PriceUpdateDate>2016-05-02 08:04:32</PriceUpdateDate>
      <ItemCode>7613035589414</ItemCode>
      <ItemType>1</ItemType>
      <ItemName>קרחון שרבט פירולו</ItemName>
      <ManufacturerName>נגה גלידות</ManufacturerName>
      <ManufactureCountry>ישראל</ManufactureCountry>
      <ManufacturerItemDescription>קרחון שרבט פירולו</ManufacturerItemDescription>
      <UnitQty>גרמים</UnitQty>
      <Quantity>20.00</Quantity>
      <UnitOfMeasure>100 גרם</UnitOfMeasure>
      <bIsWeighted>0</bIsWeighted>
      <QtyInPackage>1</QtyInPackage>
      <ItemPrice>5.80</ItemPrice>
      <UnitOfMeasurePrice>29.0000</UnitOfMeasurePrice>
      <AllowDiscount>1</AllowDiscount>
      <ItemStatus>1</ItemStatus>
      <ItemId>108845</ItemId>
    </Item>
    <Item>
      <PriceUpdateDate>2016-05-02 08:04:32</PriceUpdateDate>
      <ItemCode>7290107879644</ItemCode>
      <ItemType>1</ItemType>
      <ItemName>לה פרוטה בננה תמר פק</ItemName>
      <ManufacturerName>נגה גלידות</ManufacturerName>
      <ManufactureCountry>לא ידוע</ManufactureCountry>
      <ManufacturerItemDescription>לה פרוטה בננה תמר פקאן</ManufacturerItemDescription>
      <UnitQty>גרמים</UnitQty>
      <Quantity>36.00</Quantity>
      <UnitOfMeasure>100 גרם</UnitOfMeasure>
      <bIsWeighted>0</bIsWeighted>
      <QtyInPackage>1</QtyInPackage>
      <ItemPrice>6.80</ItemPrice>
      <UnitOfMeasurePrice>18.8889</UnitOfMeasurePrice>
      <AllowDiscount>1</AllowDiscount>
      <ItemStatus>1</ItemStatus>
      <ItemId>108849</ItemId>
    </Item>
    <Item>
      <PriceUpdateDate>2016-05-02 08:04:32</PriceUpdateDate>
      <ItemCode>7290107879712</ItemCode>
      <ItemType>1</ItemType>
      <ItemName>לה פרוטה פירות אדומי</ItemName>
      <ManufacturerName>נגה גלידות</ManufacturerName>
      <ManufactureCountry>ישראל</ManufactureCountry>
      <ManufacturerItemDescription>לה פרוטה פירות אדומים</ManufacturerItemDescription>
      <UnitQty>גרמים</UnitQty>
      <Quantity>36.00</Quantity>
      <UnitOfMeasure>100 גרם</UnitOfMeasure>
      <bIsWeighted>0</bIsWeighted>
      <QtyInPackage>1</QtyInPackage>
      <ItemPrice>6.80</ItemPrice>
      <UnitOfMeasurePrice>18.8889</UnitOfMeasurePrice>
      <AllowDiscount>1</AllowDiscount>
      <ItemStatus>1</ItemStatus>
      <ItemId>108851</ItemId>
    </Item>
    <Item>
      <PriceUpdateDate>2016-05-02 08:04:32</PriceUpdateDate>
      <ItemCode>7290109351209</ItemCode>
      <ItemType>1</ItemType>
      <ItemName>שלגון לה פרוטה אננס</ItemName>
      <ManufacturerName>נגה גלידות</ManufacturerName>
      <ManufactureCountry>לא ידוע</ManufactureCountry>
      <ManufacturerItemDescription>לה פרוטה אננס תפוז</ManufacturerItemDescription>
      <UnitQty>גרמים</UnitQty>
      <Quantity>36.00</Quantity>
      <UnitOfMeasure>100 גרם</UnitOfMeasure>
      <bIsWeighted>0</bIsWeighted>
      <QtyInPackage>1</QtyInPackage>
      <ItemPrice>6.80</ItemPrice>
      <UnitOfMeasurePrice>18.8889</UnitOfMeasurePrice>
      <AllowDiscount>1</AllowDiscount>
      <ItemStatus>1</ItemStatus>
      <ItemId>108852</ItemId>
    </Item>
    <Item>
      <PriceUpdateDate>2016-05-10 13:26:29</PriceUpdateDate>
      <ItemCode>7290015597449</ItemCode>
      <ItemType>1</ItemType>
      <ItemName>טילון קורנטו ריבת חל</ItemName>
      <ManufacturerName>שטראוס גלידות</ManufacturerName>
      <ManufactureCountry>ישראל</ManufactureCountry>
      <ManufacturerItemDescription>טילון קורנטו ריבת חלב</ManufacturerItemDescription>
      <UnitQty>גרמים</UnitQty>
      <Quantity>70.00</Quantity>
      <UnitOfMeasure>100 גרם</UnitOfMeasure>
      <bIsWeighted>0</bIsWeighted>
      <QtyInPackage>1</QtyInPackage>
      <ItemPrice>6.80</ItemPrice>
      <UnitOfMeasurePrice>9.7143</UnitOfMeasurePrice>
      <AllowDiscount>1</AllowDiscount>
      <ItemStatus>1</ItemStatus>
      <ItemId>109129</ItemId>
    </Item>
    <Item>
      <PriceUpdateDate>2016-03-02 18:15:34</PriceUpdateDate>
      <ItemCode>7290107936316</ItemCode>
      <ItemType>1</ItemType>
      <ItemName>מארז שוקו יוטבתה שמי</ItemName>
      <ManufacturerName>שטראוס גרופ</ManufacturerName>
      <ManufactureCountry>ישראל</ManufactureCountry>
      <ManufacturerItemDescription>מארז שוקו יוטבתה שמיניה מהדורה מ</ManufacturerItemDescription>
      <UnitQty>ליטרים</UnitQty>
      <Quantity>1.80</Quantity>
      <UnitOfMeasure>ליטר</UnitOfMeasure>
      <bIsWeighted>0</bIsWeighted>
      <QtyInPackage>1</QtyInPackage>
      <ItemPrice>17.80</ItemPrice>
      <UnitOfMeasurePrice>9.8889</UnitOfMeasurePrice>
      <AllowDiscount>1</AllowDiscount>
      <ItemStatus>1</ItemStatus>
      <ItemId>108967</ItemId>
    </Item>
    <Item>
      <PriceUpdateDate>2016-03-30 16:16:48</PriceUpdateDate>
      <ItemCode>7290015858441</ItemCode>
      <ItemType>1</ItemType>
      <ItemName>ממרח שום  180  גרם</ItemName>
      <ManufacturerName>זאביק יצור ושיווק מז</ManufacturerName>
      <ManufactureCountry>ישראל</ManufactureCountry>
      <ManufacturerItemDescription>ממרח שום  180  גרם</ManufacturerItemDescription>
      <UnitQty>גרמים</UnitQty>
      <Quantity>180.00</Quantity>
      <UnitOfMeasure>100 גרם</UnitOfMeasure>
      <bIsWeighted>0</bIsWeighted>
      <QtyInPackage>1</QtyInPackage>
      <ItemPrice>19.90</ItemPrice>
      <UnitOfMeasurePrice>11.0556</UnitOfMeasurePrice>
      <AllowDiscount>1</AllowDiscount>
      <ItemStatus>1</ItemStatus>
      <ItemId>108868</ItemId>
    </Item>
    <Item>
      <PriceUpdateDate>2016-03-08 11:18:15</PriceUpdateDate>
      <ItemCode>7290106520288</ItemCode>
      <ItemType>1</ItemType>
      <ItemName>דנונה פרו תות 150 מ"</ItemName>
      <ManufacturerName>שטראוס</ManufacturerName>
      <ManufactureCountry>ישראל</ManufactureCountry>
      <ManufacturerItemDescription>דנונה פרו תות 150 מ"ל</ManufacturerItemDescription>
      <UnitQty>לא מנהל יחידת מידה</UnitQty>
      <Quantity>0.00</Quantity>
      <UnitOfMeasure>לא מנהל יחידת מידה</UnitOfMeasure>
      <bIsWeighted>0</bIsWeighted>
      <QtyInPackage>1</QtyInPackage>
      <ItemPrice>5.00</ItemPrice>
      <UnitOfMeasurePrice>0.0000</UnitOfMeasurePrice>
      <AllowDiscount>1</AllowDiscount>
      <ItemStatus>1</ItemStatus>
      <ItemId>108892</ItemId>
    </Item>
    <Item>
      <PriceUpdateDate>2016-03-11 08:29:35</PriceUpdateDate>
      <ItemCode>7290106728721</ItemCode>
      <ItemType>1</ItemType>
      <ItemName>מילקי שוקולד ואגוזים</ItemName>
      <ManufacturerName>שטראוס גרופ</ManufacturerName>
      <ManufactureCountry>ישראל</ManufactureCountry>
      <ManufacturerItemDescription>מילקי שוקולד ואגוזים 133 מ"ל</ManufacturerItemDescription>
      <UnitQty>מיליליטרים</UnitQty>
      <Quantity>133.00</Quantity>
      <UnitOfMeasure>100 מ"ל</UnitOfMeasure>
      <bIsWeighted>0</bIsWeighted>
      <QtyInPackage>1</QtyInPackage>
      <ItemPrice>3.00</ItemPrice>
      <UnitOfMeasurePrice>2.2556</UnitOfMeasurePrice>
      <AllowDiscount>1</AllowDiscount>
      <ItemStatus>1</ItemStatus>
      <ItemId>108893</ItemId>
    </Item>
    <Item>
      <PriceUpdateDate>2016-02-23 13:17:36</PriceUpdateDate>
      <ItemCode>7290106728820</ItemCode>
      <ItemType>1</ItemType>
      <ItemName>מארז קפה נמס 200 גר+</ItemName>
      <ManufacturerName>שטראוס גרופ</ManufacturerName>
      <ManufactureCountry>ישראל</ManufactureCountry>
      <ManufacturerItemDescription>קפה נמס עלית פחית 200 גר</ManufacturerItemDescription>
      <UnitQty>גרמים</UnitQty>
      <Quantity>200.00</Quantity>
      <UnitOfMeasure>100 גרם</UnitOfMeasure>
      <bIsWeighted>0</bIsWeighted>
      <QtyInPackage>1</QtyInPackage>
      <ItemPrice>21.90</ItemPrice>
      <UnitOfMeasurePrice>10.9500</UnitOfMeasurePrice>
      <AllowDiscount>1</AllowDiscount>
      <ItemStatus>1</ItemStatus>
      <ItemId>108896</ItemId>
    </Item>
    <Item>
      <PriceUpdateDate>2016-05-19 11:18:51</PriceUpdateDate>
      <ItemCode>7290002016052</ItemCode>
      <ItemType>1</ItemType>
      <ItemName>זית ירוק מנזליני 15-</ItemName>
      <ManufacturerName>בני דרום</ManufacturerName>
      <ManufactureCountry>ישראל</ManufactureCountry>
      <ManufacturerItemDescription>זית ירוק מנזליני 15-17 A2</ManufacturerItemDescription>
      <UnitQty>קילוגרמים</UnitQty>
      <Quantity>0.66</Quantity>
      <UnitOfMeasure>ק"ג</UnitOfMeasure>
      <bIsWeighted>0</bIsWeighted>
      <QtyInPackage>1</QtyInPackage>
      <ItemPrice>8.20</ItemPrice>
      <UnitOfMeasurePrice>12.4242</UnitOfMeasurePrice>
      <AllowDiscount>1</AllowDiscount>
      <ItemStatus>1</ItemStatus>
      <ItemId>108926</ItemId>
    </Item>
    <Item>
      <PriceUpdateDate>2016-05-19 11:18:51</PriceUpdateDate>
      <ItemCode>7290002016076</ItemCode>
      <ItemType>1</ItemType>
      <ItemName>חרוזית ירוק 15-17 א</ItemName>
      <ManufacturerName>בני דרום</ManufacturerName>
      <ManufactureCountry>ישראל</ManufactureCountry>
      <ManufacturerItemDescription>חרוזית ירוק 15-17 א 2</ManufacturerItemDescription>
      <UnitQty>קילוגרמים</UnitQty>
      <Quantity>0.62</Quantity>
      <UnitOfMeasure>ק"ג</UnitOfMeasure>
      <bIsWeighted>0</bIsWeighted>
      <QtyInPackage>1</QtyInPackage>
      <ItemPrice>9.60</ItemPrice>
      <UnitOfMeasurePrice>15.4839</UnitOfMeasurePrice>
      <AllowDiscount>1</AllowDiscount>
      <ItemStatus>1</ItemStatus>
      <ItemId>108928</ItemId>
    </Item>
    <Item>
      <PriceUpdateDate>2016-02-29 13:15:32</PriceUpdateDate>
      <ItemCode>7290015150750</ItemCode>
      <ItemType>1</ItemType>
      <ItemName>תה קר לימונית לואיזה</ItemName>
      <ManufacturerName>ויסוצקי</ManufacturerName>
      <ManufactureCountry>ישראל</ManufactureCountry>
      <ManufacturerItemDescription>תה קר לימונית לואיזה</ManufacturerItemDescription>
      <UnitQty>גרמים</UnitQty>
      <Quantity>37.00</Quantity>
      <UnitOfMeasure>100 גרם</UnitOfMeasure>
      <bIsWeighted>0</bIsWeighted>
      <QtyInPackage>1</QtyInPackage>
      <ItemPrice>18.70</ItemPrice>
      <UnitOfMeasurePrice>50.5405</UnitOfMeasurePrice>
      <AllowDiscount>1</AllowDiscount>
      <ItemStatus>1</ItemStatus>
      <ItemId>108950</ItemId>
    </Item>
    <Item>
      <PriceUpdateDate>2016-05-16 09:25:28</PriceUpdateDate>
      <ItemCode>7290003318131</ItemCode>
      <ItemType>1</ItemType>
      <ItemName>ופל מנעמים אגוז 200</ItemName>
      <ManufacturerName>מנעמים תעשיות מזון ב</ManufacturerName>
      <ManufactureCountry>ישראל</ManufactureCountry>
      <ManufacturerItemDescription>ופל מנעמים אגוז 200 גר</ManufacturerItemDescription>
      <UnitQty>גרמים</UnitQty>
      <Quantity>200.00</Quantity>
      <UnitOfMeasure>100 גרם</UnitOfMeasure>
      <bIsWeighted>0</bIsWeighted>
      <QtyInPackage>1</QtyInPackage>
      <ItemPrice>3.60</ItemPrice>
      <UnitOfMeasurePrice>1.8000</UnitOfMeasurePrice>
      <AllowDiscount>1</AllowDiscount>
      <ItemStatus>1</ItemStatus>
      <ItemId>108970</ItemId>
    </Item>
    <Item>
      <PriceUpdateDate>2016-05-19 11:22:03</PriceUpdateDate>
      <ItemCode>42212119</ItemCode>
      <ItemType>1</ItemType>
      <ItemName>אורביט באריזת מעטפה</ItemName>
      <ManufacturerName>ריגלי</ManufacturerName>
      <ManufactureCountry>צרפת</ManufactureCountry>
      <ManufacturerItemDescription>אורביט באריזת מעטפה פפרמינט</ManufacturerItemDescription>
      <UnitQty>Unknown </UnitQty>
      <Quantity>0.00</Quantity>
      <UnitOfMeasure>Unknown </UnitOfMeasure>
      <bIsWeighted>0</bIsWeighted>
      <QtyInPackage>1</QtyInPackage>
      <ItemPrice>6.00</ItemPrice>
      <UnitOfMeasurePrice>0.0000</UnitOfMeasurePrice>
      <AllowDiscount>1</AllowDiscount>
      <ItemStatus>1</ItemStatus>
      <ItemId>109078</ItemId>
    </Item>
    <Item>
      <PriceUpdateDate>2016-03-21 18:15:22</PriceUpdateDate>
      <ItemCode>7290000652337</ItemCode>
      <ItemType>1</ItemType>
      <ItemName>סטייק טונה</ItemName>
      <ManufacturerName>PEQUERA DEL</ManufacturerName>
      <ManufactureCountry>צ'ילה (AACR)</ManufactureCountry>
      <ManufacturerItemDescription>סטייק טונה</ManufacturerItemDescription>
      <UnitQty>קילוגרמים</UnitQty>
      <Quantity>1.00</Quantity>
      <UnitOfMeasure>ק"ג</UnitOfMeasure>
      <bIsWeighted>1</bIsWeighted>
      <QtyInPackage>לא ידוע</QtyInPackage>
      <ItemPrice>44.90</ItemPrice>
      <UnitOfMeasurePrice>44.9000</UnitOfMeasurePrice>
      <AllowDiscount>1</AllowDiscount>
      <ItemStatus>1</ItemStatus>
      <ItemId>109101</ItemId>
    </Item>
    <Item>
      <PriceUpdateDate>2016-03-22 18:15:34</PriceUpdateDate>
      <ItemCode>5420066330234</ItemCode>
      <ItemType>1</ItemType>
      <ItemName>ביאנקה טראפלס אגוזים</ItemName>
      <ManufacturerName>קיו שוקולייט</ManufacturerName>
      <ManufactureCountry>בלגיה</ManufactureCountry>
      <ManufacturerItemDescription>ביאנקה טראפלס קקאו 175 גרם</ManufacturerItemDescription>
      <UnitQty>גרמים</UnitQty>
      <Quantity>175.00</Quantity>
      <UnitOfMeasure>100 גרם</UnitOfMeasure>
      <bIsWeighted>0</bIsWeighted>
      <QtyInPackage>1</QtyInPackage>
      <ItemPrice>14.70</ItemPrice>
      <UnitOfMeasurePrice>8.4000</UnitOfMeasurePrice>
      <AllowDiscount>1</AllowDiscount>
      <ItemStatus>1</ItemStatus>
      <ItemId>109108</ItemId>
    </Item>
    <Item>
      <PriceUpdateDate>2016-03-27 13:15:34</PriceUpdateDate>
      <ItemCode>7290015597456</ItemCode>
      <ItemType>1</ItemType>
      <ItemName>שלגון גיבורי על</ItemName>
      <ManufacturerName>גלידת שטראוס בע"מ</ManufacturerName>
      <ManufactureCountry>ישראל</ManufactureCountry>
      <ManufacturerItemDescription>שלגון גיבורי על</ManufacturerItemDescription>
      <UnitQty>Unknown </UnitQty>
      <Quantity>0.00</Quantity>
      <UnitOfMeasure>Unknown </UnitOfMeasure>
      <bIsWeighted>0</bIsWeighted>
      <QtyInPackage>1</QtyInPackage>
      <ItemPrice>7.80</ItemPrice>
      <UnitOfMeasurePrice>0.0000</UnitOfMeasurePrice>
      <AllowDiscount>1</AllowDiscount>
      <ItemStatus>1</ItemStatus>
      <ItemId>109130</ItemId>
    </Item>
    <Item>
      <PriceUpdateDate>2016-06-15 07:40:00</PriceUpdateDate>
      <ItemCode>7290015597463</ItemCode>
      <ItemType>1</ItemType>
      <ItemName>שלגון בוב ספוג</ItemName>
      <ManufacturerName>גלידת שטראוס בע"מ</ManufacturerName>
      <ManufactureCountry>ישראל</ManufactureCountry>
      <ManufacturerItemDescription>שלגון בוב ספוג</ManufacturerItemDescription>
      <UnitQty>Unknown </UnitQty>
      <Quantity>0.00</Quantity>
      <UnitOfMeasure>Unknown </UnitOfMeasure>
      <bIsWeighted>0</bIsWeighted>
      <QtyInPackage>1</QtyInPackage>
      <ItemPrice>4.90</ItemPrice>
      <UnitOfMeasurePrice>0.0000</UnitOfMeasurePrice>
      <AllowDiscount>1</AllowDiscount>
      <ItemStatus>1</ItemStatus>
      <ItemId>109131</ItemId>
    </Item>
    <Item>
      <PriceUpdateDate>2016-05-10 13:26:28</PriceUpdateDate>
      <ItemCode>7290107643122</ItemCode>
      <ItemType>1</ItemType>
      <ItemName>טעמקור  עם ביסקוויט</ItemName>
      <ManufacturerName>שטראוס גלידות</ManufacturerName>
      <ManufactureCountry>ישראל</ManufactureCountry>
      <ManufacturerItemDescription>טעמקור  עם ביסקוויט שוקולד</ManufacturerItemDescription>
      <UnitQty>גרמים</UnitQty>
      <Quantity>75.00</Quantity>
      <UnitOfMeasure>100 גרם</UnitOfMeasure>
      <bIsWeighted>0</bIsWeighted>
      <QtyInPackage>1</QtyInPackage>
      <ItemPrice>7.80</ItemPrice>
      <UnitOfMeasurePrice>10.4000</UnitOfMeasurePrice>
      <AllowDiscount>1</AllowDiscount>
      <ItemStatus>1</ItemStatus>
      <ItemId>109152</ItemId>
    </Item>
    <Item>
      <PriceUpdateDate>2016-04-12 12:14:18</PriceUpdateDate>
      <ItemCode>7290012359330</ItemCode>
      <ItemType>1</ItemType>
      <ItemName>סילאן בקבוק לחיץ 500</ItemName>
      <ManufacturerName>מכוורת עמק חפר</ManufacturerName>
      <ManufactureCountry>ישראל</ManufactureCountry>
      <ManufacturerItemDescription>סילאם 500 גר בקבוק לחיץ</ManufacturerItemDescription>
      <UnitQty>גרמים</UnitQty>
      <Quantity>500.00</Quantity>
      <UnitOfMeasure>100 גרם</UnitOfMeasure>
      <bIsWeighted>0</bIsWeighted>
      <QtyInPackage>1</QtyInPackage>
      <ItemPrice>15.90</ItemPrice>
      <UnitOfMeasurePrice>3.1800</UnitOfMeasurePrice>
      <AllowDiscount>1</AllowDiscount>
      <ItemStatus>1</ItemStatus>
      <ItemId>109184</ItemId>
    </Item>
    <Item>
      <PriceUpdateDate>2016-04-14 07:35:07</PriceUpdateDate>
      <ItemCode>42247739</ItemCode>
      <ItemType>1</ItemType>
      <ItemName>מסטיק FIVE  בטעם ספי</ItemName>
      <ManufacturerName>ריגלי</ManufacturerName>
      <ManufactureCountry>ישראל</ManufactureCountry>
      <ManufacturerItemDescription>מסטיק פייב</ManufacturerItemDescription>
      <UnitQty>גרמים</UnitQty>
      <Quantity>31.00</Quantity>
      <UnitOfMeasure>100 גרם</UnitOfMeasure>
      <bIsWeighted>0</bIsWeighted>
      <QtyInPackage>1</QtyInPackage>
      <ItemPrice>4.90</ItemPrice>
      <UnitOfMeasurePrice>15.8065</UnitOfMeasurePrice>
      <AllowDiscount>1</AllowDiscount>
      <ItemStatus>1</ItemStatus>
      <ItemId>109197</ItemId>
    </Item>
    <Item>
      <PriceUpdateDate>2016-09-01 09:13:22</PriceUpdateDate>
      <ItemCode>7290106669604</ItemCode>
      <ItemType>1</ItemType>
      <ItemName>חומוסיה של אבי הנסיך</ItemName>
      <ManufacturerName>שטראוס גרופ</ManufacturerName>
      <ManufactureCountry>ישראל</ManufactureCountry>
      <ManufacturerItemDescription>חומוסיה של אבי הנסיך גרגרים 400 גר</ManufacturerItemDescription>
      <UnitQty>גרמים</UnitQty>
      <Quantity>500.00</Quantity>
      <UnitOfMeasure>100 גרם</UnitOfMeasure>
      <bIsWeighted>0</bIsWeighted>
      <QtyInPackage>1</QtyInPackage>
      <ItemPrice>15.60</ItemPrice>
      <UnitOfMeasurePrice>3.1200</UnitOfMeasurePrice>
      <AllowDiscount>1</AllowDiscount>
      <ItemStatus>1</ItemStatus>
      <ItemId>109204</ItemId>
    </Item>
    <Item>
      <PriceUpdateDate>2016-09-01 09:13:22</PriceUpdateDate>
      <ItemCode>7290106728387</ItemCode>
      <ItemType>1</ItemType>
      <ItemName>חומוסיה של אבי הנסיך</ItemName>
      <ManufacturerName>שטראוס גרופ</ManufacturerName>
      <ManufactureCountry>ישראל</ManufactureCountry>
      <ManufacturerItemDescription>חומוסיה של אבי הנסיך 400 גר</ManufacturerItemDescription>
      <UnitQty>גרמים</UnitQty>
      <Quantity>500.00</Quantity>
      <UnitOfMeasure>100 גרם</UnitOfMeasure>
      <bIsWeighted>0</bIsWeighted>
      <QtyInPackage>1</QtyInPackage>
      <ItemPrice>15.60</ItemPrice>
      <UnitOfMeasurePrice>3.1200</UnitOfMeasurePrice>
      <AllowDiscount>1</AllowDiscount>
      <ItemStatus>1</ItemStatus>
      <ItemId>109205</ItemId>
    </Item>
    <Item>
      <PriceUpdateDate>2016-05-19 11:17:56</PriceUpdateDate>
      <ItemCode>7290107936248</ItemCode>
      <ItemType>1</ItemType>
      <ItemName>מילקי קצפת קפוצינו 1</ItemName>
      <ManufacturerName>שטראוס גרופ</ManufacturerName>
      <ManufactureCountry>ישראל</ManufactureCountry>
      <ManufacturerItemDescription>מילקי קצפת קפוצינו 133 גר</ManufacturerItemDescription>
      <UnitQty>גרמים</UnitQty>
      <Quantity>140.00</Quantity>
      <UnitOfMeasure>100 גרם</UnitOfMeasure>
      <bIsWeighted>0</bIsWeighted>
      <QtyInPackage>1</QtyInPackage>
      <ItemPrice>4.40</ItemPrice>
      <UnitOfMeasurePrice>3.1429</UnitOfMeasurePrice>
      <AllowDiscount>1</AllowDiscount>
      <ItemStatus>1</ItemStatus>
      <ItemId>109206</ItemId>
    </Item>
    <Item>
      <PriceUpdateDate>2016-04-14 07:35:07</PriceUpdateDate>
      <ItemCode>42268413</ItemCode>
      <ItemType>1</ItemType>
      <ItemName>מסטיק FIVE  בטעם פיר</ItemName>
      <ManufacturerName>ריגלי</ManufacturerName>
      <ManufactureCountry>ישראל</ManufactureCountry>
      <ManufacturerItemDescription>מסטיק פייב בטעם פירות טרופיים 8 יח</ManufacturerItemDescription>
      <UnitQty>גרמים</UnitQty>
      <Quantity>31.00</Quantity>
      <UnitOfMeasure>100 גרם</UnitOfMeasure>
      <bIsWeighted>0</bIsWeighted>
      <QtyInPackage>1</QtyInPackage>
      <ItemPrice>4.90</ItemPrice>
      <UnitOfMeasurePrice>15.8065</UnitOfMeasurePrice>
      <AllowDiscount>1</AllowDiscount>
      <ItemStatus>1</ItemStatus>
      <ItemId>109221</ItemId>
    </Item>
    <Item>
      <PriceUpdateDate>2016-07-03 17:15:32</PriceUpdateDate>
      <ItemCode>7613035619050</ItemCode>
      <ItemType>1</ItemType>
      <ItemName>חמשושים מצופים 80 גר</ItemName>
      <ManufacturerName>נגה גלידות</ManufacturerName>
      <ManufactureCountry>לא ידוע</ManufactureCountry>
      <ManufacturerItemDescription>חמשושים מצופים</ManufacturerItemDescription>
      <UnitQty>גרמים</UnitQty>
      <Quantity>220.00</Quantity>
      <UnitOfMeasure>100 גרם</UnitOfMeasure>
      <bIsWeighted>0</bIsWeighted>
      <QtyInPackage>1</QtyInPackage>
      <ItemPrice>9.80</ItemPrice>
      <UnitOfMeasurePrice>4.4545</UnitOfMeasurePrice>
      <AllowDiscount>1</AllowDiscount>
      <ItemStatus>1</ItemStatus>
      <ItemId>109810</ItemId>
    </Item>
    <Item>
      <PriceUpdateDate>2016-04-20 12:15:35</PriceUpdateDate>
      <ItemCode>7290107971584</ItemCode>
      <ItemType>1</ItemType>
      <ItemName>מרשמלו ורוד לבן 150</ItemName>
      <ManufacturerName>תות ממתקי איכות</ManufacturerName>
      <ManufactureCountry>ישראל</ManufactureCountry>
      <ManufacturerItemDescription>מרשמלו ורוד לבן 150 גרם</ManufacturerItemDescription>
      <UnitQty>גרמים</UnitQty>
      <Quantity>150.00</Quantity>
      <UnitOfMeasure>100 גרם</UnitOfMeasure>
      <bIsWeighted>0</bIsWeighted>
      <QtyInPackage>1</QtyInPackage>
      <ItemPrice>6.90</ItemPrice>
      <UnitOfMeasurePrice>4.6000</UnitOfMeasurePrice>
      <AllowDiscount>1</AllowDiscount>
      <ItemStatus>1</ItemStatus>
      <ItemId>109301</ItemId>
    </Item>
    <Item>
      <PriceUpdateDate>2016-05-19 11:18:00</PriceUpdateDate>
      <ItemCode>8710908148293</ItemCode>
      <ItemType>1</ItemType>
      <ItemName>אקס ספריי גוף בלאק נ</ItemName>
      <ManufacturerName>יוניליוור גרמניה (בו</ManufacturerName>
      <ManufactureCountry>גרמניה</ManufactureCountry>
      <ManufacturerItemDescription>אקס ספריי גוף בלאק נייט</ManufacturerItemDescription>
      <UnitQty>מיליליטרים</UnitQty>
      <Quantity>150.00</Quantity>
      <UnitOfMeasure>100 מ"ל</UnitOfMeasure>
      <bIsWeighted>0</bIsWeighted>
      <QtyInPackage>1</QtyInPackage>
      <ItemPrice>22.70</ItemPrice>
      <UnitOfMeasurePrice>15.1333</UnitOfMeasurePrice>
      <AllowDiscount>1</AllowDiscount>
      <ItemStatus>1</ItemStatus>
      <ItemId>109340</ItemId>
    </Item>
    <Item>
      <PriceUpdateDate>2016-05-05 08:50:41</PriceUpdateDate>
      <ItemCode>7290003220458</ItemCode>
      <ItemType>1</ItemType>
      <ItemName>פתיבר וניל מעדני מלך</ItemName>
      <ManufacturerName>אפיפית</ManufacturerName>
      <ManufactureCountry>ישראל</ManufactureCountry>
      <ManufacturerItemDescription>פתיבר וניל מעדני המלך 500 גר           .</ManufacturerItemDescription>
      <UnitQty>גרמים</UnitQty>
      <Quantity>500.00</Quantity>
      <UnitOfMeasure>100 גרם</UnitOfMeasure>
      <bIsWeighted>0</bIsWeighted>
      <QtyInPackage>1</QtyInPackage>
      <ItemPrice>8.60</ItemPrice>
      <UnitOfMeasurePrice>1.7200</UnitOfMeasurePrice>
      <AllowDiscount>1</AllowDiscount>
      <ItemStatus>1</ItemStatus>
      <ItemId>109365</ItemId>
    </Item>
    <Item>
      <PriceUpdateDate>2016-05-05 08:50:41</PriceUpdateDate>
      <ItemCode>7290003220403</ItemCode>
      <ItemType>1</ItemType>
      <ItemName>קרקר מלח מעדני המלך</ItemName>
      <ManufacturerName>אפיפית</ManufacturerName>
      <ManufactureCountry>ישראל</ManufactureCountry>
      <ManufacturerItemDescription>קרקר מלח מעדני המלך 110 גר             .</ManufacturerItemDescription>
      <UnitQty>גרמים</UnitQty>
      <Quantity>110.00</Quantity>
      <UnitOfMeasure>100 גרם</UnitOfMeasure>
      <bIsWeighted>0</bIsWeighted>
      <QtyInPackage>1</QtyInPackage>
      <ItemPrice>2.90</ItemPrice>
      <UnitOfMeasurePrice>2.6364</UnitOfMeasurePrice>
      <AllowDiscount>1</AllowDiscount>
      <ItemStatus>1</ItemStatus>
      <ItemId>109367</ItemId>
    </Item>
    <Item>
      <PriceUpdateDate>2016-05-05 08:50:41</PriceUpdateDate>
      <ItemCode>7290003220410</ItemCode>
      <ItemType>1</ItemType>
      <ItemName>קרקר שומשום מעדני</ItemName>
      <ManufacturerName>אפיפית</ManufacturerName>
      <ManufactureCountry>ישראל</ManufactureCountry>
      <ManufacturerItemDescription>קרקר שומשום מעדני המלך110 גר           .</ManufacturerItemDescription>
      <UnitQty>גרמים</UnitQty>
      <Quantity>110.00</Quantity>
      <UnitOfMeasure>100 גרם</UnitOfMeasure>
      <bIsWeighted>0</bIsWeighted>
      <QtyInPackage>1</QtyInPackage>
      <ItemPrice>2.90</ItemPrice>
      <UnitOfMeasurePrice>2.6364</UnitOfMeasurePrice>
      <AllowDiscount>1</AllowDiscount>
      <ItemStatus>1</ItemStatus>
      <ItemId>109368</ItemId>
    </Item>
    <Item>
      <PriceUpdateDate>2016-05-05 08:50:41</PriceUpdateDate>
      <ItemCode>7290003220434</ItemCode>
      <ItemType>1</ItemType>
      <ItemName>פתיבר וניל מעדני מלך</ItemName>
      <ManufacturerName>אפיפית</ManufacturerName>
      <ManufactureCountry>ישראל</ManufactureCountry>
      <ManufacturerItemDescription>פתיבר וניל מעדני המלך 110 גר           .</ManufacturerItemDescription>
      <UnitQty>גרמים</UnitQty>
      <Quantity>110.00</Quantity>
      <UnitOfMeasure>100 גרם</UnitOfMeasure>
      <bIsWeighted>0</bIsWeighted>
      <QtyInPackage>1</QtyInPackage>
      <ItemPrice>2.90</ItemPrice>
      <UnitOfMeasurePrice>2.6364</UnitOfMeasurePrice>
      <AllowDiscount>1</AllowDiscount>
      <ItemStatus>1</ItemStatus>
      <ItemId>109369</ItemId>
    </Item>
    <Item>
      <PriceUpdateDate>2016-05-05 11:15:33</PriceUpdateDate>
      <ItemCode>7290107878739</ItemCode>
      <ItemType>1</ItemType>
      <ItemName>במבה במילוי חצי חצי</ItemName>
      <ManufacturerName>אסם</ManufacturerName>
      <ManufactureCountry>ישראל</ManufactureCountry>
      <ManufacturerItemDescription>במבה במילוי חצי חצי מוקה וניל 60 גר</ManufacturerItemDescription>
      <UnitQty>גרמים</UnitQty>
      <Quantity>60.00</Quantity>
      <UnitOfMeasure>100 גרם</UnitOfMeasure>
      <bIsWeighted>0</bIsWeighted>
      <QtyInPackage>1</QtyInPackage>
      <ItemPrice>5.90</ItemPrice>
      <UnitOfMeasurePrice>9.8333</UnitOfMeasurePrice>
      <AllowDiscount>1</AllowDiscount>
      <ItemStatus>1</ItemStatus>
      <ItemId>109371</ItemId>
    </Item>
    <Item>
      <PriceUpdateDate>2016-05-05 13:15:33</PriceUpdateDate>
      <ItemCode>7290107643306</ItemCode>
      <ItemType>1</ItemType>
      <ItemName>דגני כריות במילוי קר</ItemName>
      <ManufacturerName>יוניליוור</ManufacturerName>
      <ManufactureCountry>ישראל</ManufactureCountry>
      <ManufacturerItemDescription>דגני כריות במילוי קרם בטעם קפה מעודן 750</ManufacturerItemDescription>
      <UnitQty>גרמים</UnitQty>
      <Quantity>750.00</Quantity>
      <UnitOfMeasure>100 גרם</UnitOfMeasure>
      <bIsWeighted>0</bIsWeighted>
      <QtyInPackage>1</QtyInPackage>
      <ItemPrice>29.90</ItemPrice>
      <UnitOfMeasurePrice>3.9867</UnitOfMeasurePrice>
      <AllowDiscount>1</AllowDiscount>
      <ItemStatus>1</ItemStatus>
      <ItemId>109385</ItemId>
    </Item>
    <Item>
      <PriceUpdateDate>2016-05-10 13:26:28</PriceUpdateDate>
      <ItemCode>7290015193412</ItemCode>
      <ItemType>1</ItemType>
      <ItemName>קוקטייל פירות 850 גר</ItemName>
      <ManufacturerName>מיי אנדוור</ManufacturerName>
      <ManufactureCountry>תאילנד</ManufactureCountry>
      <ManufacturerItemDescription>אננס פרוסות 565 גרם WOK</ManufacturerItemDescription>
      <UnitQty>גרמים</UnitQty>
      <Quantity>850.00</Quantity>
      <UnitOfMeasure>100 גרם</UnitOfMeasure>
      <bIsWeighted>0</bIsWeighted>
      <QtyInPackage>1</QtyInPackage>
      <ItemPrice>9.90</ItemPrice>
      <UnitOfMeasurePrice>1.1647</UnitOfMeasurePrice>
      <AllowDiscount>1</AllowDiscount>
      <ItemStatus>1</ItemStatus>
      <ItemId>109389</ItemId>
    </Item>
    <Item>
      <PriceUpdateDate>2016-05-05 15:15:32</PriceUpdateDate>
      <ItemCode>7290001726037</ItemCode>
      <ItemType>1</ItemType>
      <ItemName>קרואסון ביס בטעם נוג</ItemName>
      <ManufacturerName>בונזור</ManufacturerName>
      <ManufactureCountry>לא ידוע</ManufactureCountry>
      <ManufacturerItemDescription>קרואסון ביס בטעם נוגט לק"ג</ManufacturerItemDescription>
      <UnitQty>קילוגרמים</UnitQty>
      <Quantity>1.00</Quantity>
      <UnitOfMeasure>ק"ג</UnitOfMeasure>
      <bIsWeighted>1</bIsWeighted>
      <QtyInPackage>לא ידוע</QtyInPackage>
      <ItemPrice>34.00</ItemPrice>
      <UnitOfMeasurePrice>34.0000</UnitOfMeasurePrice>
      <AllowDiscount>1</AllowDiscount>
      <ItemStatus>1</ItemStatus>
      <ItemId>109392</ItemId>
    </Item>
    <Item>
      <PriceUpdateDate>2016-05-05 16:15:32</PriceUpdateDate>
      <ItemCode>7290106661875</ItemCode>
      <ItemType>1</ItemType>
      <ItemName>סקי פאי לימון 125 גר</ItemName>
      <ManufacturerName>שטראוס</ManufacturerName>
      <ManufactureCountry>ישראל</ManufactureCountry>
      <ManufacturerItemDescription>סקי פאי לימון 125 גר</ManufacturerItemDescription>
      <UnitQty>גרמים</UnitQty>
      <Quantity>125.00</Quantity>
      <UnitOfMeasure>100 גרם</UnitOfMeasure>
      <bIsWeighted>0</bIsWeighted>
      <QtyInPackage>1</QtyInPackage>
      <ItemPrice>3.90</ItemPrice>
      <UnitOfMeasurePrice>3.1200</UnitOfMeasurePrice>
      <AllowDiscount>1</AllowDiscount>
      <ItemStatus>1</ItemStatus>
      <ItemId>109397</ItemId>
    </Item>
    <Item>
      <PriceUpdateDate>2016-05-17 09:23:51</PriceUpdateDate>
      <ItemCode>7290106667266</ItemCode>
      <ItemType>1</ItemType>
      <ItemName>דוריטוס חמוץ חריף 18</ItemName>
      <ManufacturerName>שטראוס פריטוליי</ManufacturerName>
      <ManufactureCountry>לא ידוע</ManufactureCountry>
      <ManufacturerItemDescription>דוריטוס חמוץ חריף 185 גרם</ManufacturerItemDescription>
      <UnitQty>גרמים</UnitQty>
      <Quantity>185.00</Quantity>
      <UnitOfMeasure>100 גרם</UnitOfMeasure>
      <bIsWeighted>0</bIsWeighted>
      <QtyInPackage>1</QtyInPackage>
      <ItemPrice>8.00</ItemPrice>
      <UnitOfMeasurePrice>4.3243</UnitOfMeasurePrice>
      <AllowDiscount>1</AllowDiscount>
      <ItemStatus>1</ItemStatus>
      <ItemId>109404</ItemId>
    </Item>
    <Item>
      <PriceUpdateDate>2016-05-17 09:23:51</PriceUpdateDate>
      <ItemCode>7290106664203</ItemCode>
      <ItemType>1</ItemType>
      <ItemName>דוריטוס חמוץ מתוק 18</ItemName>
      <ManufacturerName>שטראוס פריטוליי</ManufacturerName>
      <ManufactureCountry>לא ידוע</ManufactureCountry>
      <ManufacturerItemDescription>דוריטוס חמוץ מתוק 185 גרם</ManufacturerItemDescription>
      <UnitQty>גרמים</UnitQty>
      <Quantity>185.00</Quantity>
      <UnitOfMeasure>100 גרם</UnitOfMeasure>
      <bIsWeighted>0</bIsWeighted>
      <QtyInPackage>1</QtyInPackage>
      <ItemPrice>8.00</ItemPrice>
      <UnitOfMeasurePrice>4.3243</UnitOfMeasurePrice>
      <AllowDiscount>1</AllowDiscount>
      <ItemStatus>1</ItemStatus>
      <ItemId>109405</ItemId>
    </Item>
    <Item>
      <PriceUpdateDate>2016-05-17 09:23:51</PriceUpdateDate>
      <ItemCode>7290106528567</ItemCode>
      <ItemType>1</ItemType>
      <ItemName>דוריטוס גריל 185 גרם</ItemName>
      <ManufacturerName>שטראוס פריטוליי</ManufacturerName>
      <ManufactureCountry>לא ידוע</ManufactureCountry>
      <ManufacturerItemDescription>דוריטוס גריל 185 גרם</ManufacturerItemDescription>
      <UnitQty>גרמים</UnitQty>
      <Quantity>185.00</Quantity>
      <UnitOfMeasure>100 גרם</UnitOfMeasure>
      <bIsWeighted>0</bIsWeighted>
      <QtyInPackage>1</QtyInPackage>
      <ItemPrice>8.00</ItemPrice>
      <UnitOfMeasurePrice>4.3243</UnitOfMeasurePrice>
      <AllowDiscount>1</AllowDiscount>
      <ItemStatus>1</ItemStatus>
      <ItemId>109406</ItemId>
    </Item>
    <Item>
      <PriceUpdateDate>2016-05-16 13:31:09</PriceUpdateDate>
      <ItemCode>7290107936453</ItemCode>
      <ItemType>1</ItemType>
      <ItemName>קרקר קראנצ טבעי 300</ItemName>
      <ManufacturerName>שטראוס</ManufacturerName>
      <ManufactureCountry>ישראל</ManufactureCountry>
      <ManufacturerItemDescription>קרקר קראנצ טבעי 300 גרם</ManufacturerItemDescription>
      <UnitQty>גרמים</UnitQty>
      <Quantity>300.00</Quantity>
      <UnitOfMeasure>100 גרם</UnitOfMeasure>
      <bIsWeighted>0</bIsWeighted>
      <QtyInPackage>1</QtyInPackage>
      <ItemPrice>14.70</ItemPrice>
      <UnitOfMeasurePrice>4.9000</UnitOfMeasurePrice>
      <AllowDiscount>1</AllowDiscount>
      <ItemStatus>1</ItemStatus>
      <ItemId>109410</ItemId>
    </Item>
    <Item>
      <PriceUpdateDate>2016-05-16 13:31:10</PriceUpdateDate>
      <ItemCode>7290014762862</ItemCode>
      <ItemType>1</ItemType>
      <ItemName>יופלה קרם יוגורט 5%</ItemName>
      <ManufacturerName>תנובה</ManufacturerName>
      <ManufactureCountry>ישראל</ManufactureCountry>
      <ManufacturerItemDescription>יופלה קרם יוגורט 5% בטעם סיידר 150 גר</ManufacturerItemDescription>
      <UnitQty>מיליליטרים</UnitQty>
      <Quantity>150.00</Quantity>
      <UnitOfMeasure>100 מ"ל</UnitOfMeasure>
      <bIsWeighted>0</bIsWeighted>
      <QtyInPackage>1</QtyInPackage>
      <ItemPrice>5.10</ItemPrice>
      <UnitOfMeasurePrice>3.4000</UnitOfMeasurePrice>
      <AllowDiscount>1</AllowDiscount>
      <ItemStatus>1</ItemStatus>
      <ItemId>109418</ItemId>
    </Item>
    <Item>
      <PriceUpdateDate>2016-05-17 09:23:52</PriceUpdateDate>
      <ItemCode>7290000453880</ItemCode>
      <ItemType>1</ItemType>
      <ItemName>מרגרינה ללא מלח לאפי</ItemName>
      <ManufacturerName>פאקא תעשיות בע"מ</ManufacturerName>
      <ManufactureCountry>לא ידוע</ManufactureCountry>
      <ManufacturerItemDescription>מרגרינה ללא מלח לאפייה ובישול 200 גר</ManufacturerItemDescription>
      <UnitQty>גרמים</UnitQty>
      <Quantity>200.00</Quantity>
      <UnitOfMeasure>100 גרם</UnitOfMeasure>
      <bIsWeighted>0</bIsWeighted>
      <QtyInPackage>1</QtyInPackage>
      <ItemPrice>5.30</ItemPrice>
      <UnitOfMeasurePrice>2.6500</UnitOfMeasurePrice>
      <AllowDiscount>1</AllowDiscount>
      <ItemStatus>1</ItemStatus>
      <ItemId>109428</ItemId>
    </Item>
    <Item>
      <PriceUpdateDate>2016-05-17 09:23:52</PriceUpdateDate>
      <ItemCode>7290000453897</ItemCode>
      <ItemType>1</ItemType>
      <ItemName>מרגרינה בטעם חמאה 20</ItemName>
      <ManufacturerName>פאקא תעשיות בע"מ</ManufacturerName>
      <ManufactureCountry>ישראל</ManufactureCountry>
      <ManufacturerItemDescription>מרגרינה בטעם חמאה 200 גר</ManufacturerItemDescription>
      <UnitQty>גרמים</UnitQty>
      <Quantity>200.00</Quantity>
      <UnitOfMeasure>100 גרם</UnitOfMeasure>
      <bIsWeighted>0</bIsWeighted>
      <QtyInPackage>4</QtyInPackage>
      <ItemPrice>5.30</ItemPrice>
      <UnitOfMeasurePrice>2.6500</UnitOfMeasurePrice>
      <AllowDiscount>1</AllowDiscount>
      <ItemStatus>1</ItemStatus>
      <ItemId>109429</ItemId>
    </Item>
    <Item>
      <PriceUpdateDate>2016-05-17 09:21:48</PriceUpdateDate>
      <ItemCode>7290107930116</ItemCode>
      <ItemType>1</ItemType>
      <ItemName>מילקי מוס 81 גר</ItemName>
      <ManufacturerName>שטראוס</ManufacturerName>
      <ManufactureCountry>ישראל</ManufactureCountry>
      <ManufacturerItemDescription>מילקי מוס 81 גר</ManufacturerItemDescription>
      <UnitQty>גרמים</UnitQty>
      <Quantity>81.00</Quantity>
      <UnitOfMeasure>100 גרם</UnitOfMeasure>
      <bIsWeighted>0</bIsWeighted>
      <QtyInPackage>1</QtyInPackage>
      <ItemPrice>3.50</ItemPrice>
      <UnitOfMeasurePrice>4.3210</UnitOfMeasurePrice>
      <AllowDiscount>1</AllowDiscount>
      <ItemStatus>1</ItemStatus>
      <ItemId>109432</ItemId>
    </Item>
    <Item>
      <PriceUpdateDate>2016-05-17 09:21:48</PriceUpdateDate>
      <ItemCode>7290106728226</ItemCode>
      <ItemType>1</ItemType>
      <ItemName>דנונה דיאט בננה קרמל</ItemName>
      <ManufacturerName>שטראוס</ManufacturerName>
      <ManufactureCountry>ישראל</ManufactureCountry>
      <ManufacturerItemDescription>דנונה דיאט בננה קרמל 150 גר</ManufacturerItemDescription>
      <UnitQty>גרמים</UnitQty>
      <Quantity>150.00</Quantity>
      <UnitOfMeasure>100 גרם</UnitOfMeasure>
      <bIsWeighted>0</bIsWeighted>
      <QtyInPackage>1</QtyInPackage>
      <ItemPrice>5.00</ItemPrice>
      <UnitOfMeasurePrice>3.3333</UnitOfMeasurePrice>
      <AllowDiscount>1</AllowDiscount>
      <ItemStatus>1</ItemStatus>
      <ItemId>109434</ItemId>
    </Item>
    <Item>
      <PriceUpdateDate>2016-05-17 09:23:52</PriceUpdateDate>
      <ItemCode>7290105965851</ItemCode>
      <ItemType>1</ItemType>
      <ItemName>דנונה דיאט פאי לימון</ItemName>
      <ManufacturerName>שטראוס</ManufacturerName>
      <ManufactureCountry>ישראל</ManufactureCountry>
      <ManufacturerItemDescription>דנונה דיאט פאי לימון 150 גר</ManufacturerItemDescription>
      <UnitQty>גרמים</UnitQty>
      <Quantity>150.00</Quantity>
      <UnitOfMeasure>100 גרם</UnitOfMeasure>
      <bIsWeighted>0</bIsWeighted>
      <QtyInPackage>1</QtyInPackage>
      <ItemPrice>5.00</ItemPrice>
      <UnitOfMeasurePrice>3.3333</UnitOfMeasurePrice>
      <AllowDiscount>1</AllowDiscount>
      <ItemStatus>1</ItemStatus>
      <ItemId>109435</ItemId>
    </Item>
    <Item>
      <PriceUpdateDate>2016-05-16 13:31:10</PriceUpdateDate>
      <ItemCode>7290014218406</ItemCode>
      <ItemType>1</ItemType>
      <ItemName>בצק שמרים עלים חמאה</ItemName>
      <ManufacturerName>מעדנות</ManufacturerName>
      <ManufactureCountry>ישראל</ManufactureCountry>
      <ManufacturerItemDescription>בצק שמרים עלים חמאה</ManufacturerItemDescription>
      <UnitQty>גרמים</UnitQty>
      <Quantity>600.00</Quantity>
      <UnitOfMeasure>100 גרם</UnitOfMeasure>
      <bIsWeighted>0</bIsWeighted>
      <QtyInPackage>1</QtyInPackage>
      <ItemPrice>30.50</ItemPrice>
      <UnitOfMeasurePrice>5.0833</UnitOfMeasurePrice>
      <AllowDiscount>1</AllowDiscount>
      <ItemStatus>1</ItemStatus>
      <ItemId>109454</ItemId>
    </Item>
    <Item>
      <PriceUpdateDate>2016-05-16 13:31:10</PriceUpdateDate>
      <ItemCode>7290014218413</ItemCode>
      <ItemType>1</ItemType>
      <ItemName>בצק פריך מתוק חמאה 6</ItemName>
      <ManufacturerName>מעדנות</ManufacturerName>
      <ManufactureCountry>ישראל</ManufactureCountry>
      <ManufacturerItemDescription>בצק פריך מתוק חמאה</ManufacturerItemDescription>
      <UnitQty>גרמים</UnitQty>
      <Quantity>600.00</Quantity>
      <UnitOfMeasure>100 גרם</UnitOfMeasure>
      <bIsWeighted>0</bIsWeighted>
      <QtyInPackage>1</QtyInPackage>
      <ItemPrice>30.50</ItemPrice>
      <UnitOfMeasurePrice>5.0833</UnitOfMeasurePrice>
      <AllowDiscount>1</AllowDiscount>
      <ItemStatus>1</ItemStatus>
      <ItemId>109455</ItemId>
    </Item>
    <Item>
      <PriceUpdateDate>2016-05-18 18:17:25</PriceUpdateDate>
      <ItemCode>7290016276282</ItemCode>
      <ItemType>1</ItemType>
      <ItemName>חומץ תפוחים 500 מ"ל</ItemName>
      <ManufacturerName>קומטמפ קומפניה פורטו</ManufacturerName>
      <ManufactureCountry>פורטוגל</ManufactureCountry>
      <ManufacturerItemDescription>חומץ תפוחים 500 מ"ל שקדיה</ManufacturerItemDescription>
      <UnitQty>מיליליטרים</UnitQty>
      <Quantity>500.00</Quantity>
      <UnitOfMeasure>100 מ"ל</UnitOfMeasure>
      <bIsWeighted>0</bIsWeighted>
      <QtyInPackage>1</QtyInPackage>
      <ItemPrice>16.90</ItemPrice>
      <UnitOfMeasurePrice>3.3800</UnitOfMeasurePrice>
      <AllowDiscount>1</AllowDiscount>
      <ItemStatus>1</ItemStatus>
      <ItemId>109488</ItemId>
    </Item>
    <Item>
      <PriceUpdateDate>2016-05-18 18:17:25</PriceUpdateDate>
      <ItemCode>7290016276299</ItemCode>
      <ItemType>1</ItemType>
      <ItemName>חומץ פירות אדומים 50</ItemName>
      <ManufacturerName>קומטמפ קומפניה פורטו</ManufacturerName>
      <ManufactureCountry>פורטוגל</ManufactureCountry>
      <ManufacturerItemDescription>חומץ פירות אדומים 500 מ"ל שקדיה</ManufacturerItemDescription>
      <UnitQty>מיליליטרים</UnitQty>
      <Quantity>500.00</Quantity>
      <UnitOfMeasure>100 מ"ל</UnitOfMeasure>
      <bIsWeighted>0</bIsWeighted>
      <QtyInPackage>1</QtyInPackage>
      <ItemPrice>16.90</ItemPrice>
      <UnitOfMeasurePrice>3.3800</UnitOfMeasurePrice>
      <AllowDiscount>1</AllowDiscount>
      <ItemStatus>1</ItemStatus>
      <ItemId>109489</ItemId>
    </Item>
    <Item>
      <PriceUpdateDate>2016-06-15 07:40:06</PriceUpdateDate>
      <ItemCode>5998749129944</ItemCode>
      <ItemType>1</ItemType>
      <ItemName>ויסקס אדולט טונה 1.4</ItemName>
      <ManufacturerName>מרס</ManufacturerName>
      <ManufactureCountry>לא ידוע</ManufactureCountry>
      <ManufacturerItemDescription>ויסקס אדולט טונה 1.4 ק"ג</ManufacturerItemDescription>
      <UnitQty>קילוגרמים</UnitQty>
      <Quantity>1.40</Quantity>
      <UnitOfMeasure>ק"ג</UnitOfMeasure>
      <bIsWeighted>0</bIsWeighted>
      <QtyInPackage>1</QtyInPackage>
      <ItemPrice>36.90</ItemPrice>
      <UnitOfMeasurePrice>26.3571</UnitOfMeasurePrice>
      <AllowDiscount>1</AllowDiscount>
      <ItemStatus>1</ItemStatus>
      <ItemId>109544</ItemId>
    </Item>
    <Item>
      <PriceUpdateDate>2016-05-19 15:15:14</PriceUpdateDate>
      <ItemCode>8008660210038</ItemCode>
      <ItemType>1</ItemType>
      <ItemName>מעדן ריבה תות שדה 30</ItemName>
      <ManufacturerName>מנז אנד גאסר</ManufacturerName>
      <ManufactureCountry>לא ידוע</ManufactureCountry>
      <ManufacturerItemDescription>מעדן ריבה תות שדה</ManufacturerItemDescription>
      <UnitQty>גרמים</UnitQty>
      <Quantity>300.00</Quantity>
      <UnitOfMeasure>100 גרם</UnitOfMeasure>
      <bIsWeighted>0</bIsWeighted>
      <QtyInPackage>1</QtyInPackage>
      <ItemPrice>18.90</ItemPrice>
      <UnitOfMeasurePrice>6.3000</UnitOfMeasurePrice>
      <AllowDiscount>1</AllowDiscount>
      <ItemStatus>1</ItemStatus>
      <ItemId>109507</ItemId>
    </Item>
    <Item>
      <PriceUpdateDate>2016-05-19 15:15:14</PriceUpdateDate>
      <ItemCode>8008660210045</ItemCode>
      <ItemType>1</ItemType>
      <ItemName>מעדן ריבה פירות יער</ItemName>
      <ManufacturerName>מנז אנד גאסר</ManufacturerName>
      <ManufactureCountry>לא ידוע</ManufactureCountry>
      <ManufacturerItemDescription>מעדן ריבה פירות יער</ManufacturerItemDescription>
      <UnitQty>גרמים</UnitQty>
      <Quantity>300.00</Quantity>
      <UnitOfMeasure>100 גרם</UnitOfMeasure>
      <bIsWeighted>0</bIsWeighted>
      <QtyInPackage>1</QtyInPackage>
      <ItemPrice>18.90</ItemPrice>
      <UnitOfMeasurePrice>6.3000</UnitOfMeasurePrice>
      <AllowDiscount>1</AllowDiscount>
      <ItemStatus>1</ItemStatus>
      <ItemId>109508</ItemId>
    </Item>
    <Item>
      <PriceUpdateDate>2016-05-19 15:15:14</PriceUpdateDate>
      <ItemCode>8008660210014</ItemCode>
      <ItemType>1</ItemType>
      <ItemName>מעדן ריבה משמש 300 ג</ItemName>
      <ManufacturerName>מנז אנד גאסר</ManufacturerName>
      <ManufactureCountry>לא ידוע</ManufactureCountry>
      <ManufacturerItemDescription>מעדן ריבה משמש</ManufacturerItemDescription>
      <UnitQty>גרמים</UnitQty>
      <Quantity>300.00</Quantity>
      <UnitOfMeasure>100 גרם</UnitOfMeasure>
      <bIsWeighted>0</bIsWeighted>
      <QtyInPackage>1</QtyInPackage>
      <ItemPrice>18.90</ItemPrice>
      <UnitOfMeasurePrice>6.3000</UnitOfMeasurePrice>
      <AllowDiscount>1</AllowDiscount>
      <ItemStatus>1</ItemStatus>
      <ItemId>109509</ItemId>
    </Item>
    <Item>
      <PriceUpdateDate>2016-05-19 15:15:14</PriceUpdateDate>
      <ItemCode>8008660210021</ItemCode>
      <ItemType>1</ItemType>
      <ItemName>מעדן ריבה דובדבן 300</ItemName>
      <ManufacturerName>מנז אנד גאסר</ManufacturerName>
      <ManufactureCountry>לא ידוע</ManufactureCountry>
      <ManufacturerItemDescription>מעדן ריבה דובדבן</ManufacturerItemDescription>
      <UnitQty>גרמים</UnitQty>
      <Quantity>300.00</Quantity>
      <UnitOfMeasure>100 גרם</UnitOfMeasure>
      <bIsWeighted>0</bIsWeighted>
      <QtyInPackage>1</QtyInPackage>
      <ItemPrice>18.90</ItemPrice>
      <UnitOfMeasurePrice>6.3000</UnitOfMeasurePrice>
      <AllowDiscount>1</AllowDiscount>
      <ItemStatus>1</ItemStatus>
      <ItemId>109510</ItemId>
    </Item>
    <Item>
      <PriceUpdateDate>2016-05-19 15:15:14</PriceUpdateDate>
      <ItemCode>8002594003186</ItemCode>
      <ItemType>1</ItemType>
      <ItemName>עלים להכנת קרמשניט מ</ItemName>
      <ManufacturerName>Maristella Srl</ManufacturerName>
      <ManufactureCountry>לא ידוע</ManufactureCountry>
      <ManufacturerItemDescription>מריסטלה-עלים להכנת קרמשניט 300 גר</ManufacturerItemDescription>
      <UnitQty>גרמים</UnitQty>
      <Quantity>300.00</Quantity>
      <UnitOfMeasure>100 גרם</UnitOfMeasure>
      <bIsWeighted>0</bIsWeighted>
      <QtyInPackage>1</QtyInPackage>
      <ItemPrice>15.90</ItemPrice>
      <UnitOfMeasurePrice>5.3000</UnitOfMeasurePrice>
      <AllowDiscount>1</AllowDiscount>
      <ItemStatus>1</ItemStatus>
      <ItemId>109511</ItemId>
    </Item>
    <Item>
      <PriceUpdateDate>2016-06-02 12:31:37</PriceUpdateDate>
      <ItemCode>7290107643689</ItemCode>
      <ItemType>1</ItemType>
      <ItemName>קליק פופקורן לבן 65</ItemName>
      <ManufacturerName>יוניליוור</ManufacturerName>
      <ManufactureCountry>ישראל</ManufactureCountry>
      <ManufacturerItemDescription>קליק פופקורן לבן 65 גרם</ManufacturerItemDescription>
      <UnitQty>גרמים</UnitQty>
      <Quantity>65.00</Quantity>
      <UnitOfMeasure>100 גרם</UnitOfMeasure>
      <bIsWeighted>0</bIsWeighted>
      <QtyInPackage>1</QtyInPackage>
      <ItemPrice>7.30</ItemPrice>
      <UnitOfMeasurePrice>11.2308</UnitOfMeasurePrice>
      <AllowDiscount>1</AllowDiscount>
      <ItemStatus>1</ItemStatus>
      <ItemId>109538</ItemId>
    </Item>
    <Item>
      <PriceUpdateDate>2016-05-30 12:15:41</PriceUpdateDate>
      <ItemCode>7290015652537</ItemCode>
      <ItemType>1</ItemType>
      <ItemName>פלפל לימון פרסי ושום</ItemName>
      <ManufacturerName>נווה התבלין</ManufacturerName>
      <ManufactureCountry>ישראל</ManufactureCountry>
      <ManufacturerItemDescription>פלפל לימון פרסי ושום 130 גרם</ManufacturerItemDescription>
      <UnitQty>גרמים</UnitQty>
      <Quantity>130.00</Quantity>
      <UnitOfMeasure>100 גרם</UnitOfMeasure>
      <bIsWeighted>0</bIsWeighted>
      <QtyInPackage>1</QtyInPackage>
      <ItemPrice>15.90</ItemPrice>
      <UnitOfMeasurePrice>12.2308</UnitOfMeasurePrice>
      <AllowDiscount>1</AllowDiscount>
      <ItemStatus>1</ItemStatus>
      <ItemId>109670</ItemId>
    </Item>
    <Item>
      <PriceUpdateDate>2016-05-30 12:15:41</PriceUpdateDate>
      <ItemCode>7290015652599</ItemCode>
      <ItemType>1</ItemType>
      <ItemName>צלי בקר 120 גרם</ItemName>
      <ManufacturerName>נווה התבלין</ManufacturerName>
      <ManufactureCountry>ישראל</ManufactureCountry>
      <ManufacturerItemDescription>צלי בקר 120 גרם</ManufacturerItemDescription>
      <UnitQty>גרמים</UnitQty>
      <Quantity>120.00</Quantity>
      <UnitOfMeasure>100 גרם</UnitOfMeasure>
      <bIsWeighted>0</bIsWeighted>
      <QtyInPackage>1</QtyInPackage>
      <ItemPrice>15.90</ItemPrice>
      <UnitOfMeasurePrice>13.2500</UnitOfMeasurePrice>
      <AllowDiscount>1</AllowDiscount>
      <ItemStatus>1</ItemStatus>
      <ItemId>109671</ItemId>
    </Item>
    <Item>
      <PriceUpdateDate>2016-05-30 12:15:41</PriceUpdateDate>
      <ItemCode>7290015652568</ItemCode>
      <ItemType>1</ItemType>
      <ItemName>עשבי תיבול לדגים 70</ItemName>
      <ManufacturerName>נווה התבלין</ManufacturerName>
      <ManufactureCountry>ישראל</ManufactureCountry>
      <ManufacturerItemDescription>עשבי תיבול לדגים 70 גרם</ManufacturerItemDescription>
      <UnitQty>גרמים</UnitQty>
      <Quantity>70.00</Quantity>
      <UnitOfMeasure>100 גרם</UnitOfMeasure>
      <bIsWeighted>0</bIsWeighted>
      <QtyInPackage>1</QtyInPackage>
      <ItemPrice>15.90</ItemPrice>
      <UnitOfMeasurePrice>22.7143</UnitOfMeasurePrice>
      <AllowDiscount>1</AllowDiscount>
      <ItemStatus>1</ItemStatus>
      <ItemId>109673</ItemId>
    </Item>
    <Item>
      <PriceUpdateDate>2016-05-30 12:15:41</PriceUpdateDate>
      <ItemCode>7290107933117</ItemCode>
      <ItemType>1</ItemType>
      <ItemName>פריכיות 3 דגנים אנרג</ItemName>
      <ManufacturerName>שטראוס</ManufacturerName>
      <ManufactureCountry>לא ידוע</ManufactureCountry>
      <ManufacturerItemDescription>פריכיות גדולות 3 דגנים 135 גרם</ManufacturerItemDescription>
      <UnitQty>גרמים</UnitQty>
      <Quantity>135.00</Quantity>
      <UnitOfMeasure>100 גרם</UnitOfMeasure>
      <bIsWeighted>0</bIsWeighted>
      <QtyInPackage>1</QtyInPackage>
      <ItemPrice>14.90</ItemPrice>
      <UnitOfMeasurePrice>11.0370</UnitOfMeasurePrice>
      <AllowDiscount>1</AllowDiscount>
      <ItemStatus>1</ItemStatus>
      <ItemId>109675</ItemId>
    </Item>
    <Item>
      <PriceUpdateDate>2016-05-30 12:15:41</PriceUpdateDate>
      <ItemCode>7290107933100</ItemCode>
      <ItemType>1</ItemType>
      <ItemName>פריכיות גדולות קצח ו</ItemName>
      <ManufacturerName>שטראוס</ManufacturerName>
      <ManufactureCountry>ישראל</ManufactureCountry>
      <ManufacturerItemDescription>פריכיות גדולות קצח ודגנים 135 גרם</ManufacturerItemDescription>
      <UnitQty>גרמים</UnitQty>
      <Quantity>135.00</Quantity>
      <UnitOfMeasure>100 גרם</UnitOfMeasure>
      <bIsWeighted>0</bIsWeighted>
      <QtyInPackage>1</QtyInPackage>
      <ItemPrice>14.90</ItemPrice>
      <UnitOfMeasurePrice>11.0370</UnitOfMeasurePrice>
      <AllowDiscount>1</AllowDiscount>
      <ItemStatus>1</ItemStatus>
      <ItemId>109676</ItemId>
    </Item>
    <Item>
      <PriceUpdateDate>2016-05-30 12:15:41</PriceUpdateDate>
      <ItemCode>7290106661844</ItemCode>
      <ItemType>1</ItemType>
      <ItemName>עוגה אישית מילקי Cak</ItemName>
      <ManufacturerName>שטראוס</ManufacturerName>
      <ManufactureCountry>לא ידוע</ManufactureCountry>
      <ManufacturerItemDescription>עוגה אישית מילקי Cake במילוי קרם קוקוס</ManufacturerItemDescription>
      <UnitQty>לא מנהל יחידת מידה</UnitQty>
      <Quantity>0.00</Quantity>
      <UnitOfMeasure>לא מנהל יחידת מידה</UnitOfMeasure>
      <bIsWeighted>0</bIsWeighted>
      <QtyInPackage>1</QtyInPackage>
      <ItemPrice>3.90</ItemPrice>
      <UnitOfMeasurePrice>0.0000</UnitOfMeasurePrice>
      <AllowDiscount>1</AllowDiscount>
      <ItemStatus>1</ItemStatus>
      <ItemId>109680</ItemId>
    </Item>
    <Item>
      <PriceUpdateDate>2016-05-30 14:15:32</PriceUpdateDate>
      <ItemCode>7290107931397</ItemCode>
      <ItemType>1</ItemType>
      <ItemName>חטיף כיף כף פצפצים 4</ItemName>
      <ManufacturerName>שולן ציקולטה</ManufacturerName>
      <ManufactureCountry>לא ידוע</ManufactureCountry>
      <ManufacturerItemDescription>חטיף כיף כף פצפצים 40 גרם</ManufacturerItemDescription>
      <UnitQty>גרמים</UnitQty>
      <Quantity>40.00</Quantity>
      <UnitOfMeasure>100 גרם</UnitOfMeasure>
      <bIsWeighted>0</bIsWeighted>
      <QtyInPackage>1</QtyInPackage>
      <ItemPrice>5.40</ItemPrice>
      <UnitOfMeasurePrice>13.5000</UnitOfMeasurePrice>
      <AllowDiscount>1</AllowDiscount>
      <ItemStatus>1</ItemStatus>
      <ItemId>109717</ItemId>
    </Item>
    <Item>
      <PriceUpdateDate>2016-06-14 10:15:36</PriceUpdateDate>
      <ItemCode>7290015220880</ItemCode>
      <ItemType>1</ItemType>
      <ItemName>פחם מהגוני בשקית 2 ק</ItemName>
      <ManufacturerName>ג'לו השקעות בע"מ</ManufacturerName>
      <ManufactureCountry>דרום אפריקה</ManufactureCountry>
      <ManufacturerItemDescription>פחם מהגוני בשקית 2 קג</ManufacturerItemDescription>
      <UnitQty>קילוגרמים</UnitQty>
      <Quantity>2.00</Quantity>
      <UnitOfMeasure>ק"ג</UnitOfMeasure>
      <bIsWeighted>0</bIsWeighted>
      <QtyInPackage>1</QtyInPackage>
      <ItemPrice>15.70</ItemPrice>
      <UnitOfMeasurePrice>7.8500</UnitOfMeasurePrice>
      <AllowDiscount>1</AllowDiscount>
      <ItemStatus>1</ItemStatus>
      <ItemId>109757</ItemId>
    </Item>
    <Item>
      <PriceUpdateDate>2016-06-15 13:15:32</PriceUpdateDate>
      <ItemCode>7290107877725</ItemCode>
      <ItemType>1</ItemType>
      <ItemName>שייק ובייק פנקייק אס</ItemName>
      <ManufacturerName>אסם</ManufacturerName>
      <ManufactureCountry>ישראל</ManufactureCountry>
      <ManufacturerItemDescription>שייק ובייק פנקייק אסם</ManufacturerItemDescription>
      <UnitQty>גרמים</UnitQty>
      <Quantity>220.00</Quantity>
      <UnitOfMeasure>100 גרם</UnitOfMeasure>
      <bIsWeighted>0</bIsWeighted>
      <QtyInPackage>1</QtyInPackage>
      <ItemPrice>14.90</ItemPrice>
      <UnitOfMeasurePrice>6.7727</UnitOfMeasurePrice>
      <AllowDiscount>1</AllowDiscount>
      <ItemStatus>1</ItemStatus>
      <ItemId>109766</ItemId>
    </Item>
    <Item>
      <PriceUpdateDate>2016-07-01 07:28:26</PriceUpdateDate>
      <ItemCode>7290106669505</ItemCode>
      <ItemType>1</ItemType>
      <ItemName>עוגיות שוקולד צאנקס</ItemName>
      <ManufacturerName>שטראוס</ManufacturerName>
      <ManufactureCountry>ישראל</ManufactureCountry>
      <ManufacturerItemDescription>עוגיות שוקולד צאנק לבן 162 גרם</ManufacturerItemDescription>
      <UnitQty>גרמים</UnitQty>
      <Quantity>162.00</Quantity>
      <UnitOfMeasure>100 גרם</UnitOfMeasure>
      <bIsWeighted>0</bIsWeighted>
      <QtyInPackage>1</QtyInPackage>
      <ItemPrice>12.90</ItemPrice>
      <UnitOfMeasurePrice>7.9630</UnitOfMeasurePrice>
      <AllowDiscount>1</AllowDiscount>
      <ItemStatus>1</ItemStatus>
      <ItemId>109784</ItemId>
    </Item>
    <Item>
      <PriceUpdateDate>2016-06-27 13:15:31</PriceUpdateDate>
      <ItemCode>7290002787822</ItemCode>
      <ItemType>1</ItemType>
      <ItemName>גבינה צהובה עלמה 400</ItemName>
      <ManufacturerName>נטו</ManufacturerName>
      <ManufactureCountry>פולין</ManufactureCountry>
      <ManufacturerItemDescription>גבינה צהובה עלמה 400 גרם</ManufacturerItemDescription>
      <UnitQty>גרמים</UnitQty>
      <Quantity>400.00</Quantity>
      <UnitOfMeasure>100 גרם</UnitOfMeasure>
      <bIsWeighted>0</bIsWeighted>
      <QtyInPackage>1</QtyInPackage>
      <ItemPrice>16.00</ItemPrice>
      <UnitOfMeasurePrice>4.0000</UnitOfMeasurePrice>
      <AllowDiscount>1</AllowDiscount>
      <ItemStatus>1</ItemStatus>
      <ItemId>109796</ItemId>
    </Item>
    <Item>
      <PriceUpdateDate>2016-08-05 06:31:52</PriceUpdateDate>
      <ItemCode>7290106729728</ItemCode>
      <ItemType>1</ItemType>
      <ItemName>חומוס עשיר ללא חומר</ItemName>
      <ManufacturerName>שטראוס</ManufacturerName>
      <ManufactureCountry>ישראל</ManufactureCountry>
      <ManufacturerItemDescription>חומוס עשיר ללא חומר משמר 400 גרם</ManufacturerItemDescription>
      <UnitQty>גרמים</UnitQty>
      <Quantity>400.00</Quantity>
      <UnitOfMeasure>100 גרם</UnitOfMeasure>
      <bIsWeighted>0</bIsWeighted>
      <QtyInPackage>1</QtyInPackage>
      <ItemPrice>14.60</ItemPrice>
      <UnitOfMeasurePrice>3.6500</UnitOfMeasurePrice>
      <AllowDiscount>1</AllowDiscount>
      <ItemStatus>1</ItemStatus>
      <ItemId>109832</ItemId>
    </Item>
    <Item>
      <PriceUpdateDate>2016-08-05 06:31:54</PriceUpdateDate>
      <ItemCode>7290107878432</ItemCode>
      <ItemType>1</ItemType>
      <ItemName>פיטנס גלידת יוגורט ע</ItemName>
      <ManufacturerName>נסטלה</ManufacturerName>
      <ManufactureCountry>ישראל</ManufactureCountry>
      <ManufacturerItemDescription>פיטנס גלידת יוגורט עם אוכמניות</ManufacturerItemDescription>
      <UnitQty>מיליליטרים</UnitQty>
      <Quantity>700.00</Quantity>
      <UnitOfMeasure>100 מ"ל</UnitOfMeasure>
      <bIsWeighted>0</bIsWeighted>
      <QtyInPackage>1</QtyInPackage>
      <ItemPrice>23.90</ItemPrice>
      <UnitOfMeasurePrice>3.4143</UnitOfMeasurePrice>
      <AllowDiscount>1</AllowDiscount>
      <ItemStatus>1</ItemStatus>
      <ItemId>109835</ItemId>
    </Item>
    <Item>
      <PriceUpdateDate>2016-08-05 06:31:53</PriceUpdateDate>
      <ItemCode>5411188119074</ItemCode>
      <ItemType>1</ItemType>
      <ItemName>משקה קוקוס בטעם שוקו</ItemName>
      <ManufacturerName>אלפרו</ManufacturerName>
      <ManufactureCountry>בלגיה</ManufactureCountry>
      <ManufacturerItemDescription>משקה קוקוס בטעם שוקולד 1 ליטר</ManufacturerItemDescription>
      <UnitQty>ליטרים</UnitQty>
      <Quantity>1.00</Quantity>
      <UnitOfMeasure>ליטר</UnitOfMeasure>
      <bIsWeighted>0</bIsWeighted>
      <QtyInPackage>1</QtyInPackage>
      <ItemPrice>17.60</ItemPrice>
      <UnitOfMeasurePrice>17.6000</UnitOfMeasurePrice>
      <AllowDiscount>1</AllowDiscount>
      <ItemStatus>1</ItemStatus>
      <ItemId>109839</ItemId>
    </Item>
    <Item>
      <PriceUpdateDate>2016-08-05 06:31:53</PriceUpdateDate>
      <ItemCode>5411188114666</ItemCode>
      <ItemType>1</ItemType>
      <ItemName>משקה שקדים בטעם שוקו</ItemName>
      <ManufacturerName>אלפרו</ManufacturerName>
      <ManufactureCountry>בלגיה</ManufactureCountry>
      <ManufacturerItemDescription>משקה שקדים בטעם שוקולד 1 ליטר</ManufacturerItemDescription>
      <UnitQty>ליטרים</UnitQty>
      <Quantity>1.00</Quantity>
      <UnitOfMeasure>ליטר</UnitOfMeasure>
      <bIsWeighted>0</bIsWeighted>
      <QtyInPackage>1</QtyInPackage>
      <ItemPrice>17.60</ItemPrice>
      <UnitOfMeasurePrice>17.6000</UnitOfMeasurePrice>
      <AllowDiscount>1</AllowDiscount>
      <ItemStatus>1</ItemStatus>
      <ItemId>109840</ItemId>
    </Item>
    <Item>
      <PriceUpdateDate>2016-07-17 14:15:33</PriceUpdateDate>
      <ItemCode>7290104963001</ItemCode>
      <ItemType>0</ItemType>
      <ItemName>סופטקר מגבונים עדין</ItemName>
      <ManufacturerName>טרופיקל דגיל</ManufacturerName>
      <ManufactureCountry>ישראל</ManufactureCountry>
      <ManufacturerItemDescription>סופטקר מגבונים עדין                  4*</ManufacturerItemDescription>
      <UnitQty>Unknown </UnitQty>
      <Quantity>0.00</Quantity>
      <UnitOfMeasure>Unknown </UnitOfMeasure>
      <bIsWeighted>0</bIsWeighted>
      <QtyInPackage>4</QtyInPackage>
      <ItemPrice>19.90</ItemPrice>
      <UnitOfMeasurePrice>0.0000</UnitOfMeasurePrice>
      <AllowDiscount>1</AllowDiscount>
      <ItemStatus>1</ItemStatus>
      <ItemId>109868</ItemId>
    </Item>
    <Item>
      <PriceUpdateDate>2016-07-19 12:15:33</PriceUpdateDate>
      <ItemCode>7290104963018</ItemCode>
      <ItemType>0</ItemType>
      <ItemName>סופטקר מגבונים ללא ב</ItemName>
      <ManufacturerName>טרופיקל דגיל</ManufacturerName>
      <ManufactureCountry>ישראל</ManufactureCountry>
      <ManufacturerItemDescription>סופטקר מגבונים ללא בישום             4*</ManufacturerItemDescription>
      <UnitQty>Unknown </UnitQty>
      <Quantity>0.00</Quantity>
      <UnitOfMeasure>Unknown </UnitOfMeasure>
      <bIsWeighted>0</bIsWeighted>
      <QtyInPackage>4</QtyInPackage>
      <ItemPrice>19.90</ItemPrice>
      <UnitOfMeasurePrice>0.0000</UnitOfMeasurePrice>
      <AllowDiscount>1</AllowDiscount>
      <ItemStatus>1</ItemStatus>
      <ItemId>109869</ItemId>
    </Item>
    <Item>
      <PriceUpdateDate>2016-08-06 06:15:14</PriceUpdateDate>
      <ItemCode>7290016003048</ItemCode>
      <ItemType>1</ItemType>
      <ItemName>משקה ענבים שוט 200 מ</ItemName>
      <ManufacturerName>קל משקאות</ManufacturerName>
      <ManufactureCountry>ישראל</ManufactureCountry>
      <ManufacturerItemDescription>משקה ענבים שוט 200 מ"ל</ManufacturerItemDescription>
      <UnitQty>מיליליטרים</UnitQty>
      <Quantity>200.00</Quantity>
      <UnitOfMeasure>100 מ"ל</UnitOfMeasure>
      <bIsWeighted>0</bIsWeighted>
      <QtyInPackage>1</QtyInPackage>
      <ItemPrice>1.30</ItemPrice>
      <UnitOfMeasurePrice>0.6500</UnitOfMeasurePrice>
      <AllowDiscount>1</AllowDiscount>
      <ItemStatus>1</ItemStatus>
      <ItemId>109919</ItemId>
    </Item>
    <Item>
      <PriceUpdateDate>2016-08-23 11:15:24</PriceUpdateDate>
      <ItemCode>7290000136004</ItemCode>
      <ItemType>1</ItemType>
      <ItemName>משקל גאמפ לימונדה 1.</ItemName>
      <ManufacturerName>טמפו</ManufacturerName>
      <ManufactureCountry>לא ידוע</ManufactureCountry>
      <ManufacturerItemDescription>משקל גאמפ לימונדה 1.5 ליטר</ManufacturerItemDescription>
      <UnitQty>ליטרים</UnitQty>
      <Quantity>1.50</Quantity>
      <UnitOfMeasure>ליטר</UnitOfMeasure>
      <bIsWeighted>0</bIsWeighted>
      <QtyInPackage>1</QtyInPackage>
      <ItemPrice>5.90</ItemPrice>
      <UnitOfMeasurePrice>3.9333</UnitOfMeasurePrice>
      <AllowDiscount>1</AllowDiscount>
      <ItemStatus>1</ItemStatus>
      <ItemId>110013</ItemId>
    </Item>
  </Items>
</Root>