<Root>
  <XmlDocVersion>19</XmlDocVersion>
  <ChainId>7290492000005</ChainId>
  <SubChainId>1</SubChainId>
  <StoreId>706</StoreId>
  <BikoretNo>8</BikoretNo>
  <DllVerNo>9.4.0.21</DllVerNo>
  <Items Count="2016">
    <Item>
      <PriceUpdateDate>2016-07-20 06:58:10</PriceUpdateDate>
      <ItemCode>7290001045220</ItemCode>
      <ItemType>1</ItemType>
      <ItemName>מיץ תפוזים סחוט</ItemName>
      <ManufacturerName>שטראוס גרופ</ManufacturerName>
      <ManufactureCountry>ישראל</ManufactureCountry>
      <ManufacturerItemDescription>מיץ תפוזים סחוט2 ל                     .</ManufacturerItemDescription>
      <UnitQty>ליטרים</UnitQty>
      <Quantity>2.00</Quantity>
      <UnitOfMeasure>ליטר</UnitOfMeasure>
      <bIsWeighted>0</bIsWeighted>
      <QtyInPackage>1</QtyInPackage>
      <ItemPrice>25.90</ItemPrice>
      <UnitOfMeasurePrice>12.9500</UnitOfMeasurePrice>
      <AllowDiscount>1</AllowDiscount>
      <ItemStatus>1</ItemStatus>
      <ItemId>23</ItemId>
    </Item>
    <Item>
      <PriceUpdateDate>2016-07-20 06:58:10</PriceUpdateDate>
      <ItemCode>7290001045237</ItemCode>
      <ItemType>1</ItemType>
      <ItemName>מיץ לימון עם נענע</ItemName>
      <ManufacturerName>שטראוס גרופ</ManufacturerName>
      <ManufactureCountry>ישראל</ManufactureCountry>
      <ManufacturerItemDescription>מיץ לימון עם נענע 2 ל</ManufacturerItemDescription>
      <UnitQty>ליטרים</UnitQty>
      <Quantity>2.00</Quantity>
      <UnitOfMeasure>ליטר</UnitOfMeasure>
      <bIsWeighted>0</bIsWeighted>
      <QtyInPackage>1</QtyInPackage>
      <ItemPrice>25.90</ItemPrice>
      <UnitOfMeasurePrice>12.9500</UnitOfMeasurePrice>
      <AllowDiscount>1</AllowDiscount>
      <ItemStatus>1</ItemStatus>
      <ItemId>24</ItemId>
    </Item>
    <Item>
      <PriceUpdateDate>2015-10-04 10:16:40</PriceUpdateDate>
      <ItemCode>7290000104683</ItemCode>
      <ItemType>1</ItemType>
      <ItemName>שעועית ירוקה שלמה</ItemName>
      <ManufacturerName>סנפרוסט</ManufacturerName>
      <ManufactureCountry>ישראל</ManufactureCountry>
      <ManufacturerItemDescription>שעועית ירוקה שלמה 800 גר               .</ManufacturerItemDescription>
      <UnitQty>גרמים</UnitQty>
      <Quantity>800.00</Quantity>
      <UnitOfMeasure>100 גרם</UnitOfMeasure>
      <bIsWeighted>0</bIsWeighted>
      <QtyInPackage>1</QtyInPackage>
      <ItemPrice>23.50</ItemPrice>
      <UnitOfMeasurePrice>2.9375</UnitOfMeasurePrice>
      <AllowDiscount>1</AllowDiscount>
      <ItemStatus>1</ItemStatus>
      <ItemId>37</ItemId>
    </Item>
    <Item>
      <PriceUpdateDate>2015-10-04 10:16:40</PriceUpdateDate>
      <ItemCode>7290000104706</ItemCode>
      <ItemType>1</ItemType>
      <ItemName>גזר גמדי</ItemName>
      <ManufacturerName>סנפרוסט</ManufacturerName>
      <ManufactureCountry>ישראל</ManufactureCountry>
      <ManufacturerItemDescription>גזר גמדי 800 גר                        .</ManufacturerItemDescription>
      <UnitQty>גרמים</UnitQty>
      <Quantity>800.00</Quantity>
      <UnitOfMeasure>100 גרם</UnitOfMeasure>
      <bIsWeighted>0</bIsWeighted>
      <QtyInPackage>1</QtyInPackage>
      <ItemPrice>19.50</ItemPrice>
      <UnitOfMeasurePrice>2.4375</UnitOfMeasurePrice>
      <AllowDiscount>1</AllowDiscount>
      <ItemStatus>1</ItemStatus>
      <ItemId>39</ItemId>
    </Item>
    <Item>
      <PriceUpdateDate>2015-10-04 10:16:40</PriceUpdateDate>
      <ItemCode>7290000104713</ItemCode>
      <ItemType>1</ItemType>
      <ItemName>פול ירוק</ItemName>
      <ManufacturerName>סנפרוסט</ManufacturerName>
      <ManufactureCountry>ישראל</ManufactureCountry>
      <ManufacturerItemDescription>פול ירוק 800 גר                        .</ManufacturerItemDescription>
      <UnitQty>גרמים</UnitQty>
      <Quantity>800.00</Quantity>
      <UnitOfMeasure>100 גרם</UnitOfMeasure>
      <bIsWeighted>0</bIsWeighted>
      <QtyInPackage>1</QtyInPackage>
      <ItemPrice>26.40</ItemPrice>
      <UnitOfMeasurePrice>3.3000</UnitOfMeasurePrice>
      <AllowDiscount>1</AllowDiscount>
      <ItemStatus>1</ItemStatus>
      <ItemId>40</ItemId>
    </Item>
    <Item>
      <PriceUpdateDate>2015-10-04 10:16:40</PriceUpdateDate>
      <ItemCode>7290000104737</ItemCode>
      <ItemType>1</ItemType>
      <ItemName>שעועית צהובה</ItemName>
      <ManufacturerName>סנפרוסט</ManufacturerName>
      <ManufactureCountry>ישראל</ManufactureCountry>
      <ManufacturerItemDescription>שעועית צהובה 800- גר                   .</ManufacturerItemDescription>
      <UnitQty>גרמים</UnitQty>
      <Quantity>800.00</Quantity>
      <UnitOfMeasure>100 גרם</UnitOfMeasure>
      <bIsWeighted>0</bIsWeighted>
      <QtyInPackage>1</QtyInPackage>
      <ItemPrice>20.70</ItemPrice>
      <UnitOfMeasurePrice>2.5875</UnitOfMeasurePrice>
      <AllowDiscount>1</AllowDiscount>
      <ItemStatus>1</ItemStatus>
      <ItemId>42</ItemId>
    </Item>
    <Item>
      <PriceUpdateDate>2015-10-04 10:16:40</PriceUpdateDate>
      <ItemCode>7290000104768</ItemCode>
      <ItemType>1</ItemType>
      <ItemName>תרד עלים</ItemName>
      <ManufacturerName>סנפרוסט</ManufacturerName>
      <ManufactureCountry>לא ידוע</ManufactureCountry>
      <ManufacturerItemDescription>תרד עלים 800-גר                        .</ManufacturerItemDescription>
      <UnitQty>גרמים</UnitQty>
      <Quantity>800.00</Quantity>
      <UnitOfMeasure>100 גרם</UnitOfMeasure>
      <bIsWeighted>0</bIsWeighted>
      <QtyInPackage>1</QtyInPackage>
      <ItemPrice>27.40</ItemPrice>
      <UnitOfMeasurePrice>3.4250</UnitOfMeasurePrice>
      <AllowDiscount>1</AllowDiscount>
      <ItemStatus>1</ItemStatus>
      <ItemId>45</ItemId>
    </Item>
    <Item>
      <PriceUpdateDate>2016-05-05 09:24:10</PriceUpdateDate>
      <ItemCode>7290014555174</ItemCode>
      <ItemType>1</ItemType>
      <ItemName>קצף כיבוי אש</ItemName>
      <ManufacturerName>סאסטק</ManufacturerName>
      <ManufactureCountry>ישראל</ManufactureCountry>
      <ManufacturerItemDescription>קצף כיבוי אש</ManufacturerItemDescription>
      <UnitQty>מיליליטרים</UnitQty>
      <Quantity>600.00</Quantity>
      <UnitOfMeasure>100 מ"ל</UnitOfMeasure>
      <bIsWeighted>0</bIsWeighted>
      <QtyInPackage>1</QtyInPackage>
      <ItemPrice>49.90</ItemPrice>
      <UnitOfMeasurePrice>8.3167</UnitOfMeasurePrice>
      <AllowDiscount>1</AllowDiscount>
      <ItemStatus>1</ItemStatus>
      <ItemId>92223</ItemId>
    </Item>
    <Item>
      <PriceUpdateDate>2015-10-04 10:16:40</PriceUpdateDate>
      <ItemCode>7290000104881</ItemCode>
      <ItemType>1</ItemType>
      <ItemName>אפונה וגזר800 גר   .</ItemName>
      <ManufacturerName>סנפרוסט</ManufacturerName>
      <ManufactureCountry>ישראל</ManufactureCountry>
      <ManufacturerItemDescription>אפונה וגזר800 גר                       .</ManufacturerItemDescription>
      <UnitQty>גרמים</UnitQty>
      <Quantity>800.00</Quantity>
      <UnitOfMeasure>100 גרם</UnitOfMeasure>
      <bIsWeighted>0</bIsWeighted>
      <QtyInPackage>1</QtyInPackage>
      <ItemPrice>19.70</ItemPrice>
      <UnitOfMeasurePrice>2.4625</UnitOfMeasurePrice>
      <AllowDiscount>1</AllowDiscount>
      <ItemStatus>1</ItemStatus>
      <ItemId>52</ItemId>
    </Item>
    <Item>
      <PriceUpdateDate>2015-10-04 10:16:40</PriceUpdateDate>
      <ItemCode>7290000104911</ItemCode>
      <ItemType>1</ItemType>
      <ItemName>לקט נורמנדי800 גר  .</ItemName>
      <ManufacturerName>סנפרוסט</ManufacturerName>
      <ManufactureCountry>לא ידוע</ManufactureCountry>
      <ManufacturerItemDescription>לקט נורמנדי800 גר                      .</ManufacturerItemDescription>
      <UnitQty>גרמים</UnitQty>
      <Quantity>800.00</Quantity>
      <UnitOfMeasure>100 גרם</UnitOfMeasure>
      <bIsWeighted>0</bIsWeighted>
      <QtyInPackage>1</QtyInPackage>
      <ItemPrice>25.40</ItemPrice>
      <UnitOfMeasurePrice>3.1750</UnitOfMeasurePrice>
      <AllowDiscount>1</AllowDiscount>
      <ItemStatus>1</ItemStatus>
      <ItemId>55</ItemId>
    </Item>
    <Item>
      <PriceUpdateDate>2015-10-04 10:16:40</PriceUpdateDate>
      <ItemCode>7290000107189</ItemCode>
      <ItemType>1</ItemType>
      <ItemName>תחתיות ארטישוק     .</ItemName>
      <ManufacturerName>סנפרוסט</ManufacturerName>
      <ManufactureCountry>ישראל</ManufactureCountry>
      <ManufacturerItemDescription>תחתיות ארטישוק 400 גר                  .</ManufacturerItemDescription>
      <UnitQty>גרמים</UnitQty>
      <Quantity>400.00</Quantity>
      <UnitOfMeasure>100 גרם</UnitOfMeasure>
      <bIsWeighted>0</bIsWeighted>
      <QtyInPackage>1</QtyInPackage>
      <ItemPrice>24.50</ItemPrice>
      <UnitOfMeasurePrice>6.1250</UnitOfMeasurePrice>
      <AllowDiscount>1</AllowDiscount>
      <ItemStatus>1</ItemStatus>
      <ItemId>60</ItemId>
    </Item>
    <Item>
      <PriceUpdateDate>2015-10-04 10:16:40</PriceUpdateDate>
      <ItemCode>7290000107295</ItemCode>
      <ItemType>1</ItemType>
      <ItemName>תפרחות ברוקולי</ItemName>
      <ManufacturerName>סנפרוסט</ManufacturerName>
      <ManufactureCountry>לא ידוע</ManufactureCountry>
      <ManufacturerItemDescription>תפרחות ברוקולי 800 גר                  .</ManufacturerItemDescription>
      <UnitQty>גרמים</UnitQty>
      <Quantity>800.00</Quantity>
      <UnitOfMeasure>100 גרם</UnitOfMeasure>
      <bIsWeighted>0</bIsWeighted>
      <QtyInPackage>1</QtyInPackage>
      <ItemPrice>27.40</ItemPrice>
      <UnitOfMeasurePrice>3.4250</UnitOfMeasurePrice>
      <AllowDiscount>1</AllowDiscount>
      <ItemStatus>1</ItemStatus>
      <ItemId>63</ItemId>
    </Item>
    <Item>
      <PriceUpdateDate>2016-08-08 18:15:41</PriceUpdateDate>
      <ItemCode>7290107940528</ItemCode>
      <ItemType>1</ItemType>
      <ItemName>מארז גמדים ארטיק</ItemName>
      <ManufacturerName>שטראוס</ManufacturerName>
      <ManufactureCountry>ישראל</ManufactureCountry>
      <ManufacturerItemDescription>מארז גמדים ארטיק</ManufacturerItemDescription>
      <UnitQty>לא מנהל יחידת מידה</UnitQty>
      <Quantity>0.00</Quantity>
      <UnitOfMeasure>לא מנהל יחידת מידה</UnitOfMeasure>
      <bIsWeighted>0</bIsWeighted>
      <QtyInPackage>4</QtyInPackage>
      <ItemPrice>11.80</ItemPrice>
      <UnitOfMeasurePrice>0.0000</UnitOfMeasurePrice>
      <AllowDiscount>1</AllowDiscount>
      <ItemStatus>1</ItemStatus>
      <ItemId>109775</ItemId>
    </Item>
    <Item>
      <PriceUpdateDate>2016-08-09 16:15:43</PriceUpdateDate>
      <ItemCode>7290107934039</ItemCode>
      <ItemType>1</ItemType>
      <ItemName>תפו סטיק ביג קטשופ 6</ItemName>
      <ManufacturerName>שטראוס</ManufacturerName>
      <ManufactureCountry>ישראל</ManufactureCountry>
      <ManufacturerItemDescription>תפו סטיק ביג קטשופ 60 גרם 48 יחידות</ManufacturerItemDescription>
      <UnitQty>גרמים</UnitQty>
      <Quantity>60.00</Quantity>
      <UnitOfMeasure>100 גרם</UnitOfMeasure>
      <bIsWeighted>0</bIsWeighted>
      <QtyInPackage>1</QtyInPackage>
      <ItemPrice>4.40</ItemPrice>
      <UnitOfMeasurePrice>7.3333</UnitOfMeasurePrice>
      <AllowDiscount>1</AllowDiscount>
      <ItemStatus>1</ItemStatus>
      <ItemId>109776</ItemId>
    </Item>
    <Item>
      <PriceUpdateDate>2016-08-09 16:15:43</PriceUpdateDate>
      <ItemCode>7290107934053</ItemCode>
      <ItemType>1</ItemType>
      <ItemName>תפו סטיק ביג ברביקיו</ItemName>
      <ManufacturerName>שטראוס</ManufacturerName>
      <ManufactureCountry>ישראל</ManufactureCountry>
      <ManufacturerItemDescription>תפו סטיק ביג ברביקיו 60 גרם 48 יחידות</ManufacturerItemDescription>
      <UnitQty>גרמים</UnitQty>
      <Quantity>60.00</Quantity>
      <UnitOfMeasure>100 גרם</UnitOfMeasure>
      <bIsWeighted>0</bIsWeighted>
      <QtyInPackage>1</QtyInPackage>
      <ItemPrice>4.40</ItemPrice>
      <UnitOfMeasurePrice>7.3333</UnitOfMeasurePrice>
      <AllowDiscount>1</AllowDiscount>
      <ItemStatus>1</ItemStatus>
      <ItemId>109777</ItemId>
    </Item>
    <Item>
      <PriceUpdateDate>2016-01-20 15:51:55</PriceUpdateDate>
      <ItemCode>7290002075028</ItemCode>
      <ItemType>1</ItemType>
      <ItemName>אובלטים אישי 150 גרם</ItemName>
      <ManufacturerName>שוקו טרייד</ManufacturerName>
      <ManufactureCountry>ישראל</ManufactureCountry>
      <ManufacturerItemDescription>אובלטים אישי 150 גרם</ManufacturerItemDescription>
      <UnitQty>גרמים</UnitQty>
      <Quantity>150.00</Quantity>
      <UnitOfMeasure>100 גרם</UnitOfMeasure>
      <bIsWeighted>0</bIsWeighted>
      <QtyInPackage>1</QtyInPackage>
      <ItemPrice>6.50</ItemPrice>
      <UnitOfMeasurePrice>4.3333</UnitOfMeasurePrice>
      <AllowDiscount>1</AllowDiscount>
      <ItemStatus>1</ItemStatus>
      <ItemId>83663</ItemId>
    </Item>
    <Item>
      <PriceUpdateDate>2015-01-01 00:00:00</PriceUpdateDate>
      <ItemCode>11210000094</ItemCode>
      <ItemType>1</ItemType>
      <ItemName>רוטב טבסקו 60 מ"ל</ItemName>
      <ManufacturerName>ניצן מותגי מזון בע"מ</ManufacturerName>
      <ManufactureCountry>ארצות הברית</ManufactureCountry>
      <ManufacturerItemDescription>רוטב טבסקו 60 מל              X12      .</ManufacturerItemDescription>
      <UnitQty>מיליליטרים</UnitQty>
      <Quantity>60.00</Quantity>
      <UnitOfMeasure>100 מ"ל</UnitOfMeasure>
      <bIsWeighted>0</bIsWeighted>
      <QtyInPackage>12</QtyInPackage>
      <ItemPrice>13.30</ItemPrice>
      <UnitOfMeasurePrice>22.1667</UnitOfMeasurePrice>
      <AllowDiscount>1</AllowDiscount>
      <ItemStatus>1</ItemStatus>
      <ItemId>117</ItemId>
    </Item>
    <Item>
      <PriceUpdateDate>2015-12-25 09:15:42</PriceUpdateDate>
      <ItemCode>7290000112220</ItemCode>
      <ItemType>1</ItemType>
      <ItemName>טחינה קלאסית</ItemName>
      <ManufacturerName>רושדי תעשיות מזון בע</ManufacturerName>
      <ManufactureCountry>ישראל</ManufactureCountry>
      <ManufacturerItemDescription>טחינה קלאסית 500 גרם</ManufacturerItemDescription>
      <UnitQty>גרמים</UnitQty>
      <Quantity>500.00</Quantity>
      <UnitOfMeasure>100 גרם</UnitOfMeasure>
      <bIsWeighted>0</bIsWeighted>
      <QtyInPackage>1</QtyInPackage>
      <ItemPrice>18.90</ItemPrice>
      <UnitOfMeasurePrice>3.7800</UnitOfMeasurePrice>
      <AllowDiscount>1</AllowDiscount>
      <ItemStatus>1</ItemStatus>
      <ItemId>127</ItemId>
    </Item>
    <Item>
      <PriceUpdateDate>2015-10-04 10:16:54</PriceUpdateDate>
      <ItemCode>7290000112503</ItemCode>
      <ItemType>1</ItemType>
      <ItemName>עשיר ירקות        K</ItemName>
      <ManufacturerName>אתר חיפה אבקות - Foo</ManufacturerName>
      <ManufactureCountry>ישראל</ManufactureCountry>
      <ManufacturerItemDescription>מרקנור עשיר ירקות</ManufacturerItemDescription>
      <UnitQty>גרמים</UnitQty>
      <Quantity>61.00</Quantity>
      <UnitOfMeasure>100 גרם</UnitOfMeasure>
      <bIsWeighted>0</bIsWeighted>
      <QtyInPackage>1</QtyInPackage>
      <ItemPrice>10.60</ItemPrice>
      <UnitOfMeasurePrice>17.3770</UnitOfMeasurePrice>
      <AllowDiscount>1</AllowDiscount>
      <ItemStatus>1</ItemStatus>
      <ItemId>146</ItemId>
    </Item>
    <Item>
      <PriceUpdateDate>2015-10-04 10:16:54</PriceUpdateDate>
      <ItemCode>7290000112619</ItemCode>
      <ItemType>1</ItemType>
      <ItemName>מרק עוף אמיתי</ItemName>
      <ManufacturerName>אתר חיפה אבקות - Foo</ManufacturerName>
      <ManufactureCountry>לא ידוע</ManufactureCountry>
      <ManufacturerItemDescription>מרק עוף אמיתי 400 גרם קופסא</ManufacturerItemDescription>
      <UnitQty>גרמים</UnitQty>
      <Quantity>400.00</Quantity>
      <UnitOfMeasure>100 גרם</UnitOfMeasure>
      <bIsWeighted>0</bIsWeighted>
      <QtyInPackage>1</QtyInPackage>
      <ItemPrice>22.70</ItemPrice>
      <UnitOfMeasurePrice>5.6750</UnitOfMeasurePrice>
      <AllowDiscount>1</AllowDiscount>
      <ItemStatus>1</ItemStatus>
      <ItemId>160</ItemId>
    </Item>
    <Item>
      <PriceUpdateDate>2015-10-04 10:16:54</PriceUpdateDate>
      <ItemCode>7290000112770</ItemCode>
      <ItemType>1</ItemType>
      <ItemName>עשיר אפונה        K</ItemName>
      <ManufacturerName>אתר חיפה אבקות - Foo</ManufacturerName>
      <ManufactureCountry>ישראל</ManufactureCountry>
      <ManufacturerItemDescription>מרקנור עשיר אפונה</ManufacturerItemDescription>
      <UnitQty>גרמים</UnitQty>
      <Quantity>117.00</Quantity>
      <UnitOfMeasure>100 גרם</UnitOfMeasure>
      <bIsWeighted>0</bIsWeighted>
      <QtyInPackage>1</QtyInPackage>
      <ItemPrice>10.60</ItemPrice>
      <UnitOfMeasurePrice>9.0598</UnitOfMeasurePrice>
      <AllowDiscount>1</AllowDiscount>
      <ItemStatus>1</ItemStatus>
      <ItemId>163</ItemId>
    </Item>
    <Item>
      <PriceUpdateDate>2015-10-04 10:20:50</PriceUpdateDate>
      <ItemCode>7290001128046</ItemCode>
      <ItemType>1</ItemType>
      <ItemName>גבינת פילדלפיה לייט</ItemName>
      <ManufacturerName>קרפט אינק</ManufacturerName>
      <ManufactureCountry>לא ידוע</ManufactureCountry>
      <ManufacturerItemDescription>פילדלפיה לייט גביע227 גר               .</ManufacturerItemDescription>
      <UnitQty>גרמים</UnitQty>
      <Quantity>227.00</Quantity>
      <UnitOfMeasure>100 גרם</UnitOfMeasure>
      <bIsWeighted>0</bIsWeighted>
      <QtyInPackage>1</QtyInPackage>
      <ItemPrice>18.90</ItemPrice>
      <UnitOfMeasurePrice>8.3260</UnitOfMeasurePrice>
      <AllowDiscount>1</AllowDiscount>
      <ItemStatus>1</ItemStatus>
      <ItemId>165</ItemId>
    </Item>
    <Item>
      <PriceUpdateDate>2016-08-10 16:15:25</PriceUpdateDate>
      <ItemCode>7290106658479</ItemCode>
      <ItemType>1</ItemType>
      <ItemName>טורטית מגדים 40 גרם</ItemName>
      <ManufacturerName>שטראוס</ManufacturerName>
      <ManufactureCountry>ישראל</ManufactureCountry>
      <ManufacturerItemDescription>טורטית מגדים 40 גרם</ManufacturerItemDescription>
      <UnitQty>גרמים</UnitQty>
      <Quantity>40.00</Quantity>
      <UnitOfMeasure>100 גרם</UnitOfMeasure>
      <bIsWeighted>0</bIsWeighted>
      <QtyInPackage>1</QtyInPackage>
      <ItemPrice>5.70</ItemPrice>
      <UnitOfMeasurePrice>14.2500</UnitOfMeasurePrice>
      <AllowDiscount>1</AllowDiscount>
      <ItemStatus>1</ItemStatus>
      <ItemId>109801</ItemId>
    </Item>
    <Item>
      <PriceUpdateDate>2016-08-10 16:15:25</PriceUpdateDate>
      <ItemCode>7290106724990</ItemCode>
      <ItemType>1</ItemType>
      <ItemName>טורטית לבנה 40 גרם</ItemName>
      <ManufacturerName>שטראוס</ManufacturerName>
      <ManufactureCountry>ישראל</ManufactureCountry>
      <ManufacturerItemDescription>טורטית לבנה 40 גרם</ManufacturerItemDescription>
      <UnitQty>גרמים</UnitQty>
      <Quantity>40.00</Quantity>
      <UnitOfMeasure>100 גרם</UnitOfMeasure>
      <bIsWeighted>0</bIsWeighted>
      <QtyInPackage>1</QtyInPackage>
      <ItemPrice>5.70</ItemPrice>
      <UnitOfMeasurePrice>14.2500</UnitOfMeasurePrice>
      <AllowDiscount>1</AllowDiscount>
      <ItemStatus>1</ItemStatus>
      <ItemId>109802</ItemId>
    </Item>
    <Item>
      <PriceUpdateDate>2016-08-10 16:15:25</PriceUpdateDate>
      <ItemCode>7290107932745</ItemCode>
      <ItemType>1</ItemType>
      <ItemName>טעמי לבן 40 גרם</ItemName>
      <ManufacturerName>שטראוס</ManufacturerName>
      <ManufactureCountry>ישראל</ManufactureCountry>
      <ManufacturerItemDescription>טעמי לבן 40 גרם</ManufacturerItemDescription>
      <UnitQty>גרמים</UnitQty>
      <Quantity>40.00</Quantity>
      <UnitOfMeasure>100 גרם</UnitOfMeasure>
      <bIsWeighted>0</bIsWeighted>
      <QtyInPackage>1</QtyInPackage>
      <ItemPrice>5.70</ItemPrice>
      <UnitOfMeasurePrice>14.2500</UnitOfMeasurePrice>
      <AllowDiscount>1</AllowDiscount>
      <ItemStatus>1</ItemStatus>
      <ItemId>109803</ItemId>
    </Item>
    <Item>
      <PriceUpdateDate>2015-01-01 00:00:00</PriceUpdateDate>
      <ItemCode>7290001136287</ItemCode>
      <ItemType>1</ItemType>
      <ItemName>שמפו נקה 7לשיער רגיל</ItemName>
      <ManufacturerName>אמיליה קוסמטיקס</ManufacturerName>
      <ManufactureCountry>ישראל</ManufactureCountry>
      <ManufacturerItemDescription>נקה 7 שמפו לשיער רגיל ירוק</ManufacturerItemDescription>
      <UnitQty>מיליליטרים</UnitQty>
      <Quantity>750.00</Quantity>
      <UnitOfMeasure>100 מ"ל</UnitOfMeasure>
      <bIsWeighted>0</bIsWeighted>
      <QtyInPackage>1</QtyInPackage>
      <ItemPrice>13.90</ItemPrice>
      <UnitOfMeasurePrice>1.8533</UnitOfMeasurePrice>
      <AllowDiscount>1</AllowDiscount>
      <ItemStatus>1</ItemStatus>
      <ItemId>208</ItemId>
    </Item>
    <Item>
      <PriceUpdateDate>2015-10-04 10:17:31</PriceUpdateDate>
      <ItemCode>7290001136973</ItemCode>
      <ItemType>1</ItemType>
      <ItemName>סבון נוזלי נקה7ארומה</ItemName>
      <ManufacturerName>אמיליה קוסמטיקס</ManufacturerName>
      <ManufactureCountry>ישראל</ManufactureCountry>
      <ManufacturerItemDescription>סבון נוזלי נקה 7 ארומה1 ל              .</ManufacturerItemDescription>
      <UnitQty>ליטרים</UnitQty>
      <Quantity>1.00</Quantity>
      <UnitOfMeasure>ליטר</UnitOfMeasure>
      <bIsWeighted>0</bIsWeighted>
      <QtyInPackage>1</QtyInPackage>
      <ItemPrice>14.80</ItemPrice>
      <UnitOfMeasurePrice>14.8000</UnitOfMeasurePrice>
      <AllowDiscount>1</AllowDiscount>
      <ItemStatus>1</ItemStatus>
      <ItemId>229</ItemId>
    </Item>
    <Item>
      <PriceUpdateDate>2016-08-12 06:15:19</PriceUpdateDate>
      <ItemCode>7290014525351</ItemCode>
      <ItemType>1</ItemType>
      <ItemName>עוגיות מרבה פיורלה ב</ItemName>
      <ManufacturerName>באלבן גידה סנאי</ManufacturerName>
      <ManufactureCountry>טורקיה</ManufactureCountry>
      <ManufacturerItemDescription>עוגיות מרבה פיורלה ביסקוויט שוקולד 102 ג</ManufacturerItemDescription>
      <UnitQty>גרמים</UnitQty>
      <Quantity>102.00</Quantity>
      <UnitOfMeasure>100 גרם</UnitOfMeasure>
      <bIsWeighted>0</bIsWeighted>
      <QtyInPackage>1</QtyInPackage>
      <ItemPrice>7.90</ItemPrice>
      <UnitOfMeasurePrice>7.7451</UnitOfMeasurePrice>
      <AllowDiscount>1</AllowDiscount>
      <ItemStatus>1</ItemStatus>
      <ItemId>109820</ItemId>
    </Item>
    <Item>
      <PriceUpdateDate>2016-08-10 16:15:25</PriceUpdateDate>
      <ItemCode>7290014525368</ItemCode>
      <ItemType>1</ItemType>
      <ItemName>עוגיות מרבה פיורלה ו</ItemName>
      <ManufacturerName>באלבן גידה סנאי</ManufacturerName>
      <ManufactureCountry>טורקיה</ManufactureCountry>
      <ManufacturerItemDescription>עוגיות מרבה פיורלה וופל קראנצ 60 גרם</ManufacturerItemDescription>
      <UnitQty>גרמים</UnitQty>
      <Quantity>60.00</Quantity>
      <UnitOfMeasure>100 גרם</UnitOfMeasure>
      <bIsWeighted>0</bIsWeighted>
      <QtyInPackage>1</QtyInPackage>
      <ItemPrice>7.90</ItemPrice>
      <UnitOfMeasurePrice>13.1667</UnitOfMeasurePrice>
      <AllowDiscount>1</AllowDiscount>
      <ItemStatus>1</ItemStatus>
      <ItemId>109821</ItemId>
    </Item>
    <Item>
      <PriceUpdateDate>2015-08-12 10:24:48</PriceUpdateDate>
      <ItemCode>7290000114897</ItemCode>
      <ItemType>1</ItemType>
      <ItemName>קורנפלקס של אלופים</ItemName>
      <ManufacturerName>אתר שפע - Food</ManufacturerName>
      <ManufactureCountry>ישראל</ManufactureCountry>
      <ManufacturerItemDescription>קורנפלקס של אלופים 750 גרם</ManufacturerItemDescription>
      <UnitQty>גרמים</UnitQty>
      <Quantity>750.00</Quantity>
      <UnitOfMeasure>100 גרם</UnitOfMeasure>
      <bIsWeighted>0</bIsWeighted>
      <QtyInPackage>1</QtyInPackage>
      <ItemPrice>17.90</ItemPrice>
      <UnitOfMeasurePrice>2.3867</UnitOfMeasurePrice>
      <AllowDiscount>1</AllowDiscount>
      <ItemStatus>1</ItemStatus>
      <ItemId>251</ItemId>
    </Item>
    <Item>
      <PriceUpdateDate>2016-08-12 06:15:19</PriceUpdateDate>
      <ItemCode>8710502194801</ItemCode>
      <ItemType>1</ItemType>
      <ItemName>עוגיות מרבה שוקולד צ</ItemName>
      <ManufacturerName>מרבה</ManufacturerName>
      <ManufactureCountry>הולנד</ManufactureCountry>
      <ManufacturerItemDescription>עוגיות מרבה שוקולד ציפס רכה פירות יער</ManufacturerItemDescription>
      <UnitQty>גרמים</UnitQty>
      <Quantity>175.00</Quantity>
      <UnitOfMeasure>100 גרם</UnitOfMeasure>
      <bIsWeighted>0</bIsWeighted>
      <QtyInPackage>1</QtyInPackage>
      <ItemPrice>11.90</ItemPrice>
      <UnitOfMeasurePrice>6.8000</UnitOfMeasurePrice>
      <AllowDiscount>1</AllowDiscount>
      <ItemStatus>1</ItemStatus>
      <ItemId>109822</ItemId>
    </Item>
    <Item>
      <PriceUpdateDate>2015-10-04 10:16:54</PriceUpdateDate>
      <ItemCode>7290000116204</ItemCode>
      <ItemType>1</ItemType>
      <ItemName>מרק דגש בשקית</ItemName>
      <ManufacturerName>אתר חיפה אבקות - Foo</ManufacturerName>
      <ManufactureCountry>ישראל</ManufactureCountry>
      <ManufacturerItemDescription>מרק דגש 1 קג שקית</ManufacturerItemDescription>
      <UnitQty>קילוגרמים</UnitQty>
      <Quantity>1.00</Quantity>
      <UnitOfMeasure>ק"ג</UnitOfMeasure>
      <bIsWeighted>0</bIsWeighted>
      <QtyInPackage>1</QtyInPackage>
      <ItemPrice>19.70</ItemPrice>
      <UnitOfMeasurePrice>19.7000</UnitOfMeasurePrice>
      <AllowDiscount>1</AllowDiscount>
      <ItemStatus>1</ItemStatus>
      <ItemId>267</ItemId>
    </Item>
    <Item>
      <PriceUpdateDate>2015-08-12 10:24:48</PriceUpdateDate>
      <ItemCode>7290000117386</ItemCode>
      <ItemType>1</ItemType>
      <ItemName>חטיף דגנים שוגי 1/8</ItemName>
      <ManufacturerName>אתר צפת חטיפים - Foo</ManufacturerName>
      <ManufactureCountry>ישראל</ManufactureCountry>
      <ManufacturerItemDescription>חטיף דגנים שוגי 208 1/8 גר</ManufacturerItemDescription>
      <UnitQty>גרמים</UnitQty>
      <Quantity>208.00</Quantity>
      <UnitOfMeasure>100 גרם</UnitOfMeasure>
      <bIsWeighted>0</bIsWeighted>
      <QtyInPackage>1</QtyInPackage>
      <ItemPrice>19.70</ItemPrice>
      <UnitOfMeasurePrice>9.4712</UnitOfMeasurePrice>
      <AllowDiscount>1</AllowDiscount>
      <ItemStatus>1</ItemStatus>
      <ItemId>272</ItemId>
    </Item>
    <Item>
      <PriceUpdateDate>2015-10-04 10:16:54</PriceUpdateDate>
      <ItemCode>7290000117393</ItemCode>
      <ItemType>1</ItemType>
      <ItemName>חטיף שוקו שוגי  1/8</ItemName>
      <ManufacturerName>אתר צפת חטיפים - Foo</ManufacturerName>
      <ManufactureCountry>ישראל</ManufactureCountry>
      <ManufacturerItemDescription>חטיף דגנים שוקו שוגי208 1/8 ג</ManufacturerItemDescription>
      <UnitQty>גרמים</UnitQty>
      <Quantity>208.00</Quantity>
      <UnitOfMeasure>100 גרם</UnitOfMeasure>
      <bIsWeighted>0</bIsWeighted>
      <QtyInPackage>1</QtyInPackage>
      <ItemPrice>19.50</ItemPrice>
      <UnitOfMeasurePrice>9.3750</UnitOfMeasurePrice>
      <AllowDiscount>1</AllowDiscount>
      <ItemStatus>1</ItemStatus>
      <ItemId>273</ItemId>
    </Item>
    <Item>
      <PriceUpdateDate>2015-08-12 10:24:48</PriceUpdateDate>
      <ItemCode>7290000117430</ItemCode>
      <ItemType>1</ItemType>
      <ItemName>חטיף דגנים קוקו 1/8</ItemName>
      <ManufacturerName>אתר צפת חטיפים - Foo</ManufacturerName>
      <ManufactureCountry>ישראל</ManufactureCountry>
      <ManufacturerItemDescription>חטיף דגנים קוקו 168  1/8 גר</ManufacturerItemDescription>
      <UnitQty>גרמים</UnitQty>
      <Quantity>168.00</Quantity>
      <UnitOfMeasure>100 גרם</UnitOfMeasure>
      <bIsWeighted>0</bIsWeighted>
      <QtyInPackage>1</QtyInPackage>
      <ItemPrice>19.70</ItemPrice>
      <UnitOfMeasurePrice>11.7262</UnitOfMeasurePrice>
      <AllowDiscount>1</AllowDiscount>
      <ItemStatus>1</ItemStatus>
      <ItemId>274</ItemId>
    </Item>
    <Item>
      <PriceUpdateDate>2015-01-01 00:00:00</PriceUpdateDate>
      <ItemCode>7290000117720</ItemCode>
      <ItemType>1</ItemType>
      <ItemName>מרק נמס בכוס פטריות</ItemName>
      <ManufacturerName>אתר חיפה אבקות - Foo</ManufacturerName>
      <ManufactureCountry>ישראל</ManufactureCountry>
      <ManufacturerItemDescription>מרק נמס בכוס פטריות            2135</ManufacturerItemDescription>
      <UnitQty>גרמים</UnitQty>
      <Quantity>43.00</Quantity>
      <UnitOfMeasure>100 גרם</UnitOfMeasure>
      <bIsWeighted>0</bIsWeighted>
      <QtyInPackage>1</QtyInPackage>
      <ItemPrice>7.40</ItemPrice>
      <UnitOfMeasurePrice>17.2093</UnitOfMeasurePrice>
      <AllowDiscount>1</AllowDiscount>
      <ItemStatus>1</ItemStatus>
      <ItemId>276</ItemId>
    </Item>
    <Item>
      <PriceUpdateDate>2015-10-04 10:16:54</PriceUpdateDate>
      <ItemCode>7290000118307</ItemCode>
      <ItemType>1</ItemType>
      <ItemName>סחלב 2 יחידות בקופסא</ItemName>
      <ManufacturerName>אתר חיפה אבקות - Foo</ManufacturerName>
      <ManufactureCountry>ישראל</ManufactureCountry>
      <ManufacturerItemDescription>סחלב 2 שקיות 56 גרם קופסא</ManufacturerItemDescription>
      <UnitQty>גרמים</UnitQty>
      <Quantity>112.00</Quantity>
      <UnitOfMeasure>100 גרם</UnitOfMeasure>
      <bIsWeighted>0</bIsWeighted>
      <QtyInPackage>1</QtyInPackage>
      <ItemPrice>13.60</ItemPrice>
      <UnitOfMeasurePrice>12.1429</UnitOfMeasurePrice>
      <AllowDiscount>1</AllowDiscount>
      <ItemStatus>1</ItemStatus>
      <ItemId>285</ItemId>
    </Item>
    <Item>
      <PriceUpdateDate>2015-10-04 10:16:54</PriceUpdateDate>
      <ItemCode>7290000118352</ItemCode>
      <ItemType>1</ItemType>
      <ItemName>לביבות לטקס כשלפ</ItemName>
      <ManufacturerName>יוניליוור</ManufacturerName>
      <ManufactureCountry>ישראל</ManufactureCountry>
      <ManufacturerItemDescription>לביבות לטקס 170 גרם כשל"פ</ManufacturerItemDescription>
      <UnitQty>גרמים</UnitQty>
      <Quantity>170.00</Quantity>
      <UnitOfMeasure>100 גרם</UnitOfMeasure>
      <bIsWeighted>0</bIsWeighted>
      <QtyInPackage>1</QtyInPackage>
      <ItemPrice>13.70</ItemPrice>
      <UnitOfMeasurePrice>8.0588</UnitOfMeasurePrice>
      <AllowDiscount>1</AllowDiscount>
      <ItemStatus>1</ItemStatus>
      <ItemId>286</ItemId>
    </Item>
    <Item>
      <PriceUpdateDate>2016-06-07 07:33:06</PriceUpdateDate>
      <ItemCode>7290000121109</ItemCode>
      <ItemType>1</ItemType>
      <ItemName>מון בלאן זתים</ItemName>
      <ManufacturerName>נטו מלינדה</ManufacturerName>
      <ManufactureCountry>לא ידוע</ManufactureCountry>
      <ManufacturerItemDescription>גבינה מותכת7%שומן עם זית            -120</ManufacturerItemDescription>
      <UnitQty>גרמים</UnitQty>
      <Quantity>120.00</Quantity>
      <UnitOfMeasure>100 גרם</UnitOfMeasure>
      <bIsWeighted>0</bIsWeighted>
      <QtyInPackage>1</QtyInPackage>
      <ItemPrice>12.80</ItemPrice>
      <UnitOfMeasurePrice>10.6667</UnitOfMeasurePrice>
      <AllowDiscount>1</AllowDiscount>
      <ItemStatus>1</ItemStatus>
      <ItemId>315</ItemId>
    </Item>
    <Item>
      <PriceUpdateDate>2015-01-01 00:00:00</PriceUpdateDate>
      <ItemCode>7290004200961</ItemCode>
      <ItemType>1</ItemType>
      <ItemName>נר זיקוק 3 בשקית</ItemName>
      <ManufacturerName>F.T.I</ManufacturerName>
      <ManufactureCountry>לא ידוע</ManufactureCountry>
      <ManufacturerItemDescription>נר זיקוק 3 בשקית</ManufacturerItemDescription>
      <UnitQty>Unknown </UnitQty>
      <Quantity>0.00</Quantity>
      <UnitOfMeasure>Unknown </UnitOfMeasure>
      <bIsWeighted>0</bIsWeighted>
      <QtyInPackage>1</QtyInPackage>
      <ItemPrice>4.90</ItemPrice>
      <UnitOfMeasurePrice>0.0000</UnitOfMeasurePrice>
      <AllowDiscount>1</AllowDiscount>
      <ItemStatus>1</ItemStatus>
      <ItemId>71413</ItemId>
    </Item>
    <Item>
      <PriceUpdateDate>2016-07-06 10:16:09</PriceUpdateDate>
      <ItemCode>7290104509247</ItemCode>
      <ItemType>1</ItemType>
      <ItemName>עוגת קראנץ שוקולד</ItemName>
      <ManufacturerName>בונזור</ManufacturerName>
      <ManufactureCountry>ישראל</ManufactureCountry>
      <ManufacturerItemDescription>עוגת קראנץ שוקולד</ManufacturerItemDescription>
      <UnitQty>Unknown </UnitQty>
      <Quantity>0.00</Quantity>
      <UnitOfMeasure>Unknown </UnitOfMeasure>
      <bIsWeighted>0</bIsWeighted>
      <QtyInPackage>1</QtyInPackage>
      <ItemPrice>21.90</ItemPrice>
      <UnitOfMeasurePrice>0.0000</UnitOfMeasurePrice>
      <AllowDiscount>1</AllowDiscount>
      <ItemStatus>1</ItemStatus>
      <ItemId>76505</ItemId>
    </Item>
    <Item>
      <PriceUpdateDate>2016-04-03 15:25:34</PriceUpdateDate>
      <ItemCode>7290001305188</ItemCode>
      <ItemType>1</ItemType>
      <ItemName>פלמוליב לכלים לימון</ItemName>
      <ManufacturerName>COLGATE (Greece)-PAL</ManufacturerName>
      <ManufactureCountry>יוון</ManufactureCountry>
      <ManufacturerItemDescription>פלמוליב כלים לימון 750 מל</ManufacturerItemDescription>
      <UnitQty>מיליליטרים</UnitQty>
      <Quantity>750.00</Quantity>
      <UnitOfMeasure>100 מ"ל</UnitOfMeasure>
      <bIsWeighted>0</bIsWeighted>
      <QtyInPackage>1</QtyInPackage>
      <ItemPrice>12.90</ItemPrice>
      <UnitOfMeasurePrice>1.7200</UnitOfMeasurePrice>
      <AllowDiscount>1</AllowDiscount>
      <ItemStatus>1</ItemStatus>
      <ItemId>441</ItemId>
    </Item>
    <Item>
      <PriceUpdateDate>2015-10-04 10:18:01</PriceUpdateDate>
      <ItemCode>7290001327029</ItemCode>
      <ItemType>1</ItemType>
      <ItemName>מאגדת מיקס שלגונים</ItemName>
      <ManufacturerName>שטראוס גלידות</ManufacturerName>
      <ManufactureCountry>ישראל</ManufactureCountry>
      <ManufacturerItemDescription>מאגדת מיקס שלגונים</ManufacturerItemDescription>
      <UnitQty>גרמים</UnitQty>
      <Quantity>452.00</Quantity>
      <UnitOfMeasure>100 גרם</UnitOfMeasure>
      <bIsWeighted>0</bIsWeighted>
      <QtyInPackage>1</QtyInPackage>
      <ItemPrice>37.30</ItemPrice>
      <UnitOfMeasurePrice>8.2522</UnitOfMeasurePrice>
      <AllowDiscount>1</AllowDiscount>
      <ItemStatus>1</ItemStatus>
      <ItemId>455</ItemId>
    </Item>
    <Item>
      <PriceUpdateDate>2016-06-14 12:02:41</PriceUpdateDate>
      <ItemCode>7290001327180</ItemCode>
      <ItemType>1</ItemType>
      <ItemName>קרמיסימו וניל ציפס</ItemName>
      <ManufacturerName>שטראוס גלידות</ManufacturerName>
      <ManufactureCountry>ישראל</ManufactureCountry>
      <ManufacturerItemDescription>קרמיסימו וניל ציפס 1.33 ל</ManufacturerItemDescription>
      <UnitQty>ליטרים</UnitQty>
      <Quantity>1.33</Quantity>
      <UnitOfMeasure>ליטר</UnitOfMeasure>
      <bIsWeighted>0</bIsWeighted>
      <QtyInPackage>1</QtyInPackage>
      <ItemPrice>23.90</ItemPrice>
      <UnitOfMeasurePrice>17.9699</UnitOfMeasurePrice>
      <AllowDiscount>1</AllowDiscount>
      <ItemStatus>1</ItemStatus>
      <ItemId>456</ItemId>
    </Item>
    <Item>
      <PriceUpdateDate>2016-06-14 12:02:41</PriceUpdateDate>
      <ItemCode>7290001327197</ItemCode>
      <ItemType>1</ItemType>
      <ItemName>קרמיסימו שוקו וניל</ItemName>
      <ManufacturerName>שטראוס גלידות</ManufacturerName>
      <ManufactureCountry>ישראל</ManufactureCountry>
      <ManufacturerItemDescription>קרמיסימו שוקו וניל                 1.33</ManufacturerItemDescription>
      <UnitQty>ליטרים</UnitQty>
      <Quantity>1.33</Quantity>
      <UnitOfMeasure>ליטר</UnitOfMeasure>
      <bIsWeighted>0</bIsWeighted>
      <QtyInPackage>1</QtyInPackage>
      <ItemPrice>23.90</ItemPrice>
      <UnitOfMeasurePrice>17.9699</UnitOfMeasurePrice>
      <AllowDiscount>1</AllowDiscount>
      <ItemStatus>1</ItemStatus>
      <ItemId>457</ItemId>
    </Item>
    <Item>
      <PriceUpdateDate>2016-06-14 12:02:41</PriceUpdateDate>
      <ItemCode>7290001327227</ItemCode>
      <ItemType>1</ItemType>
      <ItemName>קרמיסימו ריבת חלב</ItemName>
      <ManufacturerName>שטראוס גלידות</ManufacturerName>
      <ManufactureCountry>ישראל</ManufactureCountry>
      <ManufacturerItemDescription>קרמיסימו ריבת חלב</ManufacturerItemDescription>
      <UnitQty>ליטרים</UnitQty>
      <Quantity>1.33</Quantity>
      <UnitOfMeasure>ליטר</UnitOfMeasure>
      <bIsWeighted>0</bIsWeighted>
      <QtyInPackage>1</QtyInPackage>
      <ItemPrice>23.90</ItemPrice>
      <UnitOfMeasurePrice>17.9699</UnitOfMeasurePrice>
      <AllowDiscount>1</AllowDiscount>
      <ItemStatus>1</ItemStatus>
      <ItemId>458</ItemId>
    </Item>
    <Item>
      <PriceUpdateDate>2016-06-14 12:02:41</PriceUpdateDate>
      <ItemCode>7290001327357</ItemCode>
      <ItemType>1</ItemType>
      <ItemName>קרמיסימו וניל</ItemName>
      <ManufacturerName>שטראוס גלידות</ManufacturerName>
      <ManufactureCountry>ישראל</ManufactureCountry>
      <ManufacturerItemDescription>קרמיסימו וניל 1.33 ל</ManufacturerItemDescription>
      <UnitQty>ליטרים</UnitQty>
      <Quantity>1.33</Quantity>
      <UnitOfMeasure>ליטר</UnitOfMeasure>
      <bIsWeighted>0</bIsWeighted>
      <QtyInPackage>1</QtyInPackage>
      <ItemPrice>23.90</ItemPrice>
      <UnitOfMeasurePrice>17.9699</UnitOfMeasurePrice>
      <AllowDiscount>1</AllowDiscount>
      <ItemStatus>1</ItemStatus>
      <ItemId>459</ItemId>
    </Item>
    <Item>
      <PriceUpdateDate>2015-10-04 10:18:02</PriceUpdateDate>
      <ItemCode>7290001327838</ItemCode>
      <ItemType>1</ItemType>
      <ItemName>מיני מגנום שוקו וניל</ItemName>
      <ManufacturerName>שטראוס גלידות</ManufacturerName>
      <ManufactureCountry>ישראל</ManufactureCountry>
      <ManufacturerItemDescription>מאגדת מיני מגנום וניל               1/5</ManufacturerItemDescription>
      <UnitQty>גרמים</UnitQty>
      <Quantity>280.00</Quantity>
      <UnitOfMeasure>100 גרם</UnitOfMeasure>
      <bIsWeighted>0</bIsWeighted>
      <QtyInPackage>1</QtyInPackage>
      <ItemPrice>28.40</ItemPrice>
      <UnitOfMeasurePrice>10.1429</UnitOfMeasurePrice>
      <AllowDiscount>1</AllowDiscount>
      <ItemStatus>1</ItemStatus>
      <ItemId>461</ItemId>
    </Item>
    <Item>
      <PriceUpdateDate>2015-10-04 10:18:02</PriceUpdateDate>
      <ItemCode>7290001327920</ItemCode>
      <ItemType>1</ItemType>
      <ItemName>שלגון מסטיגם</ItemName>
      <ManufacturerName>שטראוס גלידות</ManufacturerName>
      <ManufactureCountry>ישראל</ManufactureCountry>
      <ManufacturerItemDescription>שלגון מסטיגם - וניל מסטיק</ManufacturerItemDescription>
      <UnitQty>גרמים</UnitQty>
      <Quantity>88.00</Quantity>
      <UnitOfMeasure>100 גרם</UnitOfMeasure>
      <bIsWeighted>0</bIsWeighted>
      <QtyInPackage>1</QtyInPackage>
      <ItemPrice>5.80</ItemPrice>
      <UnitOfMeasurePrice>6.5909</UnitOfMeasurePrice>
      <AllowDiscount>1</AllowDiscount>
      <ItemStatus>1</ItemStatus>
      <ItemId>462</ItemId>
    </Item>
    <Item>
      <PriceUpdateDate>2015-01-01 00:00:00</PriceUpdateDate>
      <ItemCode>40099132</ItemCode>
      <ItemType>1</ItemType>
      <ItemName>הובה</ItemName>
      <ManufacturerName>ריגלי</ManufacturerName>
      <ManufactureCountry>בריטניה</ManufactureCountry>
      <ManufacturerItemDescription>הובה</ManufacturerItemDescription>
      <UnitQty>Unknown </UnitQty>
      <Quantity>0.00</Quantity>
      <UnitOfMeasure>Unknown </UnitOfMeasure>
      <bIsWeighted>0</bIsWeighted>
      <QtyInPackage>1</QtyInPackage>
      <ItemPrice>3.80</ItemPrice>
      <UnitOfMeasurePrice>0.0000</UnitOfMeasurePrice>
      <AllowDiscount>1</AllowDiscount>
      <ItemStatus>1</ItemStatus>
      <ItemId>84682</ItemId>
    </Item>
    <Item>
      <PriceUpdateDate>2015-08-12 10:24:48</PriceUpdateDate>
      <ItemCode>13495113506</ItemCode>
      <ItemType>1</ItemType>
      <ItemName>קליק ביסקוויט</ItemName>
      <ManufacturerName>אתר צפת חטיפים - Foo</ManufacturerName>
      <ManufactureCountry>ישראל</ManufactureCountry>
      <ManufacturerItemDescription>קליק ביסקוויט 75 גר</ManufacturerItemDescription>
      <UnitQty>גרמים</UnitQty>
      <Quantity>75.00</Quantity>
      <UnitOfMeasure>100 גרם</UnitOfMeasure>
      <bIsWeighted>0</bIsWeighted>
      <QtyInPackage>1</QtyInPackage>
      <ItemPrice>7.30</ItemPrice>
      <UnitOfMeasurePrice>9.7333</UnitOfMeasurePrice>
      <AllowDiscount>1</AllowDiscount>
      <ItemStatus>1</ItemStatus>
      <ItemId>498</ItemId>
    </Item>
    <Item>
      <PriceUpdateDate>2015-08-12 10:24:48</PriceUpdateDate>
      <ItemCode>13495113513</ItemCode>
      <ItemType>1</ItemType>
      <ItemName>קליק חלב</ItemName>
      <ManufacturerName>אתר צפת חטיפים - Foo</ManufacturerName>
      <ManufactureCountry>ישראל</ManufactureCountry>
      <ManufacturerItemDescription>קליק חלב 75 גר</ManufacturerItemDescription>
      <UnitQty>גרמים</UnitQty>
      <Quantity>75.00</Quantity>
      <UnitOfMeasure>100 גרם</UnitOfMeasure>
      <bIsWeighted>0</bIsWeighted>
      <QtyInPackage>1</QtyInPackage>
      <ItemPrice>7.30</ItemPrice>
      <UnitOfMeasurePrice>9.7333</UnitOfMeasurePrice>
      <AllowDiscount>1</AllowDiscount>
      <ItemStatus>1</ItemStatus>
      <ItemId>499</ItemId>
    </Item>
    <Item>
      <PriceUpdateDate>2015-08-12 10:24:48</PriceUpdateDate>
      <ItemCode>13495113520</ItemCode>
      <ItemType>1</ItemType>
      <ItemName>קליק קורנפלקס</ItemName>
      <ManufacturerName>אתר צפת חטיפים - Foo</ManufacturerName>
      <ManufactureCountry>ישראל</ManufactureCountry>
      <ManufacturerItemDescription>קליק קורנפלקס 75 גר</ManufacturerItemDescription>
      <UnitQty>גרמים</UnitQty>
      <Quantity>75.00</Quantity>
      <UnitOfMeasure>100 גרם</UnitOfMeasure>
      <bIsWeighted>0</bIsWeighted>
      <QtyInPackage>1</QtyInPackage>
      <ItemPrice>7.30</ItemPrice>
      <UnitOfMeasurePrice>9.7333</UnitOfMeasurePrice>
      <AllowDiscount>1</AllowDiscount>
      <ItemStatus>1</ItemStatus>
      <ItemId>500</ItemId>
    </Item>
    <Item>
      <PriceUpdateDate>2016-06-07 07:43:04</PriceUpdateDate>
      <ItemCode>5908234807486</ItemCode>
      <ItemType>1</ItemType>
      <ItemName>ביסקויט מצופה שוקולד</ItemName>
      <ManufacturerName>פליס ז.פ.א</ManufacturerName>
      <ManufactureCountry>לא ידוע</ManufactureCountry>
      <ManufacturerItemDescription>ביסקויט מצופה שוקולד חלב פליס ריטו</ManufacturerItemDescription>
      <UnitQty>גרמים</UnitQty>
      <Quantity>125.00</Quantity>
      <UnitOfMeasure>100 גרם</UnitOfMeasure>
      <bIsWeighted>0</bIsWeighted>
      <QtyInPackage>1</QtyInPackage>
      <ItemPrice>9.90</ItemPrice>
      <UnitOfMeasurePrice>7.9200</UnitOfMeasurePrice>
      <AllowDiscount>1</AllowDiscount>
      <ItemStatus>1</ItemStatus>
      <ItemId>101779</ItemId>
    </Item>
    <Item>
      <PriceUpdateDate>2015-08-12 10:24:48</PriceUpdateDate>
      <ItemCode>13495113537</ItemCode>
      <ItemType>1</ItemType>
      <ItemName>קליק חום לבן</ItemName>
      <ManufacturerName>אתר צפת חטיפים - Foo</ManufacturerName>
      <ManufactureCountry>ישראל</ManufactureCountry>
      <ManufacturerItemDescription>קליק חום לבן 75 גרם</ManufacturerItemDescription>
      <UnitQty>גרמים</UnitQty>
      <Quantity>75.00</Quantity>
      <UnitOfMeasure>100 גרם</UnitOfMeasure>
      <bIsWeighted>0</bIsWeighted>
      <QtyInPackage>1</QtyInPackage>
      <ItemPrice>7.30</ItemPrice>
      <UnitOfMeasurePrice>9.7333</UnitOfMeasurePrice>
      <AllowDiscount>1</AllowDiscount>
      <ItemStatus>1</ItemStatus>
      <ItemId>501</ItemId>
    </Item>
    <Item>
      <PriceUpdateDate>2015-08-12 10:24:48</PriceUpdateDate>
      <ItemCode>13495113582</ItemCode>
      <ItemType>1</ItemType>
      <ItemName>קליק כריות</ItemName>
      <ManufacturerName>אתר צפת חטיפים - Foo</ManufacturerName>
      <ManufactureCountry>ישראל</ManufactureCountry>
      <ManufacturerItemDescription>קליק כריות 75 גר</ManufacturerItemDescription>
      <UnitQty>גרמים</UnitQty>
      <Quantity>75.00</Quantity>
      <UnitOfMeasure>100 גרם</UnitOfMeasure>
      <bIsWeighted>0</bIsWeighted>
      <QtyInPackage>1</QtyInPackage>
      <ItemPrice>7.30</ItemPrice>
      <UnitOfMeasurePrice>9.7333</UnitOfMeasurePrice>
      <AllowDiscount>1</AllowDiscount>
      <ItemStatus>1</ItemStatus>
      <ItemId>503</ItemId>
    </Item>
    <Item>
      <PriceUpdateDate>2015-10-04 10:18:04</PriceUpdateDate>
      <ItemCode>7290000136721</ItemCode>
      <ItemType>1</ItemType>
      <ItemName>משקל גאמפ תפוזים</ItemName>
      <ManufacturerName>טמפו</ManufacturerName>
      <ManufactureCountry>לא ידוע</ManufactureCountry>
      <ManufacturerItemDescription>משקל גאמפ תפוזים 1.5 ל                .</ManufacturerItemDescription>
      <UnitQty>ליטרים</UnitQty>
      <Quantity>1.50</Quantity>
      <UnitOfMeasure>ליטר</UnitOfMeasure>
      <bIsWeighted>0</bIsWeighted>
      <QtyInPackage>1</QtyInPackage>
      <ItemPrice>5.90</ItemPrice>
      <UnitOfMeasurePrice>3.9333</UnitOfMeasurePrice>
      <AllowDiscount>1</AllowDiscount>
      <ItemStatus>1</ItemStatus>
      <ItemId>513</ItemId>
    </Item>
    <Item>
      <PriceUpdateDate>2015-10-04 10:18:02</PriceUpdateDate>
      <ItemCode>7290000137513</ItemCode>
      <ItemType>1</ItemType>
      <ItemName>גלידונית         60</ItemName>
      <ManufacturerName>שטראוס גלידות</ManufacturerName>
      <ManufactureCountry>ישראל</ManufactureCountry>
      <ManufacturerItemDescription>גלידונית                           1/60</ManufacturerItemDescription>
      <UnitQty>גרמים</UnitQty>
      <Quantity>630.00</Quantity>
      <UnitOfMeasure>100 גרם</UnitOfMeasure>
      <bIsWeighted>0</bIsWeighted>
      <QtyInPackage>1</QtyInPackage>
      <ItemPrice>57.10</ItemPrice>
      <UnitOfMeasurePrice>9.0635</UnitOfMeasurePrice>
      <AllowDiscount>1</AllowDiscount>
      <ItemStatus>1</ItemStatus>
      <ItemId>518</ItemId>
    </Item>
    <Item>
      <PriceUpdateDate>2016-04-11 07:59:25</PriceUpdateDate>
      <ItemCode>7290000143187</ItemCode>
      <ItemType>1</ItemType>
      <ItemName>שמפו הוואי לגבר</ItemName>
      <ManufacturerName>טרופיקל דגיל</ManufacturerName>
      <ManufactureCountry>ישראל</ManufactureCountry>
      <ManufacturerItemDescription>הוואי שמפו לגבר 700 מל                 .</ManufacturerItemDescription>
      <UnitQty>מיליליטרים</UnitQty>
      <Quantity>700.00</Quantity>
      <UnitOfMeasure>100 מ"ל</UnitOfMeasure>
      <bIsWeighted>0</bIsWeighted>
      <QtyInPackage>1</QtyInPackage>
      <ItemPrice>13.90</ItemPrice>
      <UnitOfMeasurePrice>1.9857</UnitOfMeasurePrice>
      <AllowDiscount>1</AllowDiscount>
      <ItemStatus>1</ItemStatus>
      <ItemId>555</ItemId>
    </Item>
    <Item>
      <PriceUpdateDate>2016-04-11 07:59:52</PriceUpdateDate>
      <ItemCode>7290000143200</ItemCode>
      <ItemType>1</ItemType>
      <ItemName>מרכך הוואי לשיער יבש</ItemName>
      <ManufacturerName>טרופיקל דגיל</ManufacturerName>
      <ManufactureCountry>ישראל</ManufactureCountry>
      <ManufacturerItemDescription>הוואי מרכך לשיער יבש 700 מל            .</ManufacturerItemDescription>
      <UnitQty>מיליליטרים</UnitQty>
      <Quantity>700.00</Quantity>
      <UnitOfMeasure>100 מ"ל</UnitOfMeasure>
      <bIsWeighted>0</bIsWeighted>
      <QtyInPackage>1</QtyInPackage>
      <ItemPrice>13.90</ItemPrice>
      <UnitOfMeasurePrice>1.9857</UnitOfMeasurePrice>
      <AllowDiscount>1</AllowDiscount>
      <ItemStatus>1</ItemStatus>
      <ItemId>557</ItemId>
    </Item>
    <Item>
      <PriceUpdateDate>2016-04-11 07:59:52</PriceUpdateDate>
      <ItemCode>7290000143255</ItemCode>
      <ItemType>1</ItemType>
      <ItemName>הוואי שמפו שיער רגיל</ItemName>
      <ManufacturerName>טרופיקל דגיל</ManufacturerName>
      <ManufactureCountry>ישראל</ManufactureCountry>
      <ManufacturerItemDescription>הוואי שמפו לשיער רגיל 700 מל</ManufacturerItemDescription>
      <UnitQty>מיליליטרים</UnitQty>
      <Quantity>700.00</Quantity>
      <UnitOfMeasure>100 מ"ל</UnitOfMeasure>
      <bIsWeighted>0</bIsWeighted>
      <QtyInPackage>1</QtyInPackage>
      <ItemPrice>13.90</ItemPrice>
      <UnitOfMeasurePrice>1.9857</UnitOfMeasurePrice>
      <AllowDiscount>1</AllowDiscount>
      <ItemStatus>1</ItemStatus>
      <ItemId>560</ItemId>
    </Item>
    <Item>
      <PriceUpdateDate>2016-02-11 07:45:23</PriceUpdateDate>
      <ItemCode>7290000144467</ItemCode>
      <ItemType>1</ItemType>
      <ItemName>שמן חמניות בריאות</ItemName>
      <ManufacturerName>שמן תעשיות</ManufacturerName>
      <ManufactureCountry>ישראל</ManufactureCountry>
      <ManufacturerItemDescription>שמן חמניות בריאות 1 ליטר</ManufacturerItemDescription>
      <UnitQty>ליטרים</UnitQty>
      <Quantity>1.00</Quantity>
      <UnitOfMeasure>ליטר</UnitOfMeasure>
      <bIsWeighted>0</bIsWeighted>
      <QtyInPackage>1</QtyInPackage>
      <ItemPrice>17.50</ItemPrice>
      <UnitOfMeasurePrice>17.5000</UnitOfMeasurePrice>
      <AllowDiscount>1</AllowDiscount>
      <ItemStatus>1</ItemStatus>
      <ItemId>575</ItemId>
    </Item>
    <Item>
      <PriceUpdateDate>2016-02-11 07:45:23</PriceUpdateDate>
      <ItemCode>7290000144474</ItemCode>
      <ItemType>1</ItemType>
      <ItemName>שמן קנולה בריאות</ItemName>
      <ManufacturerName>שמן תעשיות</ManufacturerName>
      <ManufactureCountry>לא ידוע</ManufactureCountry>
      <ManufacturerItemDescription>שמן קנולה בריאות 1 ליטר</ManufacturerItemDescription>
      <UnitQty>ליטרים</UnitQty>
      <Quantity>1.00</Quantity>
      <UnitOfMeasure>ליטר</UnitOfMeasure>
      <bIsWeighted>0</bIsWeighted>
      <QtyInPackage>1</QtyInPackage>
      <ItemPrice>17.50</ItemPrice>
      <UnitOfMeasurePrice>17.5000</UnitOfMeasurePrice>
      <AllowDiscount>1</AllowDiscount>
      <ItemStatus>1</ItemStatus>
      <ItemId>576</ItemId>
    </Item>
    <Item>
      <PriceUpdateDate>2015-10-04 10:18:15</PriceUpdateDate>
      <ItemCode>7290000148298</ItemCode>
      <ItemType>1</ItemType>
      <ItemName>מיץ סחוט תפוזים 2 ל.</ItemName>
      <ManufacturerName>פריגת מצוננים</ManufacturerName>
      <ManufactureCountry>ישראל</ManufactureCountry>
      <ManufacturerItemDescription>מיץ סחוט תפוזים2 ל                     .</ManufacturerItemDescription>
      <UnitQty>ליטרים</UnitQty>
      <Quantity>2.00</Quantity>
      <UnitOfMeasure>ליטר</UnitOfMeasure>
      <bIsWeighted>0</bIsWeighted>
      <QtyInPackage>1</QtyInPackage>
      <ItemPrice>25.70</ItemPrice>
      <UnitOfMeasurePrice>12.8500</UnitOfMeasurePrice>
      <AllowDiscount>1</AllowDiscount>
      <ItemStatus>1</ItemStatus>
      <ItemId>628</ItemId>
    </Item>
    <Item>
      <PriceUpdateDate>2015-10-04 10:17:20</PriceUpdateDate>
      <ItemCode>7290019297802</ItemCode>
      <ItemType>1</ItemType>
      <ItemName>מיקס לילד פירות</ItemName>
      <ManufacturerName>דין שיווק וקליה בע"מ</ManufacturerName>
      <ManufactureCountry>ישראל</ManufactureCountry>
      <ManufacturerItemDescription>מיקס לילד פירות יבשים</ManufacturerItemDescription>
      <UnitQty>גרמים</UnitQty>
      <Quantity>200.00</Quantity>
      <UnitOfMeasure>100 גרם</UnitOfMeasure>
      <bIsWeighted>0</bIsWeighted>
      <QtyInPackage>1</QtyInPackage>
      <ItemPrice>12.80</ItemPrice>
      <UnitOfMeasurePrice>6.4000</UnitOfMeasurePrice>
      <AllowDiscount>1</AllowDiscount>
      <ItemStatus>1</ItemStatus>
      <ItemId>92510</ItemId>
    </Item>
    <Item>
      <PriceUpdateDate>2016-08-03 07:29:55</PriceUpdateDate>
      <ItemCode>9201</ItemCode>
      <ItemType>0</ItemType>
      <ItemName>תירס ארוז</ItemName>
      <ManufacturerName>חקלאי</ManufacturerName>
      <ManufactureCountry>ישראל</ManufactureCountry>
      <ManufacturerItemDescription>תירס ארוז</ManufacturerItemDescription>
      <UnitQty>קילוגרמים</UnitQty>
      <Quantity>1.00</Quantity>
      <UnitOfMeasure>ק"ג</UnitOfMeasure>
      <bIsWeighted>1</bIsWeighted>
      <QtyInPackage>לא ידוע</QtyInPackage>
      <ItemPrice>7.90</ItemPrice>
      <UnitOfMeasurePrice>7.9000</UnitOfMeasurePrice>
      <AllowDiscount>1</AllowDiscount>
      <ItemStatus>1</ItemStatus>
      <ItemId>82005</ItemId>
    </Item>
    <Item>
      <PriceUpdateDate>2015-10-04 10:18:04</PriceUpdateDate>
      <ItemCode>7290015597050</ItemCode>
      <ItemType>1</ItemType>
      <ItemName>קוקיבו גלידת וניל ונ</ItemName>
      <ManufacturerName>גלידת שטראוס בע"מ</ManufacturerName>
      <ManufactureCountry>ישראל</ManufactureCountry>
      <ManufacturerItemDescription>קוקיבו גלידת וניל ונוגט עם עוגיות שוקולד</ManufacturerItemDescription>
      <UnitQty>גרמים</UnitQty>
      <Quantity>82.00</Quantity>
      <UnitOfMeasure>100 גרם</UnitOfMeasure>
      <bIsWeighted>0</bIsWeighted>
      <QtyInPackage>1</QtyInPackage>
      <ItemPrice>11.80</ItemPrice>
      <UnitOfMeasurePrice>14.3902</UnitOfMeasurePrice>
      <AllowDiscount>1</AllowDiscount>
      <ItemStatus>1</ItemStatus>
      <ItemId>101700</ItemId>
    </Item>
    <Item>
      <PriceUpdateDate>2016-08-31 15:27:32</PriceUpdateDate>
      <ItemCode>7290001491010</ItemCode>
      <ItemType>1</ItemType>
      <ItemName>תה ירוק יסמין  1/25</ItemName>
      <ManufacturerName>ויסוצקי</ManufacturerName>
      <ManufactureCountry>ישראל</ManufactureCountry>
      <ManufacturerItemDescription>תה ירוק יסמין                      1/25</ManufacturerItemDescription>
      <UnitQty>גרמים</UnitQty>
      <Quantity>37.00</Quantity>
      <UnitOfMeasure>100 גרם</UnitOfMeasure>
      <bIsWeighted>0</bIsWeighted>
      <QtyInPackage>1</QtyInPackage>
      <ItemPrice>26.90</ItemPrice>
      <UnitOfMeasurePrice>72.7027</UnitOfMeasurePrice>
      <AllowDiscount>1</AllowDiscount>
      <ItemStatus>1</ItemStatus>
      <ItemId>658</ItemId>
    </Item>
    <Item>
      <PriceUpdateDate>2015-10-04 10:17:31</PriceUpdateDate>
      <ItemCode>7290000149578</ItemCode>
      <ItemType>1</ItemType>
      <ItemName>סופטקר א.סבון     1</ItemName>
      <ManufacturerName>אמיליה קוסמטיקס</ManufacturerName>
      <ManufactureCountry>לא ידוע</ManufactureCountry>
      <ManufacturerItemDescription>נקה 7 סופטקר אלסבון נוזלי קלאס</ManufacturerItemDescription>
      <UnitQty>ליטרים</UnitQty>
      <Quantity>1.00</Quantity>
      <UnitOfMeasure>ליטר</UnitOfMeasure>
      <bIsWeighted>0</bIsWeighted>
      <QtyInPackage>1</QtyInPackage>
      <ItemPrice>19.70</ItemPrice>
      <UnitOfMeasurePrice>19.7000</UnitOfMeasurePrice>
      <AllowDiscount>1</AllowDiscount>
      <ItemStatus>1</ItemStatus>
      <ItemId>677</ItemId>
    </Item>
    <Item>
      <PriceUpdateDate>2015-10-04 10:17:31</PriceUpdateDate>
      <ItemCode>7290000149844</ItemCode>
      <ItemType>1</ItemType>
      <ItemName>סינטבון חתול</ItemName>
      <ManufacturerName>סנו</ManufacturerName>
      <ManufactureCountry>ישראל</ManufactureCountry>
      <ManufacturerItemDescription>סינטבון חתול 230 גר                    .</ManufacturerItemDescription>
      <UnitQty>גרמים</UnitQty>
      <Quantity>230.00</Quantity>
      <UnitOfMeasure>100 גרם</UnitOfMeasure>
      <bIsWeighted>0</bIsWeighted>
      <QtyInPackage>1</QtyInPackage>
      <ItemPrice>8.80</ItemPrice>
      <UnitOfMeasurePrice>3.8261</UnitOfMeasurePrice>
      <AllowDiscount>1</AllowDiscount>
      <ItemStatus>1</ItemStatus>
      <ItemId>680</ItemId>
    </Item>
    <Item>
      <PriceUpdateDate>2015-10-04 10:17:31</PriceUpdateDate>
      <ItemCode>7290000149905</ItemCode>
      <ItemType>1</ItemType>
      <ItemName>טקסטיל שמפו נוזלי1 ל</ItemName>
      <ManufacturerName>סנו</ManufacturerName>
      <ManufactureCountry>ישראל</ManufactureCountry>
      <ManufacturerItemDescription>טקסטיל שמפו נוזלי1 ל                   .</ManufacturerItemDescription>
      <UnitQty>ליטרים</UnitQty>
      <Quantity>1.00</Quantity>
      <UnitOfMeasure>ליטר</UnitOfMeasure>
      <bIsWeighted>0</bIsWeighted>
      <QtyInPackage>1</QtyInPackage>
      <ItemPrice>15.70</ItemPrice>
      <UnitOfMeasurePrice>15.7000</UnitOfMeasurePrice>
      <AllowDiscount>1</AllowDiscount>
      <ItemStatus>1</ItemStatus>
      <ItemId>682</ItemId>
    </Item>
    <Item>
      <PriceUpdateDate>2015-01-01 00:00:00</PriceUpdateDate>
      <ItemCode>7290000152288</ItemCode>
      <ItemType>1</ItemType>
      <ItemName>נקניקיות עוף עוף טוב</ItemName>
      <ManufacturerName>עוף טוב</ManufacturerName>
      <ManufactureCountry>לא ידוע</ManufactureCountry>
      <ManufacturerItemDescription>נקניקיות עוף עוף טוב 400 גר            "</ManufacturerItemDescription>
      <UnitQty>גרמים</UnitQty>
      <Quantity>400.00</Quantity>
      <UnitOfMeasure>100 גרם</UnitOfMeasure>
      <bIsWeighted>0</bIsWeighted>
      <QtyInPackage>1</QtyInPackage>
      <ItemPrice>12.70</ItemPrice>
      <UnitOfMeasurePrice>3.1750</UnitOfMeasurePrice>
      <AllowDiscount>1</AllowDiscount>
      <ItemStatus>1</ItemStatus>
      <ItemId>745</ItemId>
    </Item>
    <Item>
      <PriceUpdateDate>2015-10-04 10:18:12</PriceUpdateDate>
      <ItemCode>7290001594155</ItemCode>
      <ItemType>1</ItemType>
      <ItemName>קוקה קולה 500 מל</ItemName>
      <ManufacturerName>החברה המרכזית למשקאו</ManufacturerName>
      <ManufactureCountry>ישראל</ManufactureCountry>
      <ManufacturerItemDescription>קוקה קולה500 מל                        .</ManufacturerItemDescription>
      <UnitQty>מיליליטרים</UnitQty>
      <Quantity>500.00</Quantity>
      <UnitOfMeasure>100 מ"ל</UnitOfMeasure>
      <bIsWeighted>0</bIsWeighted>
      <QtyInPackage>1</QtyInPackage>
      <ItemPrice>6.90</ItemPrice>
      <UnitOfMeasurePrice>1.3800</UnitOfMeasurePrice>
      <AllowDiscount>1</AllowDiscount>
      <ItemStatus>1</ItemStatus>
      <ItemId>783</ItemId>
    </Item>
    <Item>
      <PriceUpdateDate>2015-01-01 00:00:00</PriceUpdateDate>
      <ItemCode>7290001594230</ItemCode>
      <ItemType>1</ItemType>
      <ItemName>סודה קינלי</ItemName>
      <ManufacturerName>החברה המרכזית למשקאו</ManufacturerName>
      <ManufactureCountry>ישראל</ManufactureCountry>
      <ManufacturerItemDescription>סודה קינלי 250 מל</ManufacturerItemDescription>
      <UnitQty>מיליליטרים</UnitQty>
      <Quantity>250.00</Quantity>
      <UnitOfMeasure>100 מ"ל</UnitOfMeasure>
      <bIsWeighted>0</bIsWeighted>
      <QtyInPackage>1</QtyInPackage>
      <ItemPrice>5.80</ItemPrice>
      <UnitOfMeasurePrice>2.3200</UnitOfMeasurePrice>
      <AllowDiscount>1</AllowDiscount>
      <ItemStatus>1</ItemStatus>
      <ItemId>788</ItemId>
    </Item>
    <Item>
      <PriceUpdateDate>2015-10-04 10:18:12</PriceUpdateDate>
      <ItemCode>7290001594377</ItemCode>
      <ItemType>1</ItemType>
      <ItemName>משקל פריגת תפוזים</ItemName>
      <ManufacturerName>פריגת</ManufacturerName>
      <ManufactureCountry>ישראל</ManufactureCountry>
      <ManufacturerItemDescription>משקל פריגת תפוזים500 מל                .</ManufacturerItemDescription>
      <UnitQty>מיליליטרים</UnitQty>
      <Quantity>500.00</Quantity>
      <UnitOfMeasure>100 מ"ל</UnitOfMeasure>
      <bIsWeighted>0</bIsWeighted>
      <QtyInPackage>1</QtyInPackage>
      <ItemPrice>7.40</ItemPrice>
      <UnitOfMeasurePrice>1.4800</UnitOfMeasurePrice>
      <AllowDiscount>1</AllowDiscount>
      <ItemStatus>1</ItemStatus>
      <ItemId>789</ItemId>
    </Item>
    <Item>
      <PriceUpdateDate>2015-10-04 10:18:12</PriceUpdateDate>
      <ItemCode>7290001594391</ItemCode>
      <ItemType>1</ItemType>
      <ItemName>משקל פריגת ענבים</ItemName>
      <ManufacturerName>פריגת</ManufacturerName>
      <ManufactureCountry>ישראל</ManufactureCountry>
      <ManufacturerItemDescription>משקל פריגת ענבים500 מל                 .</ManufacturerItemDescription>
      <UnitQty>מיליליטרים</UnitQty>
      <Quantity>500.00</Quantity>
      <UnitOfMeasure>100 מ"ל</UnitOfMeasure>
      <bIsWeighted>0</bIsWeighted>
      <QtyInPackage>1</QtyInPackage>
      <ItemPrice>7.40</ItemPrice>
      <UnitOfMeasurePrice>1.4800</UnitOfMeasurePrice>
      <AllowDiscount>1</AllowDiscount>
      <ItemStatus>1</ItemStatus>
      <ItemId>791</ItemId>
    </Item>
    <Item>
      <PriceUpdateDate>2016-06-07 07:34:57</PriceUpdateDate>
      <ItemCode>7290001594568</ItemCode>
      <ItemType>1</ItemType>
      <ItemName>קרלסברג פחית</ItemName>
      <ManufacturerName>קרלסברג ישראל</ManufacturerName>
      <ManufactureCountry>לא ידוע</ManufactureCountry>
      <ManufacturerItemDescription>בירה קרלסברג פחית500 מל                .</ManufacturerItemDescription>
      <UnitQty>מיליליטרים</UnitQty>
      <Quantity>500.00</Quantity>
      <UnitOfMeasure>100 מ"ל</UnitOfMeasure>
      <bIsWeighted>0</bIsWeighted>
      <QtyInPackage>1</QtyInPackage>
      <ItemPrice>13.20</ItemPrice>
      <UnitOfMeasurePrice>2.6400</UnitOfMeasurePrice>
      <AllowDiscount>1</AllowDiscount>
      <ItemStatus>1</ItemStatus>
      <ItemId>794</ItemId>
    </Item>
    <Item>
      <PriceUpdateDate>2016-06-07 07:34:57</PriceUpdateDate>
      <ItemCode>7290001594575</ItemCode>
      <ItemType>1</ItemType>
      <ItemName>טובורג פחית</ItemName>
      <ManufacturerName>קרלסברג ישראל</ManufacturerName>
      <ManufactureCountry>לא ידוע</ManufactureCountry>
      <ManufacturerItemDescription>בירה טובורג פחית500 מל                 .</ManufacturerItemDescription>
      <UnitQty>מיליליטרים</UnitQty>
      <Quantity>500.00</Quantity>
      <UnitOfMeasure>100 מ"ל</UnitOfMeasure>
      <bIsWeighted>0</bIsWeighted>
      <QtyInPackage>1</QtyInPackage>
      <ItemPrice>13.20</ItemPrice>
      <UnitOfMeasurePrice>2.6400</UnitOfMeasurePrice>
      <AllowDiscount>1</AllowDiscount>
      <ItemStatus>1</ItemStatus>
      <ItemId>795</ItemId>
    </Item>
    <Item>
      <PriceUpdateDate>2015-01-01 00:00:00</PriceUpdateDate>
      <ItemCode>16000548404</ItemCode>
      <ItemType>1</ItemType>
      <ItemName>קראנצי גרנולה שיבולת</ItemName>
      <ManufacturerName>ג'נרל מילס</ManufacturerName>
      <ManufactureCountry>לא ידוע</ManufactureCountry>
      <ManufacturerItemDescription>קראנצי גרנולה שיבולת שועל ודבש</ManufacturerItemDescription>
      <UnitQty>גרמים</UnitQty>
      <Quantity>210.00</Quantity>
      <UnitOfMeasure>100 גרם</UnitOfMeasure>
      <bIsWeighted>0</bIsWeighted>
      <QtyInPackage>1</QtyInPackage>
      <ItemPrice>21.90</ItemPrice>
      <UnitOfMeasurePrice>10.4286</UnitOfMeasurePrice>
      <AllowDiscount>1</AllowDiscount>
      <ItemStatus>1</ItemStatus>
      <ItemId>803</ItemId>
    </Item>
    <Item>
      <PriceUpdateDate>2015-01-01 00:00:00</PriceUpdateDate>
      <ItemCode>16000548503</ItemCode>
      <ItemType>1</ItemType>
      <ItemName>קראנצי מייפל וסוכר</ItemName>
      <ManufacturerName>ג'נרל מילס</ManufacturerName>
      <ManufactureCountry>לא ידוע</ManufactureCountry>
      <ManufacturerItemDescription>קראנצי גרנולה מייפל וסוכר חום</ManufacturerItemDescription>
      <UnitQty>גרמים</UnitQty>
      <Quantity>210.00</Quantity>
      <UnitOfMeasure>100 גרם</UnitOfMeasure>
      <bIsWeighted>0</bIsWeighted>
      <QtyInPackage>1</QtyInPackage>
      <ItemPrice>21.90</ItemPrice>
      <UnitOfMeasurePrice>10.4286</UnitOfMeasurePrice>
      <AllowDiscount>1</AllowDiscount>
      <ItemStatus>1</ItemStatus>
      <ItemId>804</ItemId>
    </Item>
    <Item>
      <PriceUpdateDate>2015-08-12 10:25:03</PriceUpdateDate>
      <ItemCode>7290000170053</ItemCode>
      <ItemType>1</ItemType>
      <ItemName>שוקולד חלב פרה שטוח</ItemName>
      <ManufacturerName>שטראוס גרופ</ManufacturerName>
      <ManufactureCountry>ישראל</ManufactureCountry>
      <ManufacturerItemDescription>שוקולד פרה חלב שטוח 100 גר             "</ManufacturerItemDescription>
      <UnitQty>גרמים</UnitQty>
      <Quantity>100.00</Quantity>
      <UnitOfMeasure>100 גרם</UnitOfMeasure>
      <bIsWeighted>0</bIsWeighted>
      <QtyInPackage>1</QtyInPackage>
      <ItemPrice>6.40</ItemPrice>
      <UnitOfMeasurePrice>6.4000</UnitOfMeasurePrice>
      <AllowDiscount>1</AllowDiscount>
      <ItemStatus>1</ItemStatus>
      <ItemId>828</ItemId>
    </Item>
    <Item>
      <PriceUpdateDate>2015-08-12 10:25:03</PriceUpdateDate>
      <ItemCode>7290000170077</ItemCode>
      <ItemType>1</ItemType>
      <ItemName>שוקולד מריר שטוח</ItemName>
      <ManufacturerName>שטראוס גרופ</ManufacturerName>
      <ManufactureCountry>ישראל</ManufactureCountry>
      <ManufacturerItemDescription>שוקולד פרה מריר שטוח 100 גר            .</ManufacturerItemDescription>
      <UnitQty>גרמים</UnitQty>
      <Quantity>100.00</Quantity>
      <UnitOfMeasure>100 גרם</UnitOfMeasure>
      <bIsWeighted>0</bIsWeighted>
      <QtyInPackage>1</QtyInPackage>
      <ItemPrice>6.40</ItemPrice>
      <UnitOfMeasurePrice>6.4000</UnitOfMeasurePrice>
      <AllowDiscount>1</AllowDiscount>
      <ItemStatus>1</ItemStatus>
      <ItemId>829</ItemId>
    </Item>
    <Item>
      <PriceUpdateDate>2015-08-12 10:25:03</PriceUpdateDate>
      <ItemCode>7290000171470</ItemCode>
      <ItemType>1</ItemType>
      <ItemName>כיף כף</ItemName>
      <ManufacturerName>שטראוס גרופ</ManufacturerName>
      <ManufactureCountry>ישראל</ManufactureCountry>
      <ManufacturerItemDescription>חטיף כיף כף45 גר                       .</ManufacturerItemDescription>
      <UnitQty>Unknown </UnitQty>
      <Quantity>0.00</Quantity>
      <UnitOfMeasure>Unknown </UnitOfMeasure>
      <bIsWeighted>0</bIsWeighted>
      <QtyInPackage>1</QtyInPackage>
      <ItemPrice>4.60</ItemPrice>
      <UnitOfMeasurePrice>0.0000</UnitOfMeasurePrice>
      <AllowDiscount>1</AllowDiscount>
      <ItemStatus>1</ItemStatus>
      <ItemId>841</ItemId>
    </Item>
    <Item>
      <PriceUpdateDate>2015-10-04 10:16:41</PriceUpdateDate>
      <ItemCode>7290000174099</ItemCode>
      <ItemType>1</ItemType>
      <ItemName>וופל שוקולד</ItemName>
      <ManufacturerName>שטראוס גרופ</ManufacturerName>
      <ManufactureCountry>ישראל</ManufactureCountry>
      <ManufacturerItemDescription>וופל שוקולד 500 גר                     .</ManufacturerItemDescription>
      <UnitQty>גרמים</UnitQty>
      <Quantity>500.00</Quantity>
      <UnitOfMeasure>100 גרם</UnitOfMeasure>
      <bIsWeighted>0</bIsWeighted>
      <QtyInPackage>1</QtyInPackage>
      <ItemPrice>13.80</ItemPrice>
      <UnitOfMeasurePrice>2.7600</UnitOfMeasurePrice>
      <AllowDiscount>1</AllowDiscount>
      <ItemStatus>1</ItemStatus>
      <ItemId>860</ItemId>
    </Item>
    <Item>
      <PriceUpdateDate>2015-10-04 10:18:19</PriceUpdateDate>
      <ItemCode>7290000174723</ItemCode>
      <ItemType>1</ItemType>
      <ItemName>שוקולית</ItemName>
      <ManufacturerName>שטראוס גרופ</ManufacturerName>
      <ManufactureCountry>ישראל</ManufactureCountry>
      <ManufacturerItemDescription>שוקולית עלית 500 גרם</ManufacturerItemDescription>
      <UnitQty>גרמים</UnitQty>
      <Quantity>500.00</Quantity>
      <UnitOfMeasure>100 גרם</UnitOfMeasure>
      <bIsWeighted>0</bIsWeighted>
      <QtyInPackage>1</QtyInPackage>
      <ItemPrice>15.70</ItemPrice>
      <UnitOfMeasurePrice>3.1400</UnitOfMeasurePrice>
      <AllowDiscount>1</AllowDiscount>
      <ItemStatus>1</ItemStatus>
      <ItemId>862</ItemId>
    </Item>
    <Item>
      <PriceUpdateDate>2015-10-04 10:16:41</PriceUpdateDate>
      <ItemCode>7290000176062</ItemCode>
      <ItemType>1</ItemType>
      <ItemName>קפה טורקי עלית</ItemName>
      <ManufacturerName>שטראוס גרופ</ManufacturerName>
      <ManufactureCountry>ישראל</ManufactureCountry>
      <ManufacturerItemDescription>קפה טורקי בצלופן 100 גרם</ManufacturerItemDescription>
      <UnitQty>גרמים</UnitQty>
      <Quantity>100.00</Quantity>
      <UnitOfMeasure>100 גרם</UnitOfMeasure>
      <bIsWeighted>0</bIsWeighted>
      <QtyInPackage>1</QtyInPackage>
      <ItemPrice>9.90</ItemPrice>
      <UnitOfMeasurePrice>9.9000</UnitOfMeasurePrice>
      <AllowDiscount>1</AllowDiscount>
      <ItemStatus>1</ItemStatus>
      <ItemId>872</ItemId>
    </Item>
    <Item>
      <PriceUpdateDate>2015-10-04 10:16:41</PriceUpdateDate>
      <ItemCode>7290000176079</ItemCode>
      <ItemType>1</ItemType>
      <ItemName>קפה טחון עם הל</ItemName>
      <ManufacturerName>שטראוס גרופ</ManufacturerName>
      <ManufactureCountry>ישראל</ManufactureCountry>
      <ManufacturerItemDescription>קפה עם הל 100 גר                       .</ManufacturerItemDescription>
      <UnitQty>גרמים</UnitQty>
      <Quantity>100.00</Quantity>
      <UnitOfMeasure>100 גרם</UnitOfMeasure>
      <bIsWeighted>0</bIsWeighted>
      <QtyInPackage>1</QtyInPackage>
      <ItemPrice>10.20</ItemPrice>
      <UnitOfMeasurePrice>10.2000</UnitOfMeasurePrice>
      <AllowDiscount>1</AllowDiscount>
      <ItemStatus>1</ItemStatus>
      <ItemId>873</ItemId>
    </Item>
    <Item>
      <PriceUpdateDate>2015-10-04 10:16:41</PriceUpdateDate>
      <ItemCode>7290000176413</ItemCode>
      <ItemType>1</ItemType>
      <ItemName>קפה נמס עלית</ItemName>
      <ManufacturerName>שטראוס גרופ</ManufacturerName>
      <ManufactureCountry>ישראל</ManufactureCountry>
      <ManufacturerItemDescription>קפה נמס עלית 50 גר                     .</ManufacturerItemDescription>
      <UnitQty>גרמים</UnitQty>
      <Quantity>50.00</Quantity>
      <UnitOfMeasure>100 גרם</UnitOfMeasure>
      <bIsWeighted>0</bIsWeighted>
      <QtyInPackage>1</QtyInPackage>
      <ItemPrice>10.80</ItemPrice>
      <UnitOfMeasurePrice>21.6000</UnitOfMeasurePrice>
      <AllowDiscount>1</AllowDiscount>
      <ItemStatus>1</ItemStatus>
      <ItemId>878</ItemId>
    </Item>
    <Item>
      <PriceUpdateDate>2015-08-14 09:03:43</PriceUpdateDate>
      <ItemCode>7290000176420</ItemCode>
      <ItemType>1</ItemType>
      <ItemName>קפה נמס עלית       .</ItemName>
      <ManufacturerName>שטראוס גרופ</ManufacturerName>
      <ManufactureCountry>ישראל</ManufactureCountry>
      <ManufacturerItemDescription>קפה נמס עלית פחית 200 גר               .</ManufacturerItemDescription>
      <UnitQty>גרמים</UnitQty>
      <Quantity>200.00</Quantity>
      <UnitOfMeasure>100 גרם</UnitOfMeasure>
      <bIsWeighted>0</bIsWeighted>
      <QtyInPackage>1</QtyInPackage>
      <ItemPrice>21.90</ItemPrice>
      <UnitOfMeasurePrice>10.9500</UnitOfMeasurePrice>
      <AllowDiscount>1</AllowDiscount>
      <ItemStatus>1</ItemStatus>
      <ItemId>879</ItemId>
    </Item>
    <Item>
      <PriceUpdateDate>2015-10-04 10:16:42</PriceUpdateDate>
      <ItemCode>7290000176468</ItemCode>
      <ItemType>1</ItemType>
      <ItemName>קפה נמס האג</ItemName>
      <ManufacturerName>שטראוס גרופ</ManufacturerName>
      <ManufactureCountry>ישראל</ManufactureCountry>
      <ManufacturerItemDescription>קפה נמס האג עלית 50 גר                 .</ManufacturerItemDescription>
      <UnitQty>גרמים</UnitQty>
      <Quantity>50.00</Quantity>
      <UnitOfMeasure>100 גרם</UnitOfMeasure>
      <bIsWeighted>0</bIsWeighted>
      <QtyInPackage>1</QtyInPackage>
      <ItemPrice>13.10</ItemPrice>
      <UnitOfMeasurePrice>26.2000</UnitOfMeasurePrice>
      <AllowDiscount>1</AllowDiscount>
      <ItemStatus>1</ItemStatus>
      <ItemId>880</ItemId>
    </Item>
    <Item>
      <PriceUpdateDate>2015-08-12 10:25:03</PriceUpdateDate>
      <ItemCode>7290000176857</ItemCode>
      <ItemType>1</ItemType>
      <ItemName>שוקולד לבן פרה</ItemName>
      <ManufacturerName>שטראוס גרופ</ManufacturerName>
      <ManufactureCountry>ישראל</ManufactureCountry>
      <ManufacturerItemDescription>שוקולד פרה לבן 100 גר                  .</ManufacturerItemDescription>
      <UnitQty>גרמים</UnitQty>
      <Quantity>100.00</Quantity>
      <UnitOfMeasure>100 גרם</UnitOfMeasure>
      <bIsWeighted>0</bIsWeighted>
      <QtyInPackage>1</QtyInPackage>
      <ItemPrice>6.40</ItemPrice>
      <UnitOfMeasurePrice>6.4000</UnitOfMeasurePrice>
      <AllowDiscount>1</AllowDiscount>
      <ItemStatus>1</ItemStatus>
      <ItemId>882</ItemId>
    </Item>
    <Item>
      <PriceUpdateDate>2015-10-04 10:16:42</PriceUpdateDate>
      <ItemCode>7290000177694</ItemCode>
      <ItemType>1</ItemType>
      <ItemName>קפה טורקי טחון ווקום</ItemName>
      <ManufacturerName>שטראוס גרופ</ManufacturerName>
      <ManufactureCountry>ישראל</ManufactureCountry>
      <ManufacturerItemDescription>קפה טורקי קלוי טחוןבואקום            200</ManufacturerItemDescription>
      <UnitQty>גרמים</UnitQty>
      <Quantity>200.00</Quantity>
      <UnitOfMeasure>100 גרם</UnitOfMeasure>
      <bIsWeighted>0</bIsWeighted>
      <QtyInPackage>1</QtyInPackage>
      <ItemPrice>21.70</ItemPrice>
      <UnitOfMeasurePrice>10.8500</UnitOfMeasurePrice>
      <AllowDiscount>1</AllowDiscount>
      <ItemStatus>1</ItemStatus>
      <ItemId>883</ItemId>
    </Item>
    <Item>
      <PriceUpdateDate>2015-10-04 10:16:42</PriceUpdateDate>
      <ItemCode>7290000178103</ItemCode>
      <ItemType>1</ItemType>
      <ItemName>שוקולד חלב פרה  1/4</ItemName>
      <ManufacturerName>שטראוס גרופ</ManufacturerName>
      <ManufactureCountry>ישראל</ManufactureCountry>
      <ManufacturerItemDescription>אריזת חיסכון רביעיית פרה חלב           .</ManufacturerItemDescription>
      <UnitQty>גרמים</UnitQty>
      <Quantity>400.00</Quantity>
      <UnitOfMeasure>100 גרם</UnitOfMeasure>
      <bIsWeighted>0</bIsWeighted>
      <QtyInPackage>1</QtyInPackage>
      <ItemPrice>24.10</ItemPrice>
      <UnitOfMeasurePrice>6.0250</UnitOfMeasurePrice>
      <AllowDiscount>1</AllowDiscount>
      <ItemStatus>1</ItemStatus>
      <ItemId>905</ItemId>
    </Item>
    <Item>
      <PriceUpdateDate>2015-10-04 10:16:42</PriceUpdateDate>
      <ItemCode>7290000178134</ItemCode>
      <ItemType>1</ItemType>
      <ItemName>שוקולד מריר פרה 1/4</ItemName>
      <ManufacturerName>שטראוס גרופ</ManufacturerName>
      <ManufactureCountry>ישראל</ManufactureCountry>
      <ManufacturerItemDescription>אריזת חיסכון רביעיית פרה מריר</ManufacturerItemDescription>
      <UnitQty>גרמים</UnitQty>
      <Quantity>400.00</Quantity>
      <UnitOfMeasure>100 גרם</UnitOfMeasure>
      <bIsWeighted>0</bIsWeighted>
      <QtyInPackage>1</QtyInPackage>
      <ItemPrice>24.10</ItemPrice>
      <UnitOfMeasurePrice>6.0250</UnitOfMeasurePrice>
      <AllowDiscount>1</AllowDiscount>
      <ItemStatus>1</ItemStatus>
      <ItemId>906</ItemId>
    </Item>
    <Item>
      <PriceUpdateDate>2015-08-12 10:24:35</PriceUpdateDate>
      <ItemCode>7290000178707</ItemCode>
      <ItemType>1</ItemType>
      <ItemName>תפוציפס מלוח</ItemName>
      <ManufacturerName>שטראוס גרופ</ManufacturerName>
      <ManufactureCountry>ישראל</ManufactureCountry>
      <ManufacturerItemDescription>תפוציפס מלוח 50 גר                     .</ManufacturerItemDescription>
      <UnitQty>גרמים</UnitQty>
      <Quantity>50.00</Quantity>
      <UnitOfMeasure>100 גרם</UnitOfMeasure>
      <bIsWeighted>0</bIsWeighted>
      <QtyInPackage>1</QtyInPackage>
      <ItemPrice>4.40</ItemPrice>
      <UnitOfMeasurePrice>8.8000</UnitOfMeasurePrice>
      <AllowDiscount>1</AllowDiscount>
      <ItemStatus>1</ItemStatus>
      <ItemId>916</ItemId>
    </Item>
    <Item>
      <PriceUpdateDate>2015-10-04 10:16:42</PriceUpdateDate>
      <ItemCode>7290000178721</ItemCode>
      <ItemType>1</ItemType>
      <ItemName>תפוציפס מלוח</ItemName>
      <ManufacturerName>שטראוס גרופ</ManufacturerName>
      <ManufactureCountry>ישראל</ManufactureCountry>
      <ManufacturerItemDescription>תפוציפס מלוח 200 גר                    .</ManufacturerItemDescription>
      <UnitQty>גרמים</UnitQty>
      <Quantity>200.00</Quantity>
      <UnitOfMeasure>100 גרם</UnitOfMeasure>
      <bIsWeighted>0</bIsWeighted>
      <QtyInPackage>1</QtyInPackage>
      <ItemPrice>11.80</ItemPrice>
      <UnitOfMeasurePrice>5.9000</UnitOfMeasurePrice>
      <AllowDiscount>1</AllowDiscount>
      <ItemStatus>1</ItemStatus>
      <ItemId>918</ItemId>
    </Item>
    <Item>
      <PriceUpdateDate>2015-10-04 10:16:42</PriceUpdateDate>
      <ItemCode>7290000179445</ItemCode>
      <ItemType>1</ItemType>
      <ItemName>מסטיק בזוקה</ItemName>
      <ManufacturerName>שטראוס גרופ</ManufacturerName>
      <ManufactureCountry>ישראל</ManufactureCountry>
      <ManufacturerItemDescription>מסטיק בזוקה 1/30 בשקית 180 גר          .</ManufacturerItemDescription>
      <UnitQty>גרמים</UnitQty>
      <Quantity>180.00</Quantity>
      <UnitOfMeasure>100 גרם</UnitOfMeasure>
      <bIsWeighted>0</bIsWeighted>
      <QtyInPackage>1</QtyInPackage>
      <ItemPrice>8.80</ItemPrice>
      <UnitOfMeasurePrice>4.8889</UnitOfMeasurePrice>
      <AllowDiscount>1</AllowDiscount>
      <ItemStatus>1</ItemStatus>
      <ItemId>919</ItemId>
    </Item>
    <Item>
      <PriceUpdateDate>2015-01-01 00:00:00</PriceUpdateDate>
      <ItemCode>18000766413</ItemCode>
      <ItemType>1</ItemType>
      <ItemName>תערובת לעוגת בראוניס</ItemName>
      <ManufacturerName>ג'נרל מילס</ManufacturerName>
      <ManufactureCountry>לא ידוע</ManufactureCountry>
      <ManufacturerItemDescription>תערובת לעוגת בראוניס 550 גר            .</ManufacturerItemDescription>
      <UnitQty>גרמים</UnitQty>
      <Quantity>550.00</Quantity>
      <UnitOfMeasure>100 גרם</UnitOfMeasure>
      <bIsWeighted>0</bIsWeighted>
      <QtyInPackage>1</QtyInPackage>
      <ItemPrice>17.90</ItemPrice>
      <UnitOfMeasurePrice>3.2545</UnitOfMeasurePrice>
      <AllowDiscount>1</AllowDiscount>
      <ItemStatus>1</ItemStatus>
      <ItemId>924</ItemId>
    </Item>
    <Item>
      <PriceUpdateDate>2015-10-04 10:16:42</PriceUpdateDate>
      <ItemCode>7290000180212</ItemCode>
      <ItemType>1</ItemType>
      <ItemName>שוקולד פרה מריר אגוז</ItemName>
      <ManufacturerName>שטראוס גרופ</ManufacturerName>
      <ManufactureCountry>ישראל</ManufactureCountry>
      <ManufacturerItemDescription>שוקולד פרה מריר אגוזים100 גר           .</ManufacturerItemDescription>
      <UnitQty>גרמים</UnitQty>
      <Quantity>100.00</Quantity>
      <UnitOfMeasure>100 גרם</UnitOfMeasure>
      <bIsWeighted>0</bIsWeighted>
      <QtyInPackage>1</QtyInPackage>
      <ItemPrice>6.60</ItemPrice>
      <UnitOfMeasurePrice>6.6000</UnitOfMeasurePrice>
      <AllowDiscount>1</AllowDiscount>
      <ItemStatus>1</ItemStatus>
      <ItemId>926</ItemId>
    </Item>
    <Item>
      <PriceUpdateDate>2015-10-04 10:16:42</PriceUpdateDate>
      <ItemCode>7290000181103</ItemCode>
      <ItemType>1</ItemType>
      <ItemName>ביסקוויט חלב 200 גר</ItemName>
      <ManufacturerName>שטראוס גרופ</ManufacturerName>
      <ManufactureCountry>ישראל</ManufactureCountry>
      <ManufacturerItemDescription>ביסקוויט חלב 200 גר                    "</ManufacturerItemDescription>
      <UnitQty>גרמים</UnitQty>
      <Quantity>200.00</Quantity>
      <UnitOfMeasure>100 גרם</UnitOfMeasure>
      <bIsWeighted>0</bIsWeighted>
      <QtyInPackage>1</QtyInPackage>
      <ItemPrice>15.20</ItemPrice>
      <UnitOfMeasurePrice>7.6000</UnitOfMeasurePrice>
      <AllowDiscount>1</AllowDiscount>
      <ItemStatus>1</ItemStatus>
      <ItemId>927</ItemId>
    </Item>
    <Item>
      <PriceUpdateDate>2015-10-04 10:16:42</PriceUpdateDate>
      <ItemCode>7290001814147</ItemCode>
      <ItemType>1</ItemType>
      <ItemName>ממרח שוקולד פרה</ItemName>
      <ManufacturerName>שטראוס גרופ</ManufacturerName>
      <ManufactureCountry>ישראל</ManufactureCountry>
      <ManufacturerItemDescription>ממרח שוקולד פרה 500 גר</ManufacturerItemDescription>
      <UnitQty>גרמים</UnitQty>
      <Quantity>500.00</Quantity>
      <UnitOfMeasure>100 גרם</UnitOfMeasure>
      <bIsWeighted>0</bIsWeighted>
      <QtyInPackage>1</QtyInPackage>
      <ItemPrice>13.40</ItemPrice>
      <UnitOfMeasurePrice>2.6800</UnitOfMeasurePrice>
      <AllowDiscount>1</AllowDiscount>
      <ItemStatus>1</ItemStatus>
      <ItemId>945</ItemId>
    </Item>
    <Item>
      <PriceUpdateDate>2015-10-04 10:18:26</PriceUpdateDate>
      <ItemCode>7290000187860</ItemCode>
      <ItemType>1</ItemType>
      <ItemName>מגבוני טואלט לחים</ItemName>
      <ManufacturerName>על בד</ManufacturerName>
      <ManufactureCountry>ישראל</ManufactureCountry>
      <ManufacturerItemDescription>מגבוני טואלט לחים לילי 48 יח           "</ManufacturerItemDescription>
      <UnitQty>Unknown </UnitQty>
      <Quantity>0.00</Quantity>
      <UnitOfMeasure>Unknown </UnitOfMeasure>
      <bIsWeighted>0</bIsWeighted>
      <QtyInPackage>1</QtyInPackage>
      <ItemPrice>8.80</ItemPrice>
      <UnitOfMeasurePrice>0.0000</UnitOfMeasurePrice>
      <AllowDiscount>1</AllowDiscount>
      <ItemStatus>1</ItemStatus>
      <ItemId>1004</ItemId>
    </Item>
    <Item>
      <PriceUpdateDate>2015-10-04 10:18:26</PriceUpdateDate>
      <ItemCode>7290000195544</ItemCode>
      <ItemType>1</ItemType>
      <ItemName>האגיס 1/4 מגבונים לח</ItemName>
      <ManufacturerName>על בד</ManufacturerName>
      <ManufactureCountry>ישראל</ManufactureCountry>
      <ManufacturerItemDescription>האגיס רביעית מגבונים לחים מבוש</ManufacturerItemDescription>
      <UnitQty>Unknown </UnitQty>
      <Quantity>0.00</Quantity>
      <UnitOfMeasure>Unknown </UnitOfMeasure>
      <bIsWeighted>0</bIsWeighted>
      <QtyInPackage>1</QtyInPackage>
      <ItemPrice>24.70</ItemPrice>
      <UnitOfMeasurePrice>0.0000</UnitOfMeasurePrice>
      <AllowDiscount>1</AllowDiscount>
      <ItemStatus>1</ItemStatus>
      <ItemId>1101</ItemId>
    </Item>
    <Item>
      <PriceUpdateDate>2015-01-01 00:00:00</PriceUpdateDate>
      <ItemCode>7290000197326</ItemCode>
      <ItemType>1</ItemType>
      <ItemName>רדיד אלומיניום זוג</ItemName>
      <ManufacturerName>אופל</ManufacturerName>
      <ManufactureCountry>ישראל</ManufactureCountry>
      <ManufacturerItemDescription>רדיד אלומיניום זוג קצר</ManufacturerItemDescription>
      <UnitQty>מטרים</UnitQty>
      <Quantity>1500.00</Quantity>
      <UnitOfMeasure>מטר</UnitOfMeasure>
      <bIsWeighted>0</bIsWeighted>
      <QtyInPackage>1</QtyInPackage>
      <ItemPrice>13.90</ItemPrice>
      <UnitOfMeasurePrice>0.0093</UnitOfMeasurePrice>
      <AllowDiscount>1</AllowDiscount>
      <ItemStatus>1</ItemStatus>
      <ItemId>1109</ItemId>
    </Item>
    <Item>
      <PriceUpdateDate>2015-10-04 10:18:26</PriceUpdateDate>
      <ItemCode>7290000197432</ItemCode>
      <ItemType>1</ItemType>
      <ItemName>שקיות סנדביצון זוג</ItemName>
      <ManufacturerName>אשפלסט</ManufacturerName>
      <ManufactureCountry>ישראל</ManufactureCountry>
      <ManufacturerItemDescription>שקיות סנדביצון 150 יח "זוג</ManufacturerItemDescription>
      <UnitQty>Unknown </UnitQty>
      <Quantity>0.00</Quantity>
      <UnitOfMeasure>Unknown </UnitOfMeasure>
      <bIsWeighted>0</bIsWeighted>
      <QtyInPackage>1</QtyInPackage>
      <ItemPrice>13.80</ItemPrice>
      <UnitOfMeasurePrice>0.0000</UnitOfMeasurePrice>
      <AllowDiscount>1</AllowDiscount>
      <ItemStatus>1</ItemStatus>
      <ItemId>1116</ItemId>
    </Item>
    <Item>
      <PriceUpdateDate>2015-10-04 10:17:20</PriceUpdateDate>
      <ItemCode>7290101868217</ItemCode>
      <ItemType>1</ItemType>
      <ItemName>וניש גל כביסה</ItemName>
      <ManufacturerName>קליה</ManufacturerName>
      <ManufactureCountry>ישראל</ManufactureCountry>
      <ManufacturerItemDescription>וניש ג"ל להסרת כתמים 2 ליטר</ManufacturerItemDescription>
      <UnitQty>ליטרים</UnitQty>
      <Quantity>2.00</Quantity>
      <UnitOfMeasure>ליטר</UnitOfMeasure>
      <bIsWeighted>0</bIsWeighted>
      <QtyInPackage>1</QtyInPackage>
      <ItemPrice>29.60</ItemPrice>
      <UnitOfMeasurePrice>14.8000</UnitOfMeasurePrice>
      <AllowDiscount>1</AllowDiscount>
      <ItemStatus>1</ItemStatus>
      <ItemId>92395</ItemId>
    </Item>
    <Item>
      <PriceUpdateDate>2015-10-04 10:18:26</PriceUpdateDate>
      <ItemCode>7290000197753</ItemCode>
      <ItemType>1</ItemType>
      <ItemName>ניילונית ניקול זוג</ItemName>
      <ManufacturerName>GTC</ManufacturerName>
      <ManufactureCountry>סין</ManufactureCountry>
      <ManufacturerItemDescription>ניילונית ניקול זוג                   X2</ManufacturerItemDescription>
      <UnitQty>מטרים</UnitQty>
      <Quantity>3000.00</Quantity>
      <UnitOfMeasure>מטר</UnitOfMeasure>
      <bIsWeighted>0</bIsWeighted>
      <QtyInPackage>1</QtyInPackage>
      <ItemPrice>13.80</ItemPrice>
      <UnitOfMeasurePrice>0.0046</UnitOfMeasurePrice>
      <AllowDiscount>1</AllowDiscount>
      <ItemStatus>1</ItemStatus>
      <ItemId>1120</ItemId>
    </Item>
    <Item>
      <PriceUpdateDate>2015-06-19 10:52:26</PriceUpdateDate>
      <ItemCode>7290000197821</ItemCode>
      <ItemType>1</ItemType>
      <ItemName>נייר אפייה לתנור</ItemName>
      <ManufacturerName>אופל</ManufacturerName>
      <ManufactureCountry>ישראל</ManufactureCountry>
      <ManufacturerItemDescription>נייר אפייה אפיפית לתנור 30 יח          "</ManufacturerItemDescription>
      <UnitQty>Unknown </UnitQty>
      <Quantity>0.00</Quantity>
      <UnitOfMeasure>Unknown </UnitOfMeasure>
      <bIsWeighted>0</bIsWeighted>
      <QtyInPackage>1</QtyInPackage>
      <ItemPrice>10.90</ItemPrice>
      <UnitOfMeasurePrice>0.0000</UnitOfMeasurePrice>
      <AllowDiscount>1</AllowDiscount>
      <ItemStatus>1</ItemStatus>
      <ItemId>1122</ItemId>
    </Item>
    <Item>
      <PriceUpdateDate>2015-10-04 10:18:02</PriceUpdateDate>
      <ItemCode>7290001985311</ItemCode>
      <ItemType>1</ItemType>
      <ItemName>מיני מגנום לבן+שקד</ItemName>
      <ManufacturerName>שטראוס גלידות</ManufacturerName>
      <ManufactureCountry>ישראל</ManufactureCountry>
      <ManufacturerItemDescription>מאגדת מיני מאגנום שקדים             1/5</ManufacturerItemDescription>
      <UnitQty>גרמים</UnitQty>
      <Quantity>288.00</Quantity>
      <UnitOfMeasure>100 גרם</UnitOfMeasure>
      <bIsWeighted>0</bIsWeighted>
      <QtyInPackage>1</QtyInPackage>
      <ItemPrice>28.40</ItemPrice>
      <UnitOfMeasurePrice>9.8611</UnitOfMeasurePrice>
      <AllowDiscount>1</AllowDiscount>
      <ItemStatus>1</ItemStatus>
      <ItemId>1129</ItemId>
    </Item>
    <Item>
      <PriceUpdateDate>2015-10-04 10:18:02</PriceUpdateDate>
      <ItemCode>7290001985502</ItemCode>
      <ItemType>1</ItemType>
      <ItemName>שלגון אבטיח</ItemName>
      <ManufacturerName>שטראוס</ManufacturerName>
      <ManufactureCountry>ישראל</ManufactureCountry>
      <ManufacturerItemDescription>שלגון אבטיח</ManufacturerItemDescription>
      <UnitQty>גרמים</UnitQty>
      <Quantity>106.00</Quantity>
      <UnitOfMeasure>100 גרם</UnitOfMeasure>
      <bIsWeighted>0</bIsWeighted>
      <QtyInPackage>1</QtyInPackage>
      <ItemPrice>5.80</ItemPrice>
      <UnitOfMeasurePrice>5.4717</UnitOfMeasurePrice>
      <AllowDiscount>1</AllowDiscount>
      <ItemStatus>1</ItemStatus>
      <ItemId>1130</ItemId>
    </Item>
    <Item>
      <PriceUpdateDate>2015-10-04 10:16:33</PriceUpdateDate>
      <ItemCode>7290002000143</ItemCode>
      <ItemType>1</ItemType>
      <ItemName>קרם ידיים קלאסיק</ItemName>
      <ManufacturerName>אינטרקוסמא</ManufacturerName>
      <ManufactureCountry>ישראל</ManufactureCountry>
      <ManufacturerItemDescription>פנגל קרם ידיים 80 גרם קלאסיק</ManufacturerItemDescription>
      <UnitQty>מיליליטרים</UnitQty>
      <Quantity>80.00</Quantity>
      <UnitOfMeasure>100 מ"ל</UnitOfMeasure>
      <bIsWeighted>0</bIsWeighted>
      <QtyInPackage>1</QtyInPackage>
      <ItemPrice>8.80</ItemPrice>
      <UnitOfMeasurePrice>11.0000</UnitOfMeasurePrice>
      <AllowDiscount>1</AllowDiscount>
      <ItemStatus>1</ItemStatus>
      <ItemId>1147</ItemId>
    </Item>
    <Item>
      <PriceUpdateDate>2015-12-30 08:02:58</PriceUpdateDate>
      <ItemCode>7290002007005</ItemCode>
      <ItemType>1</ItemType>
      <ItemName>פרג טחון 100 גרם</ItemName>
      <ManufacturerName>הנמל</ManufacturerName>
      <ManufactureCountry>ישראל</ManufactureCountry>
      <ManufacturerItemDescription>פרג טחון 100 גרם</ManufacturerItemDescription>
      <UnitQty>גרמים</UnitQty>
      <Quantity>100.00</Quantity>
      <UnitOfMeasure>100 גרם</UnitOfMeasure>
      <bIsWeighted>0</bIsWeighted>
      <QtyInPackage>1</QtyInPackage>
      <ItemPrice>3.50</ItemPrice>
      <UnitOfMeasurePrice>3.5000</UnitOfMeasurePrice>
      <AllowDiscount>1</AllowDiscount>
      <ItemStatus>1</ItemStatus>
      <ItemId>1180</ItemId>
    </Item>
    <Item>
      <PriceUpdateDate>2015-07-30 12:19:32</PriceUpdateDate>
      <ItemCode>7290002007852</ItemCode>
      <ItemType>1</ItemType>
      <ItemName>תמצית אפיה וניל</ItemName>
      <ManufacturerName>ממתקי עלה</ManufacturerName>
      <ManufactureCountry>ישראל</ManufactureCountry>
      <ManufacturerItemDescription>תמצית אפיה וניל55 מל                   .</ManufacturerItemDescription>
      <UnitQty>מיליליטרים</UnitQty>
      <Quantity>55.00</Quantity>
      <UnitOfMeasure>100 מ"ל</UnitOfMeasure>
      <bIsWeighted>0</bIsWeighted>
      <QtyInPackage>1</QtyInPackage>
      <ItemPrice>3.90</ItemPrice>
      <UnitOfMeasurePrice>7.0909</UnitOfMeasurePrice>
      <AllowDiscount>1</AllowDiscount>
      <ItemStatus>1</ItemStatus>
      <ItemId>1190</ItemId>
    </Item>
    <Item>
      <PriceUpdateDate>2015-01-01 00:00:00</PriceUpdateDate>
      <ItemCode>7290002008040</ItemCode>
      <ItemType>1</ItemType>
      <ItemName>שיפודי עץ</ItemName>
      <ManufacturerName>גרנג יוניברס,הונג-קו</ManufacturerName>
      <ManufactureCountry>סין</ManufactureCountry>
      <ManufacturerItemDescription>שיפודי עץ30 סמ                         .</ManufacturerItemDescription>
      <UnitQty>Unknown </UnitQty>
      <Quantity>0.00</Quantity>
      <UnitOfMeasure>Unknown </UnitOfMeasure>
      <bIsWeighted>0</bIsWeighted>
      <QtyInPackage>1</QtyInPackage>
      <ItemPrice>3.50</ItemPrice>
      <UnitOfMeasurePrice>0.0000</UnitOfMeasurePrice>
      <AllowDiscount>1</AllowDiscount>
      <ItemStatus>1</ItemStatus>
      <ItemId>1194</ItemId>
    </Item>
    <Item>
      <PriceUpdateDate>2015-07-30 12:19:32</PriceUpdateDate>
      <ItemCode>7290002008057</ItemCode>
      <ItemType>1</ItemType>
      <ItemName>תמצית אפיה רום</ItemName>
      <ManufacturerName>ממתקי עלה</ManufacturerName>
      <ManufactureCountry>ישראל</ManufactureCountry>
      <ManufacturerItemDescription>תמצית אפיה רום55 מל                    .</ManufacturerItemDescription>
      <UnitQty>מיליליטרים</UnitQty>
      <Quantity>55.00</Quantity>
      <UnitOfMeasure>100 מ"ל</UnitOfMeasure>
      <bIsWeighted>0</bIsWeighted>
      <QtyInPackage>1</QtyInPackage>
      <ItemPrice>3.90</ItemPrice>
      <UnitOfMeasurePrice>7.0909</UnitOfMeasurePrice>
      <AllowDiscount>1</AllowDiscount>
      <ItemStatus>1</ItemStatus>
      <ItemId>1195</ItemId>
    </Item>
    <Item>
      <PriceUpdateDate>2015-08-14 09:03:43</PriceUpdateDate>
      <ItemCode>7290002008071</ItemCode>
      <ItemType>1</ItemType>
      <ItemName>גביעי נייר  מס    .2</ItemName>
      <ManufacturerName>שיווק הנמל</ManufacturerName>
      <ManufactureCountry>ישראל</ManufactureCountry>
      <ManufacturerItemDescription>גביעי ניר מס                    2 .1/100</ManufacturerItemDescription>
      <UnitQty>Unknown </UnitQty>
      <Quantity>0.00</Quantity>
      <UnitOfMeasure>Unknown </UnitOfMeasure>
      <bIsWeighted>0</bIsWeighted>
      <QtyInPackage>1</QtyInPackage>
      <ItemPrice>4.90</ItemPrice>
      <UnitOfMeasurePrice>0.0000</UnitOfMeasurePrice>
      <AllowDiscount>1</AllowDiscount>
      <ItemStatus>1</ItemStatus>
      <ItemId>1196</ItemId>
    </Item>
    <Item>
      <PriceUpdateDate>2015-08-03 07:56:07</PriceUpdateDate>
      <ItemCode>7290002008187</ItemCode>
      <ItemType>1</ItemType>
      <ItemName>קש שתיה מתקפלים</ItemName>
      <ManufacturerName>הונג טונג</ManufacturerName>
      <ManufactureCountry>סין</ManufactureCountry>
      <ManufacturerItemDescription>קש שתיה מתקפלים 40 יח                  .</ManufacturerItemDescription>
      <UnitQty>Unknown </UnitQty>
      <Quantity>0.00</Quantity>
      <UnitOfMeasure>Unknown </UnitOfMeasure>
      <bIsWeighted>0</bIsWeighted>
      <QtyInPackage>1</QtyInPackage>
      <ItemPrice>1.70</ItemPrice>
      <UnitOfMeasurePrice>0.0000</UnitOfMeasurePrice>
      <AllowDiscount>1</AllowDiscount>
      <ItemStatus>1</ItemStatus>
      <ItemId>1199</ItemId>
    </Item>
    <Item>
      <PriceUpdateDate>2015-07-30 12:19:34</PriceUpdateDate>
      <ItemCode>7290002008224</ItemCode>
      <ItemType>1</ItemType>
      <ItemName>סוכריות מזרה לעוגה ע</ItemName>
      <ManufacturerName>ממתקי עלה</ManufacturerName>
      <ManufactureCountry>ישראל</ManufactureCountry>
      <ManufacturerItemDescription>סוכריות מזרה לעוגה עגול צבע</ManufacturerItemDescription>
      <UnitQty>גרמים</UnitQty>
      <Quantity>100.00</Quantity>
      <UnitOfMeasure>100 גרם</UnitOfMeasure>
      <bIsWeighted>0</bIsWeighted>
      <QtyInPackage>1</QtyInPackage>
      <ItemPrice>6.50</ItemPrice>
      <UnitOfMeasurePrice>6.5000</UnitOfMeasurePrice>
      <AllowDiscount>1</AllowDiscount>
      <ItemStatus>1</ItemStatus>
      <ItemId>1201</ItemId>
    </Item>
    <Item>
      <PriceUpdateDate>2015-01-01 00:00:00</PriceUpdateDate>
      <ItemCode>7290002008309</ItemCode>
      <ItemType>1</ItemType>
      <ItemName>גביעי נייר מס     .4</ItemName>
      <ManufacturerName>התשבי עיצובי ניר בע"</ManufacturerName>
      <ManufactureCountry>ישראל</ManufactureCountry>
      <ManufacturerItemDescription>גביעי ניר באריזת קרטון מס            4 .</ManufacturerItemDescription>
      <UnitQty>Unknown </UnitQty>
      <Quantity>0.00</Quantity>
      <UnitOfMeasure>Unknown </UnitOfMeasure>
      <bIsWeighted>0</bIsWeighted>
      <QtyInPackage>1</QtyInPackage>
      <ItemPrice>5.50</ItemPrice>
      <UnitOfMeasurePrice>0.0000</UnitOfMeasurePrice>
      <AllowDiscount>1</AllowDiscount>
      <ItemStatus>1</ItemStatus>
      <ItemId>1203</ItemId>
    </Item>
    <Item>
      <PriceUpdateDate>2015-07-30 12:19:32</PriceUpdateDate>
      <ItemCode>7290002008743</ItemCode>
      <ItemType>1</ItemType>
      <ItemName>סוכר וניל</ItemName>
      <ManufacturerName>ר.ס חברה ליבוא ויצור</ManufacturerName>
      <ManufactureCountry>ישראל</ManufactureCountry>
      <ManufacturerItemDescription>סוכר וניל                          1/10</ManufacturerItemDescription>
      <UnitQty>גרמים</UnitQty>
      <Quantity>100.00</Quantity>
      <UnitOfMeasure>100 גרם</UnitOfMeasure>
      <bIsWeighted>0</bIsWeighted>
      <QtyInPackage>1</QtyInPackage>
      <ItemPrice>3.00</ItemPrice>
      <UnitOfMeasurePrice>3.0000</UnitOfMeasurePrice>
      <AllowDiscount>1</AllowDiscount>
      <ItemStatus>1</ItemStatus>
      <ItemId>1210</ItemId>
    </Item>
    <Item>
      <PriceUpdateDate>2016-03-10 08:03:21</PriceUpdateDate>
      <ItemCode>7290000060811</ItemCode>
      <ItemType>1</ItemType>
      <ItemName>אקסטרים מטבע ענק</ItemName>
      <ManufacturerName>נגה גלידות</ManufacturerName>
      <ManufactureCountry>לא ידוע</ManufactureCountry>
      <ManufacturerItemDescription>אקסטרים מטבע ענק</ManufacturerItemDescription>
      <UnitQty>גרמים</UnitQty>
      <Quantity>120.00</Quantity>
      <UnitOfMeasure>100 גרם</UnitOfMeasure>
      <bIsWeighted>0</bIsWeighted>
      <QtyInPackage>1</QtyInPackage>
      <ItemPrice>11.80</ItemPrice>
      <UnitOfMeasurePrice>9.8333</UnitOfMeasurePrice>
      <AllowDiscount>1</AllowDiscount>
      <ItemStatus>1</ItemStatus>
      <ItemId>87185</ItemId>
    </Item>
    <Item>
      <PriceUpdateDate>2015-01-01 00:00:00</PriceUpdateDate>
      <ItemCode>7290002019787</ItemCode>
      <ItemType>1</ItemType>
      <ItemName>רסק עגבניות     22%</ItemName>
      <ManufacturerName>פריניר (הדס 1987) בע</ManufacturerName>
      <ManufactureCountry>ישראל</ManufactureCountry>
      <ManufacturerItemDescription>רסק עגבניות 260 22% גרם</ManufacturerItemDescription>
      <UnitQty>גרמים</UnitQty>
      <Quantity>260.00</Quantity>
      <UnitOfMeasure>100 גרם</UnitOfMeasure>
      <bIsWeighted>0</bIsWeighted>
      <QtyInPackage>1</QtyInPackage>
      <ItemPrice>3.90</ItemPrice>
      <UnitOfMeasurePrice>1.5000</UnitOfMeasurePrice>
      <AllowDiscount>1</AllowDiscount>
      <ItemStatus>1</ItemStatus>
      <ItemId>1246</ItemId>
    </Item>
    <Item>
      <PriceUpdateDate>2015-01-01 00:00:00</PriceUpdateDate>
      <ItemCode>7290002019794</ItemCode>
      <ItemType>1</ItemType>
      <ItemName>רסק עגבניות     22%</ItemName>
      <ManufacturerName>פרי ניר</ManufacturerName>
      <ManufactureCountry>ישראל</ManufactureCountry>
      <ManufacturerItemDescription>רסק עגבניות 100 22% גר</ManufacturerItemDescription>
      <UnitQty>גרמים</UnitQty>
      <Quantity>100.00</Quantity>
      <UnitOfMeasure>100 גרם</UnitOfMeasure>
      <bIsWeighted>0</bIsWeighted>
      <QtyInPackage>1</QtyInPackage>
      <ItemPrice>1.90</ItemPrice>
      <UnitOfMeasurePrice>1.9000</UnitOfMeasurePrice>
      <AllowDiscount>1</AllowDiscount>
      <ItemStatus>1</ItemStatus>
      <ItemId>1247</ItemId>
    </Item>
    <Item>
      <PriceUpdateDate>2015-10-04 10:18:26</PriceUpdateDate>
      <ItemCode>7290000204215</ItemCode>
      <ItemType>1</ItemType>
      <ItemName>כרית יפנית שישייה</ItemName>
      <ManufacturerName>פלסטו פוליש</ManufacturerName>
      <ManufactureCountry>ישראל</ManufactureCountry>
      <ManufacturerItemDescription>כרית יפנית 2+4 ניקול</ManufacturerItemDescription>
      <UnitQty>Unknown </UnitQty>
      <Quantity>0.00</Quantity>
      <UnitOfMeasure>Unknown </UnitOfMeasure>
      <bIsWeighted>0</bIsWeighted>
      <QtyInPackage>1</QtyInPackage>
      <ItemPrice>11.80</ItemPrice>
      <UnitOfMeasurePrice>0.0000</UnitOfMeasurePrice>
      <AllowDiscount>1</AllowDiscount>
      <ItemStatus>1</ItemStatus>
      <ItemId>1309</ItemId>
    </Item>
    <Item>
      <PriceUpdateDate>2015-10-04 10:18:26</PriceUpdateDate>
      <ItemCode>7290000204253</ItemCode>
      <ItemType>1</ItemType>
      <ItemName>מטלית ניקול     1/9</ItemName>
      <ManufacturerName>נועם אורים</ManufacturerName>
      <ManufactureCountry>ישראל</ManufactureCountry>
      <ManufacturerItemDescription>מטלית ניקול                         1/9</ManufacturerItemDescription>
      <UnitQty>Unknown </UnitQty>
      <Quantity>0.00</Quantity>
      <UnitOfMeasure>Unknown </UnitOfMeasure>
      <bIsWeighted>0</bIsWeighted>
      <QtyInPackage>1</QtyInPackage>
      <ItemPrice>11.80</ItemPrice>
      <UnitOfMeasurePrice>0.0000</UnitOfMeasurePrice>
      <AllowDiscount>1</AllowDiscount>
      <ItemStatus>1</ItemStatus>
      <ItemId>1312</ItemId>
    </Item>
    <Item>
      <PriceUpdateDate>2015-10-04 10:18:03</PriceUpdateDate>
      <ItemCode>7290014603660</ItemCode>
      <ItemType>1</ItemType>
      <ItemName>מאגדת מיני בראוניז</ItemName>
      <ManufacturerName>שטראוס גלידות</ManufacturerName>
      <ManufactureCountry>ישראל</ManufactureCountry>
      <ManufacturerItemDescription>מאגדת מיני מגנום בראוניז</ManufacturerItemDescription>
      <UnitQty>גרמים</UnitQty>
      <Quantity>265.00</Quantity>
      <UnitOfMeasure>100 גרם</UnitOfMeasure>
      <bIsWeighted>0</bIsWeighted>
      <QtyInPackage>1</QtyInPackage>
      <ItemPrice>29.50</ItemPrice>
      <UnitOfMeasurePrice>11.1321</UnitOfMeasurePrice>
      <AllowDiscount>1</AllowDiscount>
      <ItemStatus>1</ItemStatus>
      <ItemId>92524</ItemId>
    </Item>
    <Item>
      <PriceUpdateDate>2015-01-01 00:00:00</PriceUpdateDate>
      <ItemCode>5712341063198</ItemCode>
      <ItemType>1</ItemType>
      <ItemName>טבק לגלגול באלי צהוב</ItemName>
      <ManufacturerName>S.T.G</ManufacturerName>
      <ManufactureCountry>לא ידוע</ManufactureCountry>
      <ManufacturerItemDescription>טבק לגלגול באלי צהוב סופר עדין</ManufacturerItemDescription>
      <UnitQty>גרמים</UnitQty>
      <Quantity>40.00</Quantity>
      <UnitOfMeasure>100 גרם</UnitOfMeasure>
      <bIsWeighted>0</bIsWeighted>
      <QtyInPackage>1</QtyInPackage>
      <ItemPrice>44.90</ItemPrice>
      <UnitOfMeasurePrice>112.2500</UnitOfMeasurePrice>
      <AllowDiscount>1</AllowDiscount>
      <ItemStatus>1</ItemStatus>
      <ItemId>89112</ItemId>
    </Item>
    <Item>
      <PriceUpdateDate>2015-10-04 10:17:01</PriceUpdateDate>
      <ItemCode>7290000166711</ItemCode>
      <ItemType>1</ItemType>
      <ItemName>שוגי 20% פחות סוכר</ItemName>
      <ManufacturerName>אתר שפע - Food</ManufacturerName>
      <ManufactureCountry>ישראל</ManufactureCountry>
      <ManufacturerItemDescription>שוגי 20% פחות סוכר 500 גרם</ManufacturerItemDescription>
      <UnitQty>גרמים</UnitQty>
      <Quantity>500.00</Quantity>
      <UnitOfMeasure>100 גרם</UnitOfMeasure>
      <bIsWeighted>0</bIsWeighted>
      <QtyInPackage>1</QtyInPackage>
      <ItemPrice>25.70</ItemPrice>
      <UnitOfMeasurePrice>5.1400</UnitOfMeasurePrice>
      <AllowDiscount>1</AllowDiscount>
      <ItemStatus>1</ItemStatus>
      <ItemId>85657</ItemId>
    </Item>
    <Item>
      <PriceUpdateDate>2015-10-04 10:18:42</PriceUpdateDate>
      <ItemCode>7290002065555</ItemCode>
      <ItemType>1</ItemType>
      <ItemName>לחמניות ארוכות  1/6</ItemName>
      <ManufacturerName>מאפיית אנג'ל</ManufacturerName>
      <ManufactureCountry>ישראל</ManufactureCountry>
      <ManufacturerItemDescription>לחמניות ארוכות 450 1/6 גר              .</ManufacturerItemDescription>
      <UnitQty>גרמים</UnitQty>
      <Quantity>450.00</Quantity>
      <UnitOfMeasure>100 גרם</UnitOfMeasure>
      <bIsWeighted>0</bIsWeighted>
      <QtyInPackage>6</QtyInPackage>
      <ItemPrice>11.40</ItemPrice>
      <UnitOfMeasurePrice>2.5333</UnitOfMeasurePrice>
      <AllowDiscount>1</AllowDiscount>
      <ItemStatus>1</ItemStatus>
      <ItemId>1376</ItemId>
    </Item>
    <Item>
      <PriceUpdateDate>2015-07-14 17:14:18</PriceUpdateDate>
      <ItemCode>7290000207162</ItemCode>
      <ItemType>1</ItemType>
      <ItemName>רסק עגבניות 100 גר</ItemName>
      <ManufacturerName>יכין</ManufacturerName>
      <ManufactureCountry>ישראל</ManufactureCountry>
      <ManufacturerItemDescription>רסק עגבניות 100 גר</ManufacturerItemDescription>
      <UnitQty>גרמים</UnitQty>
      <Quantity>100.00</Quantity>
      <UnitOfMeasure>100 גרם</UnitOfMeasure>
      <bIsWeighted>0</bIsWeighted>
      <QtyInPackage>1</QtyInPackage>
      <ItemPrice>2.20</ItemPrice>
      <UnitOfMeasurePrice>2.2000</UnitOfMeasurePrice>
      <AllowDiscount>1</AllowDiscount>
      <ItemStatus>1</ItemStatus>
      <ItemId>1386</ItemId>
    </Item>
    <Item>
      <PriceUpdateDate>2015-10-04 10:18:15</PriceUpdateDate>
      <ItemCode>7290002107491</ItemCode>
      <ItemType>1</ItemType>
      <ItemName>גבינת עיזים       5%</ItemName>
      <ManufacturerName>מחלבת משק צוריאל</ManufacturerName>
      <ManufactureCountry>ישראל</ManufactureCountry>
      <ManufacturerItemDescription>גבינת עיזים 5% למריחה טעם טבעי</ManufacturerItemDescription>
      <UnitQty>גרמים</UnitQty>
      <Quantity>250.00</Quantity>
      <UnitOfMeasure>100 גרם</UnitOfMeasure>
      <bIsWeighted>0</bIsWeighted>
      <QtyInPackage>1</QtyInPackage>
      <ItemPrice>15.40</ItemPrice>
      <UnitOfMeasurePrice>6.1600</UnitOfMeasurePrice>
      <AllowDiscount>1</AllowDiscount>
      <ItemStatus>1</ItemStatus>
      <ItemId>1456</ItemId>
    </Item>
    <Item>
      <PriceUpdateDate>2015-10-04 10:18:32</PriceUpdateDate>
      <ItemCode>7290019297239</ItemCode>
      <ItemType>1</ItemType>
      <ItemName>צימוק חום בקופסא</ItemName>
      <ManufacturerName>דין שיווק וקליה בע"מ</ManufacturerName>
      <ManufactureCountry>ארצות הברית</ManufactureCountry>
      <ManufacturerItemDescription>צימוק חום בקופסא</ManufacturerItemDescription>
      <UnitQty>גרמים</UnitQty>
      <Quantity>330.00</Quantity>
      <UnitOfMeasure>100 גרם</UnitOfMeasure>
      <bIsWeighted>0</bIsWeighted>
      <QtyInPackage>1</QtyInPackage>
      <ItemPrice>15.70</ItemPrice>
      <UnitOfMeasurePrice>4.7576</UnitOfMeasurePrice>
      <AllowDiscount>1</AllowDiscount>
      <ItemStatus>1</ItemStatus>
      <ItemId>99674</ItemId>
    </Item>
    <Item>
      <PriceUpdateDate>2015-10-04 10:18:15</PriceUpdateDate>
      <ItemCode>7290002107965</ItemCode>
      <ItemType>1</ItemType>
      <ItemName>גבינה טבורוג     5%</ItemName>
      <ManufacturerName>מחלבת משק צוריאל</ManufacturerName>
      <ManufactureCountry>ישראל</ManufactureCountry>
      <ManufacturerItemDescription>גבינה טבורוג 500 5% גר                 .</ManufacturerItemDescription>
      <UnitQty>גרמים</UnitQty>
      <Quantity>500.00</Quantity>
      <UnitOfMeasure>100 גרם</UnitOfMeasure>
      <bIsWeighted>0</bIsWeighted>
      <QtyInPackage>1</QtyInPackage>
      <ItemPrice>25.50</ItemPrice>
      <UnitOfMeasurePrice>5.1000</UnitOfMeasurePrice>
      <AllowDiscount>1</AllowDiscount>
      <ItemStatus>1</ItemStatus>
      <ItemId>1465</ItemId>
    </Item>
    <Item>
      <PriceUpdateDate>2015-01-01 00:00:00</PriceUpdateDate>
      <ItemCode>7290000211312</ItemCode>
      <ItemType>1</ItemType>
      <ItemName>אורז מלא אחד אחד</ItemName>
      <ManufacturerName>סוגת</ManufacturerName>
      <ManufactureCountry>לא ידוע</ManufactureCountry>
      <ManufacturerItemDescription>אורז מלא אחד אחד1 קג                   .</ManufacturerItemDescription>
      <UnitQty>קילוגרמים</UnitQty>
      <Quantity>1.00</Quantity>
      <UnitOfMeasure>ק"ג</UnitOfMeasure>
      <bIsWeighted>0</bIsWeighted>
      <QtyInPackage>1</QtyInPackage>
      <ItemPrice>10.80</ItemPrice>
      <UnitOfMeasurePrice>10.8000</UnitOfMeasurePrice>
      <AllowDiscount>1</AllowDiscount>
      <ItemStatus>1</ItemStatus>
      <ItemId>1470</ItemId>
    </Item>
    <Item>
      <PriceUpdateDate>2015-11-12 10:52:11</PriceUpdateDate>
      <ItemCode>7290000211442</ItemCode>
      <ItemType>1</ItemType>
      <ItemName>אורז פרסי אחד אחד  .</ItemName>
      <ManufacturerName>סוגת</ManufacturerName>
      <ManufactureCountry>לא ידוע</ManufactureCountry>
      <ManufacturerItemDescription>אורז פרסי אחד אחד1 קג</ManufacturerItemDescription>
      <UnitQty>קילוגרמים</UnitQty>
      <Quantity>1.00</Quantity>
      <UnitOfMeasure>ק"ג</UnitOfMeasure>
      <bIsWeighted>0</bIsWeighted>
      <QtyInPackage>1</QtyInPackage>
      <ItemPrice>9.50</ItemPrice>
      <UnitOfMeasurePrice>9.5000</UnitOfMeasurePrice>
      <AllowDiscount>1</AllowDiscount>
      <ItemStatus>1</ItemStatus>
      <ItemId>1475</ItemId>
    </Item>
    <Item>
      <PriceUpdateDate>2016-07-14 06:58:47</PriceUpdateDate>
      <ItemCode>7290000211503</ItemCode>
      <ItemType>1</ItemType>
      <ItemName>סוכר לבן ארוז בשקית</ItemName>
      <ManufacturerName>סוגת</ManufacturerName>
      <ManufactureCountry>לא ידוע</ManufactureCountry>
      <ManufacturerItemDescription>סוכר לבן ארוז בשקית 1 ק"ג</ManufacturerItemDescription>
      <UnitQty>קילוגרמים</UnitQty>
      <Quantity>1.00</Quantity>
      <UnitOfMeasure>ק"ג</UnitOfMeasure>
      <bIsWeighted>0</bIsWeighted>
      <QtyInPackage>1</QtyInPackage>
      <ItemPrice>4.40</ItemPrice>
      <UnitOfMeasurePrice>4.4000</UnitOfMeasurePrice>
      <AllowDiscount>1</AllowDiscount>
      <ItemStatus>1</ItemStatus>
      <ItemId>1476</ItemId>
    </Item>
    <Item>
      <PriceUpdateDate>2015-01-01 00:00:00</PriceUpdateDate>
      <ItemCode>7290000211985</ItemCode>
      <ItemType>1</ItemType>
      <ItemName>אורז עגול</ItemName>
      <ManufacturerName>סוגת</ManufacturerName>
      <ManufactureCountry>לא ידוע</ManufactureCountry>
      <ManufacturerItemDescription>אורז עגול1 קג</ManufacturerItemDescription>
      <UnitQty>קילוגרמים</UnitQty>
      <Quantity>1.00</Quantity>
      <UnitOfMeasure>ק"ג</UnitOfMeasure>
      <bIsWeighted>0</bIsWeighted>
      <QtyInPackage>1</QtyInPackage>
      <ItemPrice>10.00</ItemPrice>
      <UnitOfMeasurePrice>10.0000</UnitOfMeasurePrice>
      <AllowDiscount>1</AllowDiscount>
      <ItemStatus>1</ItemStatus>
      <ItemId>1485</ItemId>
    </Item>
    <Item>
      <PriceUpdateDate>2015-10-04 10:16:42</PriceUpdateDate>
      <ItemCode>7290002130567</ItemCode>
      <ItemType>1</ItemType>
      <ItemName>דבש דבורים טהור</ItemName>
      <ManufacturerName>שטראוס גרופ</ManufacturerName>
      <ManufactureCountry>ישראל</ManufactureCountry>
      <ManufacturerItemDescription>דבש דבורים טהור350 גר                  .</ManufacturerItemDescription>
      <UnitQty>גרמים</UnitQty>
      <Quantity>350.00</Quantity>
      <UnitOfMeasure>100 גרם</UnitOfMeasure>
      <bIsWeighted>0</bIsWeighted>
      <QtyInPackage>1</QtyInPackage>
      <ItemPrice>22.50</ItemPrice>
      <UnitOfMeasurePrice>6.4286</UnitOfMeasurePrice>
      <AllowDiscount>1</AllowDiscount>
      <ItemStatus>1</ItemStatus>
      <ItemId>1514</ItemId>
    </Item>
    <Item>
      <PriceUpdateDate>2016-07-20 06:58:10</PriceUpdateDate>
      <ItemCode>7290002132011</ItemCode>
      <ItemType>1</ItemType>
      <ItemName>עוגיות מזרחיות</ItemName>
      <ManufacturerName>עבאדי</ManufacturerName>
      <ManufactureCountry>ישראל</ManufactureCountry>
      <ManufacturerItemDescription>עוגיות מזרחיות עבאדי500 גר             .</ManufacturerItemDescription>
      <UnitQty>גרמים</UnitQty>
      <Quantity>500.00</Quantity>
      <UnitOfMeasure>100 גרם</UnitOfMeasure>
      <bIsWeighted>0</bIsWeighted>
      <QtyInPackage>1</QtyInPackage>
      <ItemPrice>19.90</ItemPrice>
      <UnitOfMeasurePrice>3.9800</UnitOfMeasurePrice>
      <AllowDiscount>1</AllowDiscount>
      <ItemStatus>1</ItemStatus>
      <ItemId>1518</ItemId>
    </Item>
    <Item>
      <PriceUpdateDate>2015-10-04 10:17:04</PriceUpdateDate>
      <ItemCode>7290002155201</ItemCode>
      <ItemType>1</ItemType>
      <ItemName>קמח תפוח אדמה</ItemName>
      <ManufacturerName>ארזינא</ManufacturerName>
      <ManufactureCountry>ישראל</ManufactureCountry>
      <ManufacturerItemDescription>קמח ת.אדמה 500 גר                      .</ManufacturerItemDescription>
      <UnitQty>גרמים</UnitQty>
      <Quantity>500.00</Quantity>
      <UnitOfMeasure>100 גרם</UnitOfMeasure>
      <bIsWeighted>0</bIsWeighted>
      <QtyInPackage>1</QtyInPackage>
      <ItemPrice>7.20</ItemPrice>
      <UnitOfMeasurePrice>1.4400</UnitOfMeasurePrice>
      <AllowDiscount>1</AllowDiscount>
      <ItemStatus>1</ItemStatus>
      <ItemId>1536</ItemId>
    </Item>
    <Item>
      <PriceUpdateDate>2016-06-07 07:34:58</PriceUpdateDate>
      <ItemCode>7290002196730</ItemCode>
      <ItemType>1</ItemType>
      <ItemName>חרוסת תמרים ואגוזים</ItemName>
      <ManufacturerName>משק לין</ManufacturerName>
      <ManufactureCountry>לא ידוע</ManufactureCountry>
      <ManufacturerItemDescription>חרוסת תמרים ואגוזים 250 גרם</ManufacturerItemDescription>
      <UnitQty>גרמים</UnitQty>
      <Quantity>250.00</Quantity>
      <UnitOfMeasure>100 גרם</UnitOfMeasure>
      <bIsWeighted>0</bIsWeighted>
      <QtyInPackage>1</QtyInPackage>
      <ItemPrice>13.90</ItemPrice>
      <UnitOfMeasurePrice>5.5600</UnitOfMeasurePrice>
      <AllowDiscount>1</AllowDiscount>
      <ItemStatus>1</ItemStatus>
      <ItemId>1571</ItemId>
    </Item>
    <Item>
      <PriceUpdateDate>2015-10-04 10:18:17</PriceUpdateDate>
      <ItemCode>7290002253006</ItemCode>
      <ItemType>1</ItemType>
      <ItemName>שום כתוש דורות בצנצנ</ItemName>
      <ManufacturerName>דורות</ManufacturerName>
      <ManufactureCountry>לא ידוע</ManufactureCountry>
      <ManufacturerItemDescription>שום כתוש דורות בצנצנת 200 גר           .</ManufacturerItemDescription>
      <UnitQty>גרמים</UnitQty>
      <Quantity>200.00</Quantity>
      <UnitOfMeasure>100 גרם</UnitOfMeasure>
      <bIsWeighted>0</bIsWeighted>
      <QtyInPackage>1</QtyInPackage>
      <ItemPrice>16.10</ItemPrice>
      <UnitOfMeasurePrice>8.0500</UnitOfMeasurePrice>
      <AllowDiscount>1</AllowDiscount>
      <ItemStatus>1</ItemStatus>
      <ItemId>1693</ItemId>
    </Item>
    <Item>
      <PriceUpdateDate>2015-01-01 00:00:00</PriceUpdateDate>
      <ItemCode>7290002331025</ItemCode>
      <ItemType>1</ItemType>
      <ItemName>נביעות 1/2 ליטר</ItemName>
      <ManufacturerName>נביעות</ManufacturerName>
      <ManufactureCountry>לא ידוע</ManufactureCountry>
      <ManufacturerItemDescription>נביעות1/2 ל.ספורט</ManufacturerItemDescription>
      <UnitQty>מיליליטרים</UnitQty>
      <Quantity>500.00</Quantity>
      <UnitOfMeasure>100 מ"ל</UnitOfMeasure>
      <bIsWeighted>0</bIsWeighted>
      <QtyInPackage>1</QtyInPackage>
      <ItemPrice>5.30</ItemPrice>
      <UnitOfMeasurePrice>1.0600</UnitOfMeasurePrice>
      <AllowDiscount>1</AllowDiscount>
      <ItemStatus>1</ItemStatus>
      <ItemId>1841</ItemId>
    </Item>
    <Item>
      <PriceUpdateDate>2015-01-01 00:00:00</PriceUpdateDate>
      <ItemCode>7290002331094</ItemCode>
      <ItemType>1</ItemType>
      <ItemName>נביעות        TO GO</ItemName>
      <ManufacturerName>נביעות</ManufacturerName>
      <ManufactureCountry>לא ידוע</ManufactureCountry>
      <ManufacturerItemDescription>נביעות755 TO GO מל מים מינרלים</ManufacturerItemDescription>
      <UnitQty>מיליליטרים</UnitQty>
      <Quantity>755.00</Quantity>
      <UnitOfMeasure>100 מ"ל</UnitOfMeasure>
      <bIsWeighted>0</bIsWeighted>
      <QtyInPackage>1</QtyInPackage>
      <ItemPrice>5.40</ItemPrice>
      <UnitOfMeasurePrice>0.7152</UnitOfMeasurePrice>
      <AllowDiscount>1</AllowDiscount>
      <ItemStatus>1</ItemStatus>
      <ItemId>1842</ItemId>
    </Item>
    <Item>
      <PriceUpdateDate>2015-06-08 11:22:10</PriceUpdateDate>
      <ItemCode>7290002331162</ItemCode>
      <ItemType>1</ItemType>
      <ItemName>נביעות 1.5 ליטר</ItemName>
      <ManufacturerName>נביעות</ManufacturerName>
      <ManufactureCountry>ישראל</ManufactureCountry>
      <ManufacturerItemDescription>נביעות1.5 ל .מים מינרלים</ManufacturerItemDescription>
      <UnitQty>ליטרים</UnitQty>
      <Quantity>1.50</Quantity>
      <UnitOfMeasure>ליטר</UnitOfMeasure>
      <bIsWeighted>0</bIsWeighted>
      <QtyInPackage>1</QtyInPackage>
      <ItemPrice>3.30</ItemPrice>
      <UnitOfMeasurePrice>2.2000</UnitOfMeasurePrice>
      <AllowDiscount>1</AllowDiscount>
      <ItemStatus>1</ItemStatus>
      <ItemId>1843</ItemId>
    </Item>
    <Item>
      <PriceUpdateDate>2015-01-01 00:00:00</PriceUpdateDate>
      <ItemCode>7290002331322</ItemCode>
      <ItemType>1</ItemType>
      <ItemName>מים מינרלים     1/6</ItemName>
      <ManufacturerName>נביעות</ManufacturerName>
      <ManufactureCountry>ישראל</ManufactureCountry>
      <ManufacturerItemDescription>נביעות 1.5 1/6 מים מינרלים</ManufacturerItemDescription>
      <UnitQty>ליטרים</UnitQty>
      <Quantity>9.00</Quantity>
      <UnitOfMeasure>ליטר</UnitOfMeasure>
      <bIsWeighted>0</bIsWeighted>
      <QtyInPackage>6</QtyInPackage>
      <ItemPrice>11.90</ItemPrice>
      <UnitOfMeasurePrice>1.3222</UnitOfMeasurePrice>
      <AllowDiscount>1</AllowDiscount>
      <ItemStatus>1</ItemStatus>
      <ItemId>1846</ItemId>
    </Item>
    <Item>
      <PriceUpdateDate>2015-01-01 00:00:00</PriceUpdateDate>
      <ItemCode>7290002331360</ItemCode>
      <ItemType>1</ItemType>
      <ItemName>נביעות        TO GO</ItemName>
      <ManufacturerName>נביעות</ManufacturerName>
      <ManufactureCountry>ישראל</ManufactureCountry>
      <ManufacturerItemDescription>נביעות TO GO מל                 500 1/6</ManufacturerItemDescription>
      <UnitQty>ליטרים</UnitQty>
      <Quantity>3.00</Quantity>
      <UnitOfMeasure>ליטר</UnitOfMeasure>
      <bIsWeighted>0</bIsWeighted>
      <QtyInPackage>6</QtyInPackage>
      <ItemPrice>16.70</ItemPrice>
      <UnitOfMeasurePrice>5.5667</UnitOfMeasurePrice>
      <AllowDiscount>1</AllowDiscount>
      <ItemStatus>1</ItemStatus>
      <ItemId>1847</ItemId>
    </Item>
    <Item>
      <PriceUpdateDate>2015-10-04 10:20:51</PriceUpdateDate>
      <ItemCode>7290002348061</ItemCode>
      <ItemType>1</ItemType>
      <ItemName>פטריות חתוכות הודו ו</ItemName>
      <ManufacturerName>פרנס שמפיניון</ManufacturerName>
      <ManufactureCountry>צרפת</ManufactureCountry>
      <ManufacturerItemDescription>פטריות חתוכות הודו ויליגר400גר</ManufacturerItemDescription>
      <UnitQty>גרמים</UnitQty>
      <Quantity>400.00</Quantity>
      <UnitOfMeasure>100 גרם</UnitOfMeasure>
      <bIsWeighted>0</bIsWeighted>
      <QtyInPackage>1</QtyInPackage>
      <ItemPrice>5.70</ItemPrice>
      <UnitOfMeasurePrice>1.4250</UnitOfMeasurePrice>
      <AllowDiscount>1</AllowDiscount>
      <ItemStatus>1</ItemStatus>
      <ItemId>1879</ItemId>
    </Item>
    <Item>
      <PriceUpdateDate>2015-10-04 10:20:51</PriceUpdateDate>
      <ItemCode>7290002348139</ItemCode>
      <ItemType>1</ItemType>
      <ItemName>ארטישוק תחתיות</ItemName>
      <ManufacturerName>קונסרבס</ManufacturerName>
      <ManufactureCountry>ספרד</ManufactureCountry>
      <ManufacturerItemDescription>ארטישוק תחתיות400 גר                   .</ManufacturerItemDescription>
      <UnitQty>גרמים</UnitQty>
      <Quantity>400.00</Quantity>
      <UnitOfMeasure>100 גרם</UnitOfMeasure>
      <bIsWeighted>0</bIsWeighted>
      <QtyInPackage>1</QtyInPackage>
      <ItemPrice>9.90</ItemPrice>
      <UnitOfMeasurePrice>2.4750</UnitOfMeasurePrice>
      <AllowDiscount>1</AllowDiscount>
      <ItemStatus>1</ItemStatus>
      <ItemId>1880</ItemId>
    </Item>
    <Item>
      <PriceUpdateDate>2015-10-04 10:17:51</PriceUpdateDate>
      <ItemCode>7290002360285</ItemCode>
      <ItemType>1</ItemType>
      <ItemName>תה חליטת צמחים 1/20</ItemName>
      <ManufacturerName>TEEKANNE GMBH &amp; CO.</ManufacturerName>
      <ManufactureCountry>גרמניה</ManufactureCountry>
      <ManufacturerItemDescription>תה חליטת צמחים קמומיל              1/20</ManufacturerItemDescription>
      <UnitQty>גרמים</UnitQty>
      <Quantity>30.00</Quantity>
      <UnitOfMeasure>100 גרם</UnitOfMeasure>
      <bIsWeighted>0</bIsWeighted>
      <QtyInPackage>1</QtyInPackage>
      <ItemPrice>19.50</ItemPrice>
      <UnitOfMeasurePrice>65.0000</UnitOfMeasurePrice>
      <AllowDiscount>1</AllowDiscount>
      <ItemStatus>1</ItemStatus>
      <ItemId>1923</ItemId>
    </Item>
    <Item>
      <PriceUpdateDate>2016-02-11 07:45:23</PriceUpdateDate>
      <ItemCode>7290002374312</ItemCode>
      <ItemType>1</ItemType>
      <ItemName>שמן קנולה        6%</ItemName>
      <ManufacturerName>שמן תעשיות</ManufacturerName>
      <ManufactureCountry>ישראל</ManufactureCountry>
      <ManufacturerItemDescription>שמן קנולה 6% מילומור1 ל</ManufacturerItemDescription>
      <UnitQty>ליטרים</UnitQty>
      <Quantity>1.00</Quantity>
      <UnitOfMeasure>ליטר</UnitOfMeasure>
      <bIsWeighted>0</bIsWeighted>
      <QtyInPackage>1</QtyInPackage>
      <ItemPrice>8.90</ItemPrice>
      <UnitOfMeasurePrice>8.9000</UnitOfMeasurePrice>
      <AllowDiscount>1</AllowDiscount>
      <ItemStatus>1</ItemStatus>
      <ItemId>1937</ItemId>
    </Item>
    <Item>
      <PriceUpdateDate>2015-10-04 10:18:46</PriceUpdateDate>
      <ItemCode>7290000238029</ItemCode>
      <ItemType>1</ItemType>
      <ItemName>בצק עלים</ItemName>
      <ManufacturerName>מעדנות</ManufacturerName>
      <ManufactureCountry>ישראל</ManufactureCountry>
      <ManufacturerItemDescription>בצק עלים 1 קג                          .</ManufacturerItemDescription>
      <UnitQty>קילוגרמים</UnitQty>
      <Quantity>1.00</Quantity>
      <UnitOfMeasure>ק"ג</UnitOfMeasure>
      <bIsWeighted>0</bIsWeighted>
      <QtyInPackage>1</QtyInPackage>
      <ItemPrice>25.40</ItemPrice>
      <UnitOfMeasurePrice>25.4000</UnitOfMeasurePrice>
      <AllowDiscount>1</AllowDiscount>
      <ItemStatus>1</ItemStatus>
      <ItemId>1940</ItemId>
    </Item>
    <Item>
      <PriceUpdateDate>2015-10-04 10:18:04</PriceUpdateDate>
      <ItemCode>7290000023809</ItemCode>
      <ItemType>1</ItemType>
      <ItemName>יין קברנה סובניון</ItemName>
      <ManufacturerName>ברקן סגל</ManufacturerName>
      <ManufactureCountry>ישראל</ManufactureCountry>
      <ManufacturerItemDescription>יין קלאסיק קברנה סוביניון           750</ManufacturerItemDescription>
      <UnitQty>מיליליטרים</UnitQty>
      <Quantity>750.00</Quantity>
      <UnitOfMeasure>100 מ"ל</UnitOfMeasure>
      <bIsWeighted>0</bIsWeighted>
      <QtyInPackage>1</QtyInPackage>
      <ItemPrice>37.50</ItemPrice>
      <UnitOfMeasurePrice>5.0000</UnitOfMeasurePrice>
      <AllowDiscount>1</AllowDiscount>
      <ItemStatus>1</ItemStatus>
      <ItemId>1942</ItemId>
    </Item>
    <Item>
      <PriceUpdateDate>2015-10-04 10:18:46</PriceUpdateDate>
      <ItemCode>7290000238180</ItemCode>
      <ItemType>1</ItemType>
      <ItemName>בורקס תפוא</ItemName>
      <ManufacturerName>מעדנות</ManufacturerName>
      <ManufactureCountry>ישראל</ManufactureCountry>
      <ManufacturerItemDescription>בורקס תפוא800 גר .יחידה</ManufacturerItemDescription>
      <UnitQty>גרמים</UnitQty>
      <Quantity>800.00</Quantity>
      <UnitOfMeasure>100 גרם</UnitOfMeasure>
      <bIsWeighted>0</bIsWeighted>
      <QtyInPackage>1</QtyInPackage>
      <ItemPrice>22.50</ItemPrice>
      <UnitOfMeasurePrice>2.8125</UnitOfMeasurePrice>
      <AllowDiscount>1</AllowDiscount>
      <ItemStatus>1</ItemStatus>
      <ItemId>1945</ItemId>
    </Item>
    <Item>
      <PriceUpdateDate>2015-10-04 10:18:04</PriceUpdateDate>
      <ItemCode>7290000023977</ItemCode>
      <ItemType>1</ItemType>
      <ItemName>יין מרלו</ItemName>
      <ManufacturerName>ברקן סגל</ManufacturerName>
      <ManufactureCountry>ישראל</ManufactureCountry>
      <ManufacturerItemDescription>יין קלאסיק מרלו 750 מל</ManufacturerItemDescription>
      <UnitQty>מיליליטרים</UnitQty>
      <Quantity>750.00</Quantity>
      <UnitOfMeasure>100 מ"ל</UnitOfMeasure>
      <bIsWeighted>0</bIsWeighted>
      <QtyInPackage>1</QtyInPackage>
      <ItemPrice>39.50</ItemPrice>
      <UnitOfMeasurePrice>5.2667</UnitOfMeasurePrice>
      <AllowDiscount>1</AllowDiscount>
      <ItemStatus>1</ItemStatus>
      <ItemId>1953</ItemId>
    </Item>
    <Item>
      <PriceUpdateDate>2015-10-04 10:18:46</PriceUpdateDate>
      <ItemCode>7290000240558</ItemCode>
      <ItemType>1</ItemType>
      <ItemName>עלים לבלינצס700 גר .</ItemName>
      <ManufacturerName>מעדנות</ManufacturerName>
      <ManufactureCountry>ישראל</ManufactureCountry>
      <ManufacturerItemDescription>עלים לבלינצס700  גר                    .</ManufacturerItemDescription>
      <UnitQty>גרמים</UnitQty>
      <Quantity>700.00</Quantity>
      <UnitOfMeasure>100 גרם</UnitOfMeasure>
      <bIsWeighted>0</bIsWeighted>
      <QtyInPackage>1</QtyInPackage>
      <ItemPrice>28.60</ItemPrice>
      <UnitOfMeasurePrice>4.0857</UnitOfMeasurePrice>
      <AllowDiscount>1</AllowDiscount>
      <ItemStatus>1</ItemStatus>
      <ItemId>1966</ItemId>
    </Item>
    <Item>
      <PriceUpdateDate>2016-05-03 13:44:03</PriceUpdateDate>
      <ItemCode>7290000327631</ItemCode>
      <ItemType>1</ItemType>
      <ItemName>פאנק טוניק 1.5 ל</ItemName>
      <ManufacturerName>טמפו</ManufacturerName>
      <ManufactureCountry>ישראל</ManufactureCountry>
      <ManufacturerItemDescription>פאנק טוניק 1.5 ל</ManufacturerItemDescription>
      <UnitQty>ליטרים</UnitQty>
      <Quantity>1.50</Quantity>
      <UnitOfMeasure>ליטר</UnitOfMeasure>
      <bIsWeighted>0</bIsWeighted>
      <QtyInPackage>1</QtyInPackage>
      <ItemPrice>10.50</ItemPrice>
      <UnitOfMeasurePrice>7.0000</UnitOfMeasurePrice>
      <AllowDiscount>1</AllowDiscount>
      <ItemStatus>1</ItemStatus>
      <ItemId>98551</ItemId>
    </Item>
    <Item>
      <PriceUpdateDate>2015-10-04 10:18:14</PriceUpdateDate>
      <ItemCode>7290013584182</ItemCode>
      <ItemType>1</ItemType>
      <ItemName>ספרייט 1.5 ליטר</ItemName>
      <ManufacturerName>החברה המרכזית למשקאו</ManufacturerName>
      <ManufactureCountry>ישראל</ManufactureCountry>
      <ManufacturerItemDescription>ספרייט 1.5 ליטר</ManufacturerItemDescription>
      <UnitQty>ליטרים</UnitQty>
      <Quantity>1.50</Quantity>
      <UnitOfMeasure>ליטר</UnitOfMeasure>
      <bIsWeighted>0</bIsWeighted>
      <QtyInPackage>1</QtyInPackage>
      <ItemPrice>6.60</ItemPrice>
      <UnitOfMeasurePrice>4.4000</UnitOfMeasurePrice>
      <AllowDiscount>1</AllowDiscount>
      <ItemStatus>1</ItemStatus>
      <ItemId>95797</ItemId>
    </Item>
    <Item>
      <PriceUpdateDate>2016-05-03 13:44:03</PriceUpdateDate>
      <ItemCode>7290000327723</ItemCode>
      <ItemType>1</ItemType>
      <ItemName>טוניק 1.5 ל</ItemName>
      <ManufacturerName>טמפו</ManufacturerName>
      <ManufactureCountry>לא ידוע</ManufactureCountry>
      <ManufacturerItemDescription>טוניק 1.5 ל</ManufacturerItemDescription>
      <UnitQty>ליטרים</UnitQty>
      <Quantity>1.50</Quantity>
      <UnitOfMeasure>ליטר</UnitOfMeasure>
      <bIsWeighted>0</bIsWeighted>
      <QtyInPackage>1</QtyInPackage>
      <ItemPrice>10.50</ItemPrice>
      <UnitOfMeasurePrice>7.0000</UnitOfMeasurePrice>
      <AllowDiscount>1</AllowDiscount>
      <ItemStatus>1</ItemStatus>
      <ItemId>98552</ItemId>
    </Item>
    <Item>
      <PriceUpdateDate>2015-01-01 00:00:00</PriceUpdateDate>
      <ItemCode>7290013378101</ItemCode>
      <ItemType>1</ItemType>
      <ItemName>חטיף מריר עם קרם אגו</ItemName>
      <ManufacturerName>דיטי גידה סאן וה טיק</ManufacturerName>
      <ManufactureCountry>טורקיה</ManufactureCountry>
      <ManufacturerItemDescription>חטיפי שוקולד ג"אקס מריר 50 גר          "</ManufacturerItemDescription>
      <UnitQty>גרמים</UnitQty>
      <Quantity>50.00</Quantity>
      <UnitOfMeasure>100 גרם</UnitOfMeasure>
      <bIsWeighted>0</bIsWeighted>
      <QtyInPackage>1</QtyInPackage>
      <ItemPrice>6.00</ItemPrice>
      <UnitOfMeasurePrice>12.0000</UnitOfMeasurePrice>
      <AllowDiscount>1</AllowDiscount>
      <ItemStatus>1</ItemStatus>
      <ItemId>92288</ItemId>
    </Item>
    <Item>
      <PriceUpdateDate>2015-10-04 10:17:04</PriceUpdateDate>
      <ItemCode>7290002475170</ItemCode>
      <ItemType>1</ItemType>
      <ItemName>גפילטע פיש</ItemName>
      <ManufacturerName>דג טעים (משווק ע"י א</ManufacturerName>
      <ManufactureCountry>ישראל</ManufactureCountry>
      <ManufacturerItemDescription>גפילטע פיש 6 קציצות680  ג</ManufacturerItemDescription>
      <UnitQty>גרמים</UnitQty>
      <Quantity>680.00</Quantity>
      <UnitOfMeasure>100 גרם</UnitOfMeasure>
      <bIsWeighted>0</bIsWeighted>
      <QtyInPackage>1</QtyInPackage>
      <ItemPrice>24.10</ItemPrice>
      <UnitOfMeasurePrice>3.5441</UnitOfMeasurePrice>
      <AllowDiscount>1</AllowDiscount>
      <ItemStatus>1</ItemStatus>
      <ItemId>2052</ItemId>
    </Item>
    <Item>
      <PriceUpdateDate>2015-10-04 10:18:18</PriceUpdateDate>
      <ItemCode>7290002515371</ItemCode>
      <ItemType>1</ItemType>
      <ItemName>קמיל בלו אל סבון 1 ל</ItemName>
      <ManufacturerName>ד"ר פישר</ManufacturerName>
      <ManufactureCountry>ישראל</ManufactureCountry>
      <ManufacturerItemDescription>קמיל בלו אלסבון 1 ל                    .</ManufacturerItemDescription>
      <UnitQty>ליטרים</UnitQty>
      <Quantity>1.00</Quantity>
      <UnitOfMeasure>ליטר</UnitOfMeasure>
      <bIsWeighted>0</bIsWeighted>
      <QtyInPackage>1</QtyInPackage>
      <ItemPrice>32.60</ItemPrice>
      <UnitOfMeasurePrice>32.6000</UnitOfMeasurePrice>
      <AllowDiscount>1</AllowDiscount>
      <ItemStatus>1</ItemStatus>
      <ItemId>2099</ItemId>
    </Item>
    <Item>
      <PriceUpdateDate>2015-08-13 12:45:38</PriceUpdateDate>
      <ItemCode>7290000253251</ItemCode>
      <ItemType>1</ItemType>
      <ItemName>שוקולד ציפס אופנהיימ</ItemName>
      <ManufacturerName>אופנהיימר</ManufacturerName>
      <ManufactureCountry>ישראל</ManufactureCountry>
      <ManufacturerItemDescription>שוקולד ציפס אופנהיימר לבן300גר</ManufacturerItemDescription>
      <UnitQty>גרמים</UnitQty>
      <Quantity>300.00</Quantity>
      <UnitOfMeasure>100 גרם</UnitOfMeasure>
      <bIsWeighted>0</bIsWeighted>
      <QtyInPackage>1</QtyInPackage>
      <ItemPrice>11.70</ItemPrice>
      <UnitOfMeasurePrice>3.9000</UnitOfMeasurePrice>
      <AllowDiscount>1</AllowDiscount>
      <ItemStatus>1</ItemStatus>
      <ItemId>2103</ItemId>
    </Item>
    <Item>
      <PriceUpdateDate>2015-10-04 10:17:51</PriceUpdateDate>
      <ItemCode>7290002541370</ItemCode>
      <ItemType>1</ItemType>
      <ItemName>משקה סויה          .</ItemName>
      <ManufacturerName>ALPRO N.V.</ManufacturerName>
      <ManufactureCountry>לא ידוע</ManufactureCountry>
      <ManufacturerItemDescription>משקה סויה טעם טבעי 1 ל                 .</ManufacturerItemDescription>
      <UnitQty>ליטרים</UnitQty>
      <Quantity>1.00</Quantity>
      <UnitOfMeasure>ליטר</UnitOfMeasure>
      <bIsWeighted>0</bIsWeighted>
      <QtyInPackage>1</QtyInPackage>
      <ItemPrice>15.30</ItemPrice>
      <UnitOfMeasurePrice>15.3000</UnitOfMeasurePrice>
      <AllowDiscount>1</AllowDiscount>
      <ItemStatus>1</ItemStatus>
      <ItemId>2107</ItemId>
    </Item>
    <Item>
      <PriceUpdateDate>2015-10-04 10:17:51</PriceUpdateDate>
      <ItemCode>7290002541981</ItemCode>
      <ItemType>1</ItemType>
      <ItemName>משקה סויה ללא סוכר .</ItemName>
      <ManufacturerName>ALPRO N.V.</ManufacturerName>
      <ManufactureCountry>לא ידוע</ManufactureCountry>
      <ManufacturerItemDescription>משקה סויה ללא סוכר 1 ל                 .</ManufacturerItemDescription>
      <UnitQty>ליטרים</UnitQty>
      <Quantity>1.00</Quantity>
      <UnitOfMeasure>ליטר</UnitOfMeasure>
      <bIsWeighted>0</bIsWeighted>
      <QtyInPackage>1</QtyInPackage>
      <ItemPrice>15.30</ItemPrice>
      <UnitOfMeasurePrice>15.3000</UnitOfMeasurePrice>
      <AllowDiscount>1</AllowDiscount>
      <ItemStatus>1</ItemStatus>
      <ItemId>2116</ItemId>
    </Item>
    <Item>
      <PriceUpdateDate>2015-11-05 14:17:33</PriceUpdateDate>
      <ItemCode>7290002543046</ItemCode>
      <ItemType>1</ItemType>
      <ItemName>דגני פרוסטיס750  ג</ItemName>
      <ManufacturerName>חברת קלוגס גרמניה</ManufacturerName>
      <ManufactureCountry>גרמניה</ManufactureCountry>
      <ManufacturerItemDescription>קלוגס פרוסטיס 750 גר                   .</ManufacturerItemDescription>
      <UnitQty>גרמים</UnitQty>
      <Quantity>750.00</Quantity>
      <UnitOfMeasure>100 גרם</UnitOfMeasure>
      <bIsWeighted>0</bIsWeighted>
      <QtyInPackage>1</QtyInPackage>
      <ItemPrice>26.90</ItemPrice>
      <UnitOfMeasurePrice>3.5867</UnitOfMeasurePrice>
      <AllowDiscount>1</AllowDiscount>
      <ItemStatus>1</ItemStatus>
      <ItemId>2120</ItemId>
    </Item>
    <Item>
      <PriceUpdateDate>2015-10-04 10:18:50</PriceUpdateDate>
      <ItemCode>7290002543176</ItemCode>
      <ItemType>1</ItemType>
      <ItemName>דגני וורייטי שמיניה</ItemName>
      <ManufacturerName>חברת קלוגס בריטניה</ManufacturerName>
      <ManufactureCountry>בריטניה</ManufactureCountry>
      <ManufacturerItemDescription>קלוגס וורייטי שמיניה</ManufacturerItemDescription>
      <UnitQty>גרמים</UnitQty>
      <Quantity>197.00</Quantity>
      <UnitOfMeasure>100 גרם</UnitOfMeasure>
      <bIsWeighted>0</bIsWeighted>
      <QtyInPackage>1</QtyInPackage>
      <ItemPrice>28.60</ItemPrice>
      <UnitOfMeasurePrice>14.5178</UnitOfMeasurePrice>
      <AllowDiscount>1</AllowDiscount>
      <ItemStatus>1</ItemStatus>
      <ItemId>2127</ItemId>
    </Item>
    <Item>
      <PriceUpdateDate>2015-10-04 10:18:06</PriceUpdateDate>
      <ItemCode>7290000023076</ItemCode>
      <ItemType>1</ItemType>
      <ItemName>עראק אשקלון 500 40%</ItemName>
      <ManufacturerName>ברקן סגל</ManufacturerName>
      <ManufactureCountry>ישראל</ManufactureCountry>
      <ManufacturerItemDescription>עראק אשקלון 500 40% מל</ManufacturerItemDescription>
      <UnitQty>מיליליטרים</UnitQty>
      <Quantity>700.00</Quantity>
      <UnitOfMeasure>100 מ"ל</UnitOfMeasure>
      <bIsWeighted>0</bIsWeighted>
      <QtyInPackage>1</QtyInPackage>
      <ItemPrice>54.50</ItemPrice>
      <UnitOfMeasurePrice>7.7857</UnitOfMeasurePrice>
      <AllowDiscount>1</AllowDiscount>
      <ItemStatus>1</ItemStatus>
      <ItemId>96978</ItemId>
    </Item>
    <Item>
      <PriceUpdateDate>2015-11-12 10:52:07</PriceUpdateDate>
      <ItemCode>7290002551003</ItemCode>
      <ItemType>1</ItemType>
      <ItemName>טונה סטארקיסט בשמן</ItemName>
      <ManufacturerName>סטארקיסט</ManufacturerName>
      <ManufactureCountry>ישראל</ManufactureCountry>
      <ManufacturerItemDescription>טונה סטארקיסט בשמן160 גר</ManufacturerItemDescription>
      <UnitQty>גרמים</UnitQty>
      <Quantity>160.00</Quantity>
      <UnitOfMeasure>100 גרם</UnitOfMeasure>
      <bIsWeighted>0</bIsWeighted>
      <QtyInPackage>1</QtyInPackage>
      <ItemPrice>6.90</ItemPrice>
      <UnitOfMeasurePrice>4.3125</UnitOfMeasurePrice>
      <AllowDiscount>1</AllowDiscount>
      <ItemStatus>1</ItemStatus>
      <ItemId>2136</ItemId>
    </Item>
    <Item>
      <PriceUpdateDate>2015-11-12 10:52:07</PriceUpdateDate>
      <ItemCode>7290002551010</ItemCode>
      <ItemType>1</ItemType>
      <ItemName>טונה סטארקיסט במים</ItemName>
      <ManufacturerName>סטארקיסט</ManufacturerName>
      <ManufactureCountry>ישראל</ManufactureCountry>
      <ManufacturerItemDescription>טונה סטארקיסט במים160 גר</ManufacturerItemDescription>
      <UnitQty>גרמים</UnitQty>
      <Quantity>160.00</Quantity>
      <UnitOfMeasure>100 גרם</UnitOfMeasure>
      <bIsWeighted>0</bIsWeighted>
      <QtyInPackage>1</QtyInPackage>
      <ItemPrice>6.90</ItemPrice>
      <UnitOfMeasurePrice>4.3125</UnitOfMeasurePrice>
      <AllowDiscount>1</AllowDiscount>
      <ItemStatus>1</ItemStatus>
      <ItemId>2137</ItemId>
    </Item>
    <Item>
      <PriceUpdateDate>2015-10-04 10:16:42</PriceUpdateDate>
      <ItemCode>7290000255897</ItemCode>
      <ItemType>1</ItemType>
      <ItemName>שוקולד פרה+פצפוצים</ItemName>
      <ManufacturerName>שטראוס גרופ</ManufacturerName>
      <ManufactureCountry>ישראל</ManufactureCountry>
      <ManufacturerItemDescription>שוקולד חלב פרה+פצפוצי אורז</ManufacturerItemDescription>
      <UnitQty>גרמים</UnitQty>
      <Quantity>100.00</Quantity>
      <UnitOfMeasure>100 גרם</UnitOfMeasure>
      <bIsWeighted>0</bIsWeighted>
      <QtyInPackage>1</QtyInPackage>
      <ItemPrice>6.60</ItemPrice>
      <UnitOfMeasurePrice>6.6000</UnitOfMeasurePrice>
      <AllowDiscount>1</AllowDiscount>
      <ItemStatus>1</ItemStatus>
      <ItemId>2141</ItemId>
    </Item>
    <Item>
      <PriceUpdateDate>2015-10-04 10:18:33</PriceUpdateDate>
      <ItemCode>7290002581536</ItemCode>
      <ItemType>1</ItemType>
      <ItemName>וופל ללא סוכר</ItemName>
      <ManufacturerName>גילרו</ManufacturerName>
      <ManufactureCountry>ישראל</ManufactureCountry>
      <ManufacturerItemDescription>וופל ללא סוכר 250 גרם הדר</ManufacturerItemDescription>
      <UnitQty>גרמים</UnitQty>
      <Quantity>250.00</Quantity>
      <UnitOfMeasure>100 גרם</UnitOfMeasure>
      <bIsWeighted>0</bIsWeighted>
      <QtyInPackage>1</QtyInPackage>
      <ItemPrice>7.30</ItemPrice>
      <UnitOfMeasurePrice>2.9200</UnitOfMeasurePrice>
      <AllowDiscount>1</AllowDiscount>
      <ItemStatus>1</ItemStatus>
      <ItemId>2147</ItemId>
    </Item>
    <Item>
      <PriceUpdateDate>2015-01-01 00:00:00</PriceUpdateDate>
      <ItemCode>7290000267029</ItemCode>
      <ItemType>1</ItemType>
      <ItemName>שקד מולבן חצוי</ItemName>
      <ManufacturerName>דין שיווק וקליה בע"מ</ManufacturerName>
      <ManufactureCountry>ארצות הברית</ManufactureCountry>
      <ManufacturerItemDescription>שקד טבעי מולבן חצוי 100 גרם</ManufacturerItemDescription>
      <UnitQty>גרמים</UnitQty>
      <Quantity>100.00</Quantity>
      <UnitOfMeasure>100 גרם</UnitOfMeasure>
      <bIsWeighted>0</bIsWeighted>
      <QtyInPackage>1</QtyInPackage>
      <ItemPrice>12.70</ItemPrice>
      <UnitOfMeasurePrice>12.7000</UnitOfMeasurePrice>
      <AllowDiscount>1</AllowDiscount>
      <ItemStatus>1</ItemStatus>
      <ItemId>2209</ItemId>
    </Item>
    <Item>
      <PriceUpdateDate>2015-01-01 00:00:00</PriceUpdateDate>
      <ItemCode>7290000267043</ItemCode>
      <ItemType>1</ItemType>
      <ItemName>שקד טבעי מולבן פרוס</ItemName>
      <ManufacturerName>דין שיווק וקליה בע"מ</ManufacturerName>
      <ManufactureCountry>ארצות הברית</ManufactureCountry>
      <ManufacturerItemDescription>שקד טבעי מולבן פרוס 100 גרם</ManufacturerItemDescription>
      <UnitQty>גרמים</UnitQty>
      <Quantity>100.00</Quantity>
      <UnitOfMeasure>100 גרם</UnitOfMeasure>
      <bIsWeighted>0</bIsWeighted>
      <QtyInPackage>1</QtyInPackage>
      <ItemPrice>12.70</ItemPrice>
      <UnitOfMeasurePrice>12.7000</UnitOfMeasurePrice>
      <AllowDiscount>0</AllowDiscount>
      <ItemStatus>1</ItemStatus>
      <ItemId>2211</ItemId>
    </Item>
    <Item>
      <PriceUpdateDate>2015-01-01 00:00:00</PriceUpdateDate>
      <ItemCode>7290000267104</ItemCode>
      <ItemType>1</ItemType>
      <ItemName>שקד מולבן מרוסק</ItemName>
      <ManufacturerName>דין שיווק וקליה בע"מ</ManufacturerName>
      <ManufactureCountry>ארצות הברית</ManufactureCountry>
      <ManufacturerItemDescription>שקד מולבן מרוסק 100 גרם</ManufacturerItemDescription>
      <UnitQty>גרמים</UnitQty>
      <Quantity>100.00</Quantity>
      <UnitOfMeasure>100 גרם</UnitOfMeasure>
      <bIsWeighted>0</bIsWeighted>
      <QtyInPackage>1</QtyInPackage>
      <ItemPrice>12.70</ItemPrice>
      <UnitOfMeasurePrice>12.7000</UnitOfMeasurePrice>
      <AllowDiscount>1</AllowDiscount>
      <ItemStatus>1</ItemStatus>
      <ItemId>2213</ItemId>
    </Item>
    <Item>
      <PriceUpdateDate>2016-04-03 15:25:34</PriceUpdateDate>
      <ItemCode>7290002730262</ItemCode>
      <ItemType>1</ItemType>
      <ItemName>פלמוליב כלים קלאסי 7</ItemName>
      <ManufacturerName>COLGATE (Greece)-PAL</ManufacturerName>
      <ManufactureCountry>יוון</ManufactureCountry>
      <ManufacturerItemDescription>פלמוליב כלים קלאסי 750 מל</ManufacturerItemDescription>
      <UnitQty>מיליליטרים</UnitQty>
      <Quantity>750.00</Quantity>
      <UnitOfMeasure>100 מ"ל</UnitOfMeasure>
      <bIsWeighted>0</bIsWeighted>
      <QtyInPackage>1</QtyInPackage>
      <ItemPrice>12.90</ItemPrice>
      <UnitOfMeasurePrice>1.7200</UnitOfMeasurePrice>
      <AllowDiscount>1</AllowDiscount>
      <ItemStatus>1</ItemStatus>
      <ItemId>2281</ItemId>
    </Item>
    <Item>
      <PriceUpdateDate>2015-10-04 10:17:51</PriceUpdateDate>
      <ItemCode>7290002730521</ItemCode>
      <ItemType>1</ItemType>
      <ItemName>צמרוני אוזניים200 יח</ItemName>
      <ManufacturerName>SEPTONA S.A.</ManufacturerName>
      <ManufactureCountry>יוון</ManufactureCountry>
      <ManufacturerItemDescription>צמרוני אוזניים בלונס</ManufacturerItemDescription>
      <UnitQty>Unknown </UnitQty>
      <Quantity>0.00</Quantity>
      <UnitOfMeasure>Unknown </UnitOfMeasure>
      <bIsWeighted>0</bIsWeighted>
      <QtyInPackage>1</QtyInPackage>
      <ItemPrice>6.80</ItemPrice>
      <UnitOfMeasurePrice>0.0000</UnitOfMeasurePrice>
      <AllowDiscount>1</AllowDiscount>
      <ItemStatus>1</ItemStatus>
      <ItemId>2283</ItemId>
    </Item>
    <Item>
      <PriceUpdateDate>2015-10-04 10:17:51</PriceUpdateDate>
      <ItemCode>7290002730538</ItemCode>
      <ItemType>1</ItemType>
      <ItemName>פדים להסרת איפור</ItemName>
      <ManufacturerName>SEPTONA S.A.</ManufacturerName>
      <ManufactureCountry>יוון</ManufactureCountry>
      <ManufacturerItemDescription>פדים  להסרת איפור60 יח                 .</ManufacturerItemDescription>
      <UnitQty>Unknown </UnitQty>
      <Quantity>0.00</Quantity>
      <UnitOfMeasure>Unknown </UnitOfMeasure>
      <bIsWeighted>0</bIsWeighted>
      <QtyInPackage>1</QtyInPackage>
      <ItemPrice>10.80</ItemPrice>
      <UnitOfMeasurePrice>0.0000</UnitOfMeasurePrice>
      <AllowDiscount>1</AllowDiscount>
      <ItemStatus>1</ItemStatus>
      <ItemId>2284</ItemId>
    </Item>
    <Item>
      <PriceUpdateDate>2016-03-20 09:16:56</PriceUpdateDate>
      <ItemCode>7290002730668</ItemCode>
      <ItemType>1</ItemType>
      <ItemName>קולגייט טוטל משפחתי</ItemName>
      <ManufacturerName>Colgate (Euro)-Palmo</ManufacturerName>
      <ManufactureCountry>פולין</ManufactureCountry>
      <ManufacturerItemDescription>קולגייט טוטל משפחתי</ManufacturerItemDescription>
      <UnitQty>מיליליטרים</UnitQty>
      <Quantity>100.00</Quantity>
      <UnitOfMeasure>100 מ"ל</UnitOfMeasure>
      <bIsWeighted>0</bIsWeighted>
      <QtyInPackage>1</QtyInPackage>
      <ItemPrice>19.90</ItemPrice>
      <UnitOfMeasurePrice>19.9000</UnitOfMeasurePrice>
      <AllowDiscount>1</AllowDiscount>
      <ItemStatus>1</ItemStatus>
      <ItemId>2285</ItemId>
    </Item>
    <Item>
      <PriceUpdateDate>2015-08-27 12:55:45</PriceUpdateDate>
      <ItemCode>7290002730675</ItemCode>
      <ItemType>1</ItemType>
      <ItemName>מ.שיניים משפחתי אדום</ItemName>
      <ManufacturerName>Colgate (Euro)-Palmo</ManufacturerName>
      <ManufactureCountry>פולין</ManufactureCountry>
      <ManufacturerItemDescription>קולגייט אדומה 100 מל משפחתית</ManufacturerItemDescription>
      <UnitQty>מיליליטרים</UnitQty>
      <Quantity>100.00</Quantity>
      <UnitOfMeasure>100 מ"ל</UnitOfMeasure>
      <bIsWeighted>0</bIsWeighted>
      <QtyInPackage>1</QtyInPackage>
      <ItemPrice>14.90</ItemPrice>
      <UnitOfMeasurePrice>14.9000</UnitOfMeasurePrice>
      <AllowDiscount>1</AllowDiscount>
      <ItemStatus>1</ItemStatus>
      <ItemId>2286</ItemId>
    </Item>
    <Item>
      <PriceUpdateDate>2015-10-04 10:17:51</PriceUpdateDate>
      <ItemCode>7290002730958</ItemCode>
      <ItemType>1</ItemType>
      <ItemName>פלמוליב סבון מוצק</ItemName>
      <ManufacturerName>COLGATE ($) -PALMOLI</ManufacturerName>
      <ManufactureCountry>לא ידוע</ManufactureCountry>
      <ManufacturerItemDescription>פלמוליב סבון מוצק 1/4 זיתים</ManufacturerItemDescription>
      <UnitQty>גרמים</UnitQty>
      <Quantity>400.00</Quantity>
      <UnitOfMeasure>100 גרם</UnitOfMeasure>
      <bIsWeighted>0</bIsWeighted>
      <QtyInPackage>1</QtyInPackage>
      <ItemPrice>17.70</ItemPrice>
      <UnitOfMeasurePrice>4.4250</UnitOfMeasurePrice>
      <AllowDiscount>1</AllowDiscount>
      <ItemStatus>1</ItemStatus>
      <ItemId>2292</ItemId>
    </Item>
    <Item>
      <PriceUpdateDate>2015-10-04 10:17:31</PriceUpdateDate>
      <ItemCode>7290002768043</ItemCode>
      <ItemType>1</ItemType>
      <ItemName>מי פה תיא+פלאורד ענק</ItemName>
      <ManufacturerName>אמיליה קוסמטיקס</ManufacturerName>
      <ManufactureCountry>ישראל</ManufactureCountry>
      <ManufacturerItemDescription>מי פה תיאד+פלואוריד ענק</ManufacturerItemDescription>
      <UnitQty>מיליליטרים</UnitQty>
      <Quantity>150.00</Quantity>
      <UnitOfMeasure>100 מ"ל</UnitOfMeasure>
      <bIsWeighted>0</bIsWeighted>
      <QtyInPackage>1</QtyInPackage>
      <ItemPrice>17.70</ItemPrice>
      <UnitOfMeasurePrice>11.8000</UnitOfMeasurePrice>
      <AllowDiscount>1</AllowDiscount>
      <ItemStatus>1</ItemStatus>
      <ItemId>2303</ItemId>
    </Item>
    <Item>
      <PriceUpdateDate>2016-05-04 07:07:14</PriceUpdateDate>
      <ItemCode>7290002814928</ItemCode>
      <ItemType>1</ItemType>
      <ItemName>פרלמנט קצר</ItemName>
      <ManufacturerName>פיליפ מוריס</ManufacturerName>
      <ManufactureCountry>לא ידוע</ManufactureCountry>
      <ManufacturerItemDescription>סיגריות פרלמנט קצר בודד</ManufacturerItemDescription>
      <UnitQty>Unknown </UnitQty>
      <Quantity>0.00</Quantity>
      <UnitOfMeasure>Unknown </UnitOfMeasure>
      <bIsWeighted>0</bIsWeighted>
      <QtyInPackage>1</QtyInPackage>
      <ItemPrice>39.10</ItemPrice>
      <UnitOfMeasurePrice>0.0000</UnitOfMeasurePrice>
      <AllowDiscount>0</AllowDiscount>
      <ItemStatus>1</ItemStatus>
      <ItemId>2352</ItemId>
    </Item>
    <Item>
      <PriceUpdateDate>2016-02-11 10:49:19</PriceUpdateDate>
      <ItemCode>7290002824183</ItemCode>
      <ItemType>1</ItemType>
      <ItemName>גבינה-סקי        5%</ItemName>
      <ManufacturerName>שטראוס גרופ</ManufacturerName>
      <ManufactureCountry>ישראל</ManufactureCountry>
      <ManufacturerItemDescription>גבינה סקי 500 5% גרם</ManufacturerItemDescription>
      <UnitQty>גרמים</UnitQty>
      <Quantity>500.00</Quantity>
      <UnitOfMeasure>100 גרם</UnitOfMeasure>
      <bIsWeighted>0</bIsWeighted>
      <QtyInPackage>1</QtyInPackage>
      <ItemPrice>9.20</ItemPrice>
      <UnitOfMeasurePrice>1.8400</UnitOfMeasurePrice>
      <AllowDiscount>1</AllowDiscount>
      <ItemStatus>1</ItemStatus>
      <ItemId>2364</ItemId>
    </Item>
    <Item>
      <PriceUpdateDate>2015-08-12 10:25:03</PriceUpdateDate>
      <ItemCode>7290002824466</ItemCode>
      <ItemType>1</ItemType>
      <ItemName>יוגורט דנונה     0%</ItemName>
      <ManufacturerName>שטראוס גרופ</ManufacturerName>
      <ManufactureCountry>ישראל</ManufactureCountry>
      <ManufacturerItemDescription>דנונה 200 -0% גרם                      .</ManufacturerItemDescription>
      <UnitQty>גרמים</UnitQty>
      <Quantity>200.00</Quantity>
      <UnitOfMeasure>100 גרם</UnitOfMeasure>
      <bIsWeighted>0</bIsWeighted>
      <QtyInPackage>1</QtyInPackage>
      <ItemPrice>3.80</ItemPrice>
      <UnitOfMeasurePrice>1.9000</UnitOfMeasurePrice>
      <AllowDiscount>1</AllowDiscount>
      <ItemStatus>1</ItemStatus>
      <ItemId>2365</ItemId>
    </Item>
    <Item>
      <PriceUpdateDate>2016-02-11 10:49:19</PriceUpdateDate>
      <ItemCode>7290002824640</ItemCode>
      <ItemType>1</ItemType>
      <ItemName>גבינה סקי        5%</ItemName>
      <ManufacturerName>שטראוס גרופ</ManufacturerName>
      <ManufactureCountry>ישראל</ManufactureCountry>
      <ManufacturerItemDescription>גבינה סקי 250 5% גר   .פיקוח</ManufacturerItemDescription>
      <UnitQty>גרמים</UnitQty>
      <Quantity>250.00</Quantity>
      <UnitOfMeasure>100 גרם</UnitOfMeasure>
      <bIsWeighted>0</bIsWeighted>
      <QtyInPackage>1</QtyInPackage>
      <ItemPrice>4.60</ItemPrice>
      <UnitOfMeasurePrice>1.8400</UnitOfMeasurePrice>
      <AllowDiscount>1</AllowDiscount>
      <ItemStatus>1</ItemStatus>
      <ItemId>2367</ItemId>
    </Item>
    <Item>
      <PriceUpdateDate>2016-08-28 14:02:41</PriceUpdateDate>
      <ItemCode>7290002833525</ItemCode>
      <ItemType>1</ItemType>
      <ItemName>מרלבורו רד קצר</ItemName>
      <ManufacturerName>פיליפ מוריס</ManufacturerName>
      <ManufactureCountry>לא ידוע</ManufactureCountry>
      <ManufacturerItemDescription>סיגריות מרלבורו קצר בודד</ManufacturerItemDescription>
      <UnitQty>Unknown </UnitQty>
      <Quantity>0.00</Quantity>
      <UnitOfMeasure>Unknown </UnitOfMeasure>
      <bIsWeighted>0</bIsWeighted>
      <QtyInPackage>1</QtyInPackage>
      <ItemPrice>36.90</ItemPrice>
      <UnitOfMeasurePrice>0.0000</UnitOfMeasurePrice>
      <AllowDiscount>0</AllowDiscount>
      <ItemStatus>1</ItemStatus>
      <ItemId>2374</ItemId>
    </Item>
    <Item>
      <PriceUpdateDate>2015-10-04 10:18:12</PriceUpdateDate>
      <ItemCode>7290000284316</ItemCode>
      <ItemType>1</ItemType>
      <ItemName>קוקה-קולה בקבוק</ItemName>
      <ManufacturerName>החברה המרכזית למשקאו</ManufacturerName>
      <ManufactureCountry>לא ידוע</ManufactureCountry>
      <ManufacturerItemDescription>קוקה קולה 1.5 ליטר</ManufacturerItemDescription>
      <UnitQty>ליטרים</UnitQty>
      <Quantity>1.50</Quantity>
      <UnitOfMeasure>ליטר</UnitOfMeasure>
      <bIsWeighted>0</bIsWeighted>
      <QtyInPackage>1</QtyInPackage>
      <ItemPrice>6.60</ItemPrice>
      <UnitOfMeasurePrice>4.4000</UnitOfMeasurePrice>
      <AllowDiscount>1</AllowDiscount>
      <ItemStatus>1</ItemStatus>
      <ItemId>2380</ItemId>
    </Item>
    <Item>
      <PriceUpdateDate>2015-01-01 00:00:00</PriceUpdateDate>
      <ItemCode>7290000284347</ItemCode>
      <ItemType>1</ItemType>
      <ItemName>קינלי סודה בקבוק</ItemName>
      <ManufacturerName>החברה המרכזית למשקאו</ManufacturerName>
      <ManufactureCountry>ישראל</ManufactureCountry>
      <ManufacturerItemDescription>סודה קינלי 1.5 ליטר</ManufacturerItemDescription>
      <UnitQty>ליטרים</UnitQty>
      <Quantity>1.50</Quantity>
      <UnitOfMeasure>ליטר</UnitOfMeasure>
      <bIsWeighted>0</bIsWeighted>
      <QtyInPackage>1</QtyInPackage>
      <ItemPrice>4.40</ItemPrice>
      <UnitOfMeasurePrice>2.9333</UnitOfMeasurePrice>
      <AllowDiscount>1</AllowDiscount>
      <ItemStatus>1</ItemStatus>
      <ItemId>2381</ItemId>
    </Item>
    <Item>
      <PriceUpdateDate>2015-10-04 10:18:12</PriceUpdateDate>
      <ItemCode>7290000284361</ItemCode>
      <ItemType>1</ItemType>
      <ItemName>דיאט קוקה-קולה בקבוק</ItemName>
      <ManufacturerName>החברה המרכזית למשקאו</ManufacturerName>
      <ManufactureCountry>ישראל</ManufactureCountry>
      <ManufacturerItemDescription>קולה דיאט 1.5 ל                        .</ManufacturerItemDescription>
      <UnitQty>ליטרים</UnitQty>
      <Quantity>1.50</Quantity>
      <UnitOfMeasure>ליטר</UnitOfMeasure>
      <bIsWeighted>0</bIsWeighted>
      <QtyInPackage>1</QtyInPackage>
      <ItemPrice>6.70</ItemPrice>
      <UnitOfMeasurePrice>4.4667</UnitOfMeasurePrice>
      <AllowDiscount>1</AllowDiscount>
      <ItemStatus>1</ItemStatus>
      <ItemId>2383</ItemId>
    </Item>
    <Item>
      <PriceUpdateDate>2016-05-04 07:07:14</PriceUpdateDate>
      <ItemCode>7290002852724</ItemCode>
      <ItemType>1</ItemType>
      <ItemName>L.M בלו לייב</ItemName>
      <ManufacturerName>פיליפ מוריס</ManufacturerName>
      <ManufactureCountry>לא ידוע</ManufactureCountry>
      <ManufacturerItemDescription>סיגריות L.M בלו לייבל קרצ</ManufacturerItemDescription>
      <UnitQty>Unknown </UnitQty>
      <Quantity>0.00</Quantity>
      <UnitOfMeasure>Unknown </UnitOfMeasure>
      <bIsWeighted>0</bIsWeighted>
      <QtyInPackage>1</QtyInPackage>
      <ItemPrice>33.80</ItemPrice>
      <UnitOfMeasurePrice>0.0000</UnitOfMeasurePrice>
      <AllowDiscount>0</AllowDiscount>
      <ItemStatus>1</ItemStatus>
      <ItemId>2390</ItemId>
    </Item>
    <Item>
      <PriceUpdateDate>2016-05-04 07:07:14</PriceUpdateDate>
      <ItemCode>7290002854528</ItemCode>
      <ItemType>1</ItemType>
      <ItemName>L.M קצר רד</ItemName>
      <ManufacturerName>פיליפ מוריס</ManufacturerName>
      <ManufactureCountry>לא ידוע</ManufactureCountry>
      <ManufacturerItemDescription>סיגריות L.M קצר רד לייבל בודד</ManufacturerItemDescription>
      <UnitQty>Unknown </UnitQty>
      <Quantity>0.00</Quantity>
      <UnitOfMeasure>Unknown </UnitOfMeasure>
      <bIsWeighted>0</bIsWeighted>
      <QtyInPackage>1</QtyInPackage>
      <ItemPrice>33.80</ItemPrice>
      <UnitOfMeasurePrice>0.0000</UnitOfMeasurePrice>
      <AllowDiscount>0</AllowDiscount>
      <ItemStatus>1</ItemStatus>
      <ItemId>2394</ItemId>
    </Item>
    <Item>
      <PriceUpdateDate>2015-10-04 10:17:31</PriceUpdateDate>
      <ItemCode>7290000286761</ItemCode>
      <ItemType>1</ItemType>
      <ItemName>ניילון נצמד סנו</ItemName>
      <ManufacturerName>FV.HK</ManufacturerName>
      <ManufactureCountry>סין</ManufactureCountry>
      <ManufacturerItemDescription>ניילון נצמד סנו צמדX2 מ              .15</ManufacturerItemDescription>
      <UnitQty>מטרים</UnitQty>
      <Quantity>3000.00</Quantity>
      <UnitOfMeasure>מטר</UnitOfMeasure>
      <bIsWeighted>0</bIsWeighted>
      <QtyInPackage>2</QtyInPackage>
      <ItemPrice>13.20</ItemPrice>
      <UnitOfMeasurePrice>0.0044</UnitOfMeasurePrice>
      <AllowDiscount>1</AllowDiscount>
      <ItemStatus>1</ItemStatus>
      <ItemId>2416</ItemId>
    </Item>
    <Item>
      <PriceUpdateDate>2015-10-04 10:18:15</PriceUpdateDate>
      <ItemCode>7290002868446</ItemCode>
      <ItemType>1</ItemType>
      <ItemName>גבינה ניו יורק</ItemName>
      <ManufacturerName>טרה</ManufacturerName>
      <ManufactureCountry>ישראל</ManufactureCountry>
      <ManufacturerItemDescription>גבינה מותכת ניו יורק 100 16% ג</ManufacturerItemDescription>
      <UnitQty>גרמים</UnitQty>
      <Quantity>100.00</Quantity>
      <UnitOfMeasure>100 גרם</UnitOfMeasure>
      <bIsWeighted>0</bIsWeighted>
      <QtyInPackage>1</QtyInPackage>
      <ItemPrice>7.40</ItemPrice>
      <UnitOfMeasurePrice>7.4000</UnitOfMeasurePrice>
      <AllowDiscount>1</AllowDiscount>
      <ItemStatus>1</ItemStatus>
      <ItemId>2418</ItemId>
    </Item>
    <Item>
      <PriceUpdateDate>2015-06-19 10:52:26</PriceUpdateDate>
      <ItemCode>7290000287102</ItemCode>
      <ItemType>1</ItemType>
      <ItemName>סנו שטיחים שמפו</ItemName>
      <ManufacturerName>סנו</ManufacturerName>
      <ManufactureCountry>ישראל</ManufactureCountry>
      <ManufacturerItemDescription>לשטיחים סנו ספרי 600מל                 .</ManufacturerItemDescription>
      <UnitQty>מיליליטרים</UnitQty>
      <Quantity>600.00</Quantity>
      <UnitOfMeasure>100 מ"ל</UnitOfMeasure>
      <bIsWeighted>0</bIsWeighted>
      <QtyInPackage>1</QtyInPackage>
      <ItemPrice>22.40</ItemPrice>
      <UnitOfMeasurePrice>3.7333</UnitOfMeasurePrice>
      <AllowDiscount>1</AllowDiscount>
      <ItemStatus>1</ItemStatus>
      <ItemId>2430</ItemId>
    </Item>
    <Item>
      <PriceUpdateDate>2015-10-07 14:27:18</PriceUpdateDate>
      <ItemCode>7290002871248</ItemCode>
      <ItemType>1</ItemType>
      <ItemName>טובורג בקבוק חוזר</ItemName>
      <ManufacturerName>קרלסברג ישראל</ManufacturerName>
      <ManufactureCountry>ישראל</ManufactureCountry>
      <ManufacturerItemDescription>בירה טובורג0.5 ל.בקבוק חוזר</ManufacturerItemDescription>
      <UnitQty>מיליליטרים</UnitQty>
      <Quantity>500.00</Quantity>
      <UnitOfMeasure>100 מ"ל</UnitOfMeasure>
      <bIsWeighted>0</bIsWeighted>
      <QtyInPackage>1</QtyInPackage>
      <ItemPrice>10.10</ItemPrice>
      <UnitOfMeasurePrice>2.0200</UnitOfMeasurePrice>
      <AllowDiscount>1</AllowDiscount>
      <ItemStatus>1</ItemStatus>
      <ItemId>2431</ItemId>
    </Item>
    <Item>
      <PriceUpdateDate>2015-10-07 14:27:18</PriceUpdateDate>
      <ItemCode>7290002871361</ItemCode>
      <ItemType>1</ItemType>
      <ItemName>קרלסברג בקבוק</ItemName>
      <ManufacturerName>קרלסברג ישראל</ManufacturerName>
      <ManufactureCountry>ישראל</ManufactureCountry>
      <ManufacturerItemDescription>בירה קרלסברג 0.5 ל.בקבוק חוזר</ManufacturerItemDescription>
      <UnitQty>מיליליטרים</UnitQty>
      <Quantity>500.00</Quantity>
      <UnitOfMeasure>100 מ"ל</UnitOfMeasure>
      <bIsWeighted>0</bIsWeighted>
      <QtyInPackage>1</QtyInPackage>
      <ItemPrice>10.70</ItemPrice>
      <UnitOfMeasurePrice>2.1400</UnitOfMeasurePrice>
      <AllowDiscount>1</AllowDiscount>
      <ItemStatus>1</ItemStatus>
      <ItemId>2432</ItemId>
    </Item>
    <Item>
      <PriceUpdateDate>2015-10-04 10:18:12</PriceUpdateDate>
      <ItemCode>7290002871446</ItemCode>
      <ItemType>1</ItemType>
      <ItemName>פריגת ענבים בקבוק</ItemName>
      <ManufacturerName>פריגת</ManufacturerName>
      <ManufactureCountry>ישראל</ManufactureCountry>
      <ManufacturerItemDescription>משקל פריגת ענבים                    1.5</ManufacturerItemDescription>
      <UnitQty>ליטרים</UnitQty>
      <Quantity>1.50</Quantity>
      <UnitOfMeasure>ליטר</UnitOfMeasure>
      <bIsWeighted>0</bIsWeighted>
      <QtyInPackage>1</QtyInPackage>
      <ItemPrice>6.80</ItemPrice>
      <UnitOfMeasurePrice>4.5333</UnitOfMeasurePrice>
      <AllowDiscount>1</AllowDiscount>
      <ItemStatus>1</ItemStatus>
      <ItemId>2433</ItemId>
    </Item>
    <Item>
      <PriceUpdateDate>2015-10-04 10:18:12</PriceUpdateDate>
      <ItemCode>7290002871460</ItemCode>
      <ItemType>1</ItemType>
      <ItemName>פריגת תפוזים בקבוק</ItemName>
      <ManufacturerName>פריגת</ManufacturerName>
      <ManufactureCountry>ישראל</ManufactureCountry>
      <ManufacturerItemDescription>משקל פריגת תפוזים                   1.5</ManufacturerItemDescription>
      <UnitQty>ליטרים</UnitQty>
      <Quantity>1.50</Quantity>
      <UnitOfMeasure>ליטר</UnitOfMeasure>
      <bIsWeighted>0</bIsWeighted>
      <QtyInPackage>1</QtyInPackage>
      <ItemPrice>6.80</ItemPrice>
      <UnitOfMeasurePrice>4.5333</UnitOfMeasurePrice>
      <AllowDiscount>1</AllowDiscount>
      <ItemStatus>1</ItemStatus>
      <ItemId>2434</ItemId>
    </Item>
    <Item>
      <PriceUpdateDate>2015-10-04 10:18:12</PriceUpdateDate>
      <ItemCode>7290002871477</ItemCode>
      <ItemType>1</ItemType>
      <ItemName>פריגת אשכוליות בקבוק</ItemName>
      <ManufacturerName>פריגת</ManufacturerName>
      <ManufactureCountry>ישראל</ManufactureCountry>
      <ManufacturerItemDescription>משקל פריגת אשכוליות                 1.5</ManufacturerItemDescription>
      <UnitQty>ליטרים</UnitQty>
      <Quantity>1.50</Quantity>
      <UnitOfMeasure>ליטר</UnitOfMeasure>
      <bIsWeighted>0</bIsWeighted>
      <QtyInPackage>1</QtyInPackage>
      <ItemPrice>6.80</ItemPrice>
      <UnitOfMeasurePrice>4.5333</UnitOfMeasurePrice>
      <AllowDiscount>1</AllowDiscount>
      <ItemStatus>1</ItemStatus>
      <ItemId>2435</ItemId>
    </Item>
    <Item>
      <PriceUpdateDate>2015-10-04 10:18:12</PriceUpdateDate>
      <ItemCode>7290002871484</ItemCode>
      <ItemType>1</ItemType>
      <ItemName>פריגת דיאט תפוזים בק</ItemName>
      <ManufacturerName>פריגת</ManufacturerName>
      <ManufactureCountry>ישראל</ManufactureCountry>
      <ManufacturerItemDescription>משקל פריגת דיאט תפוזים              1.5</ManufacturerItemDescription>
      <UnitQty>ליטרים</UnitQty>
      <Quantity>1.50</Quantity>
      <UnitOfMeasure>ליטר</UnitOfMeasure>
      <bIsWeighted>0</bIsWeighted>
      <QtyInPackage>1</QtyInPackage>
      <ItemPrice>6.80</ItemPrice>
      <UnitOfMeasurePrice>4.5333</UnitOfMeasurePrice>
      <AllowDiscount>1</AllowDiscount>
      <ItemStatus>1</ItemStatus>
      <ItemId>2436</ItemId>
    </Item>
    <Item>
      <PriceUpdateDate>2015-10-04 10:17:32</PriceUpdateDate>
      <ItemCode>7290000287195</ItemCode>
      <ItemType>1</ItemType>
      <ItemName>סנורהיט ספריי לרהיט</ItemName>
      <ManufacturerName>סנו</ManufacturerName>
      <ManufactureCountry>ישראל</ManufactureCountry>
      <ManufacturerItemDescription>לרהיטים סנורהיט ספריי 305 מל           .</ManufacturerItemDescription>
      <UnitQty>מיליליטרים</UnitQty>
      <Quantity>305.00</Quantity>
      <UnitOfMeasure>100 מ"ל</UnitOfMeasure>
      <bIsWeighted>0</bIsWeighted>
      <QtyInPackage>1</QtyInPackage>
      <ItemPrice>16.70</ItemPrice>
      <UnitOfMeasurePrice>5.4754</UnitOfMeasurePrice>
      <AllowDiscount>1</AllowDiscount>
      <ItemStatus>1</ItemStatus>
      <ItemId>2438</ItemId>
    </Item>
    <Item>
      <PriceUpdateDate>2016-05-04 07:07:14</PriceUpdateDate>
      <ItemCode>7290002876326</ItemCode>
      <ItemType>1</ItemType>
      <ItemName>פרלמנט קצר בלו</ItemName>
      <ManufacturerName>פיליפ מוריס</ManufacturerName>
      <ManufactureCountry>לא ידוע</ManufactureCountry>
      <ManufacturerItemDescription>סיגריות פרלמנט קצר בלו בודד</ManufacturerItemDescription>
      <UnitQty>Unknown </UnitQty>
      <Quantity>0.00</Quantity>
      <UnitOfMeasure>Unknown </UnitOfMeasure>
      <bIsWeighted>0</bIsWeighted>
      <QtyInPackage>1</QtyInPackage>
      <ItemPrice>39.10</ItemPrice>
      <UnitOfMeasurePrice>0.0000</UnitOfMeasurePrice>
      <AllowDiscount>0</AllowDiscount>
      <ItemStatus>1</ItemStatus>
      <ItemId>2445</ItemId>
    </Item>
    <Item>
      <PriceUpdateDate>2015-10-04 10:17:32</PriceUpdateDate>
      <ItemCode>7290000288017</ItemCode>
      <ItemType>1</ItemType>
      <ItemName>אקונומיקה JAVEL ל.לי</ItemName>
      <ManufacturerName>סנו</ManufacturerName>
      <ManufactureCountry>ישראל</ManufactureCountry>
      <ManufacturerItemDescription>אקונומיקה JAVEL ל.לימון               1</ManufacturerItemDescription>
      <UnitQty>ליטרים</UnitQty>
      <Quantity>1.00</Quantity>
      <UnitOfMeasure>ליטר</UnitOfMeasure>
      <bIsWeighted>0</bIsWeighted>
      <QtyInPackage>1</QtyInPackage>
      <ItemPrice>8.80</ItemPrice>
      <UnitOfMeasurePrice>8.8000</UnitOfMeasurePrice>
      <AllowDiscount>1</AllowDiscount>
      <ItemStatus>1</ItemStatus>
      <ItemId>2450</ItemId>
    </Item>
    <Item>
      <PriceUpdateDate>2015-10-04 10:17:32</PriceUpdateDate>
      <ItemCode>7290000288024</ItemCode>
      <ItemType>1</ItemType>
      <ItemName>אקונומיקה     JAVEL</ItemName>
      <ManufacturerName>סנו</ManufacturerName>
      <ManufactureCountry>לא ידוע</ManufactureCountry>
      <ManufacturerItemDescription>אקונומיקה JAVEL ל .לימון              4</ManufacturerItemDescription>
      <UnitQty>ליטרים</UnitQty>
      <Quantity>4.00</Quantity>
      <UnitOfMeasure>ליטר</UnitOfMeasure>
      <bIsWeighted>0</bIsWeighted>
      <QtyInPackage>1</QtyInPackage>
      <ItemPrice>15.70</ItemPrice>
      <UnitOfMeasurePrice>3.9250</UnitOfMeasurePrice>
      <AllowDiscount>1</AllowDiscount>
      <ItemStatus>1</ItemStatus>
      <ItemId>2451</ItemId>
    </Item>
    <Item>
      <PriceUpdateDate>2015-12-30 08:02:58</PriceUpdateDate>
      <ItemCode>7290002016243</ItemCode>
      <ItemType>1</ItemType>
      <ItemName>ממרח עגבניות מיובשות</ItemName>
      <ManufacturerName>כד בני דרום</ManufacturerName>
      <ManufactureCountry>ישראל</ManufactureCountry>
      <ManufacturerItemDescription>ממרח עגבניות מיובשות  צנצנת 230 גרם</ManufacturerItemDescription>
      <UnitQty>גרמים</UnitQty>
      <Quantity>230.00</Quantity>
      <UnitOfMeasure>100 גרם</UnitOfMeasure>
      <bIsWeighted>0</bIsWeighted>
      <QtyInPackage>1</QtyInPackage>
      <ItemPrice>18.90</ItemPrice>
      <UnitOfMeasurePrice>8.2174</UnitOfMeasurePrice>
      <AllowDiscount>1</AllowDiscount>
      <ItemStatus>1</ItemStatus>
      <ItemId>90983</ItemId>
    </Item>
    <Item>
      <PriceUpdateDate>2015-10-04 10:17:32</PriceUpdateDate>
      <ItemCode>7290000288291</ItemCode>
      <ItemType>1</ItemType>
      <ItemName>סנומט טבליות 30 מילו</ItemName>
      <ManufacturerName>זובאלה</ManufacturerName>
      <ManufactureCountry>לא ידוע</ManufactureCountry>
      <ManufacturerItemDescription>סנומט טבליות 30 מילוי</ManufacturerItemDescription>
      <UnitQty>Unknown </UnitQty>
      <Quantity>0.00</Quantity>
      <UnitOfMeasure>Unknown </UnitOfMeasure>
      <bIsWeighted>0</bIsWeighted>
      <QtyInPackage>1</QtyInPackage>
      <ItemPrice>17.70</ItemPrice>
      <UnitOfMeasurePrice>0.0000</UnitOfMeasurePrice>
      <AllowDiscount>1</AllowDiscount>
      <ItemStatus>1</ItemStatus>
      <ItemId>2457</ItemId>
    </Item>
    <Item>
      <PriceUpdateDate>2015-01-01 00:00:00</PriceUpdateDate>
      <ItemCode>7290000288352</ItemCode>
      <ItemType>1</ItemType>
      <ItemName>משמיד חרקים K300 סמ"</ItemName>
      <ManufacturerName>סנו</ManufacturerName>
      <ManufactureCountry>ישראל</ManufactureCountry>
      <ManufacturerItemDescription>משמיד חרקים K300 סמק               630</ManufacturerItemDescription>
      <UnitQty>מיליליטרים</UnitQty>
      <Quantity>630.00</Quantity>
      <UnitOfMeasure>100 מ"ל</UnitOfMeasure>
      <bIsWeighted>0</bIsWeighted>
      <QtyInPackage>1</QtyInPackage>
      <ItemPrice>22.90</ItemPrice>
      <UnitOfMeasurePrice>3.6349</UnitOfMeasurePrice>
      <AllowDiscount>1</AllowDiscount>
      <ItemStatus>1</ItemStatus>
      <ItemId>2460</ItemId>
    </Item>
    <Item>
      <PriceUpdateDate>2015-10-04 10:17:32</PriceUpdateDate>
      <ItemCode>7290000288390</ItemCode>
      <ItemType>1</ItemType>
      <ItemName>משמיד זבובים יתושים</ItemName>
      <ManufacturerName>סנו</ManufacturerName>
      <ManufactureCountry>ישראל</ManufactureCountry>
      <ManufacturerItemDescription>משמיד זבובים יתושים K600 יבש</ManufacturerItemDescription>
      <UnitQty>מיליליטרים</UnitQty>
      <Quantity>500.00</Quantity>
      <UnitOfMeasure>100 מ"ל</UnitOfMeasure>
      <bIsWeighted>0</bIsWeighted>
      <QtyInPackage>1</QtyInPackage>
      <ItemPrice>21.70</ItemPrice>
      <UnitOfMeasurePrice>4.3400</UnitOfMeasurePrice>
      <AllowDiscount>1</AllowDiscount>
      <ItemStatus>1</ItemStatus>
      <ItemId>2462</ItemId>
    </Item>
    <Item>
      <PriceUpdateDate>2015-10-04 10:17:32</PriceUpdateDate>
      <ItemCode>7290000288413</ItemCode>
      <ItemType>1</ItemType>
      <ItemName>סנו די דוחה יתושים</ItemName>
      <ManufacturerName>קוסמופארם</ManufacturerName>
      <ManufactureCountry>ישראל</ManufactureCountry>
      <ManufacturerItemDescription>סנו די דוחה יתושים כדורי</ManufacturerItemDescription>
      <UnitQty>מיליליטרים</UnitQty>
      <Quantity>50.00</Quantity>
      <UnitOfMeasure>100 מ"ל</UnitOfMeasure>
      <bIsWeighted>0</bIsWeighted>
      <QtyInPackage>1</QtyInPackage>
      <ItemPrice>20.30</ItemPrice>
      <UnitOfMeasurePrice>40.6000</UnitOfMeasurePrice>
      <AllowDiscount>1</AllowDiscount>
      <ItemStatus>1</ItemStatus>
      <ItemId>2463</ItemId>
    </Item>
    <Item>
      <PriceUpdateDate>2015-10-04 10:17:32</PriceUpdateDate>
      <ItemCode>7290000288642</ItemCode>
      <ItemType>1</ItemType>
      <ItemName>מרכך כביסה מקסימה</ItemName>
      <ManufacturerName>סנו</ManufacturerName>
      <ManufactureCountry>לא ידוע</ManufactureCountry>
      <ManufacturerItemDescription>מרכך כביסה מקסימה סנסטיב4 ל            "</ManufacturerItemDescription>
      <UnitQty>ליטרים</UnitQty>
      <Quantity>4.00</Quantity>
      <UnitOfMeasure>ליטר</UnitOfMeasure>
      <bIsWeighted>0</bIsWeighted>
      <QtyInPackage>1</QtyInPackage>
      <ItemPrice>21.70</ItemPrice>
      <UnitOfMeasurePrice>5.4250</UnitOfMeasurePrice>
      <AllowDiscount>1</AllowDiscount>
      <ItemStatus>1</ItemStatus>
      <ItemId>2467</ItemId>
    </Item>
    <Item>
      <PriceUpdateDate>2016-05-22 12:45:20</PriceUpdateDate>
      <ItemCode>7290002886925</ItemCode>
      <ItemType>1</ItemType>
      <ItemName>מרלבורו קצר גולד</ItemName>
      <ManufacturerName>פיליפ מוריס</ManufacturerName>
      <ManufactureCountry>לא ידוע</ManufactureCountry>
      <ManufacturerItemDescription>סיגריות מרלבורו קצר בוקס בודד</ManufacturerItemDescription>
      <UnitQty>Unknown </UnitQty>
      <Quantity>0.00</Quantity>
      <UnitOfMeasure>Unknown </UnitOfMeasure>
      <bIsWeighted>0</bIsWeighted>
      <QtyInPackage>1</QtyInPackage>
      <ItemPrice>36.80</ItemPrice>
      <UnitOfMeasurePrice>0.0000</UnitOfMeasurePrice>
      <AllowDiscount>0</AllowDiscount>
      <ItemStatus>1</ItemStatus>
      <ItemId>2468</ItemId>
    </Item>
    <Item>
      <PriceUpdateDate>2015-10-04 10:17:24</PriceUpdateDate>
      <ItemCode>7290002319221</ItemCode>
      <ItemType>1</ItemType>
      <ItemName>חיטה</ItemName>
      <ManufacturerName>מיה תעשיות מזון</ManufacturerName>
      <ManufactureCountry>ישראל</ManufactureCountry>
      <ManufacturerItemDescription>חיטה 500 גר                            .</ManufacturerItemDescription>
      <UnitQty>גרמים</UnitQty>
      <Quantity>500.00</Quantity>
      <UnitOfMeasure>100 גרם</UnitOfMeasure>
      <bIsWeighted>0</bIsWeighted>
      <QtyInPackage>1</QtyInPackage>
      <ItemPrice>5.80</ItemPrice>
      <UnitOfMeasurePrice>1.1600</UnitOfMeasurePrice>
      <AllowDiscount>1</AllowDiscount>
      <ItemStatus>1</ItemStatus>
      <ItemId>99284</ItemId>
    </Item>
    <Item>
      <PriceUpdateDate>2015-10-04 10:17:32</PriceUpdateDate>
      <ItemCode>7290000289069</ItemCode>
      <ItemType>1</ItemType>
      <ItemName>לניקוי כללי סנו JAVE</ItemName>
      <ManufacturerName>סנו</ManufacturerName>
      <ManufactureCountry>ישראל</ManufactureCountry>
      <ManufacturerItemDescription>לניקוי כללי סנו JAVELמתז1לימון</ManufacturerItemDescription>
      <UnitQty>ליטרים</UnitQty>
      <Quantity>1.00</Quantity>
      <UnitOfMeasure>ליטר</UnitOfMeasure>
      <bIsWeighted>0</bIsWeighted>
      <QtyInPackage>1</QtyInPackage>
      <ItemPrice>16.70</ItemPrice>
      <UnitOfMeasurePrice>16.7000</UnitOfMeasurePrice>
      <AllowDiscount>1</AllowDiscount>
      <ItemStatus>1</ItemStatus>
      <ItemId>2476</ItemId>
    </Item>
    <Item>
      <PriceUpdateDate>2016-08-28 14:02:42</PriceUpdateDate>
      <ItemCode>72994269</ItemCode>
      <ItemType>1</ItemType>
      <ItemName>מרלבורו טאצ</ItemName>
      <ManufacturerName>פיליפ מוריס</ManufacturerName>
      <ManufactureCountry>לא ידוע</ManufactureCountry>
      <ManufacturerItemDescription>סיגריות מרלבורו טאצ "גולד</ManufacturerItemDescription>
      <UnitQty>Unknown </UnitQty>
      <Quantity>0.00</Quantity>
      <UnitOfMeasure>Unknown </UnitOfMeasure>
      <bIsWeighted>0</bIsWeighted>
      <QtyInPackage>1</QtyInPackage>
      <ItemPrice>36.90</ItemPrice>
      <UnitOfMeasurePrice>0.0000</UnitOfMeasurePrice>
      <AllowDiscount>0</AllowDiscount>
      <ItemStatus>1</ItemStatus>
      <ItemId>81358</ItemId>
    </Item>
    <Item>
      <PriceUpdateDate>2015-10-04 10:17:32</PriceUpdateDate>
      <ItemCode>7290000289748</ItemCode>
      <ItemType>1</ItemType>
      <ItemName>סנו פורטה פלוס</ItemName>
      <ManufacturerName>סנו</ManufacturerName>
      <ManufactureCountry>ישראל</ManufactureCountry>
      <ManufacturerItemDescription>מסיר שומנים פורטה פלוס750 מל           .</ManufacturerItemDescription>
      <UnitQty>מיליליטרים</UnitQty>
      <Quantity>750.00</Quantity>
      <UnitOfMeasure>100 מ"ל</UnitOfMeasure>
      <bIsWeighted>0</bIsWeighted>
      <QtyInPackage>1</QtyInPackage>
      <ItemPrice>13.80</ItemPrice>
      <UnitOfMeasurePrice>1.8400</UnitOfMeasurePrice>
      <AllowDiscount>1</AllowDiscount>
      <ItemStatus>1</ItemStatus>
      <ItemId>2481</ItemId>
    </Item>
    <Item>
      <PriceUpdateDate>2015-11-05 14:16:45</PriceUpdateDate>
      <ItemCode>7290000289885</ItemCode>
      <ItemType>1</ItemType>
      <ItemName>מטהר אויר סנופרש יבש</ItemName>
      <ManufacturerName>סנו</ManufacturerName>
      <ManufactureCountry>ישראל</ManufactureCountry>
      <ManufacturerItemDescription>מ.אויר סנופרש ענק אושנבריז          375</ManufacturerItemDescription>
      <UnitQty>מיליליטרים</UnitQty>
      <Quantity>375.00</Quantity>
      <UnitOfMeasure>100 מ"ל</UnitOfMeasure>
      <bIsWeighted>0</bIsWeighted>
      <QtyInPackage>1</QtyInPackage>
      <ItemPrice>11.90</ItemPrice>
      <UnitOfMeasurePrice>3.1733</UnitOfMeasurePrice>
      <AllowDiscount>1</AllowDiscount>
      <ItemStatus>1</ItemStatus>
      <ItemId>2482</ItemId>
    </Item>
    <Item>
      <PriceUpdateDate>2016-04-19 07:31:38</PriceUpdateDate>
      <ItemCode>7290015597425</ItemCode>
      <ItemType>1</ItemType>
      <ItemName>שלגון מקס</ItemName>
      <ManufacturerName>שטראוס</ManufacturerName>
      <ManufactureCountry>ישראל</ManufactureCountry>
      <ManufacturerItemDescription>שלגון מקס</ManufacturerItemDescription>
      <UnitQty>גרמים</UnitQty>
      <Quantity>106.00</Quantity>
      <UnitOfMeasure>100 גרם</UnitOfMeasure>
      <bIsWeighted>0</bIsWeighted>
      <QtyInPackage>1</QtyInPackage>
      <ItemPrice>5.80</ItemPrice>
      <UnitOfMeasurePrice>5.4717</UnitOfMeasurePrice>
      <AllowDiscount>1</AllowDiscount>
      <ItemStatus>1</ItemStatus>
      <ItemId>108792</ItemId>
    </Item>
    <Item>
      <PriceUpdateDate>2015-10-04 10:19:05</PriceUpdateDate>
      <ItemCode>7290002900207</ItemCode>
      <ItemType>1</ItemType>
      <ItemName>המבורגר אמיתי 400 10</ItemName>
      <ManufacturerName>טירת צבי</ManufacturerName>
      <ManufactureCountry>ישראל</ManufactureCountry>
      <ManufacturerItemDescription>המבורגר אמיתי 400 100% גרם</ManufacturerItemDescription>
      <UnitQty>גרמים</UnitQty>
      <Quantity>400.00</Quantity>
      <UnitOfMeasure>100 גרם</UnitOfMeasure>
      <bIsWeighted>0</bIsWeighted>
      <QtyInPackage>1</QtyInPackage>
      <ItemPrice>21.50</ItemPrice>
      <UnitOfMeasurePrice>5.3750</UnitOfMeasurePrice>
      <AllowDiscount>1</AllowDiscount>
      <ItemStatus>1</ItemStatus>
      <ItemId>2486</ItemId>
    </Item>
    <Item>
      <PriceUpdateDate>2015-10-04 10:19:05</PriceUpdateDate>
      <ItemCode>7290002900214</ItemCode>
      <ItemType>1</ItemType>
      <ItemName>קבב מזרחי 450 גרם</ItemName>
      <ManufacturerName>טירת צבי</ManufacturerName>
      <ManufactureCountry>ישראל</ManufactureCountry>
      <ManufacturerItemDescription>קבב מזרחי 450 גרם</ManufacturerItemDescription>
      <UnitQty>גרמים</UnitQty>
      <Quantity>450.00</Quantity>
      <UnitOfMeasure>100 גרם</UnitOfMeasure>
      <bIsWeighted>0</bIsWeighted>
      <QtyInPackage>1</QtyInPackage>
      <ItemPrice>21.50</ItemPrice>
      <UnitOfMeasurePrice>4.7778</UnitOfMeasurePrice>
      <AllowDiscount>1</AllowDiscount>
      <ItemStatus>1</ItemStatus>
      <ItemId>2487</ItemId>
    </Item>
    <Item>
      <PriceUpdateDate>2015-10-04 10:17:32</PriceUpdateDate>
      <ItemCode>7290000292311</ItemCode>
      <ItemType>1</ItemType>
      <ItemName>פוליויקס רצפה סחלבים</ItemName>
      <ManufacturerName>סנו</ManufacturerName>
      <ManufactureCountry>ישראל</ManufactureCountry>
      <ManufacturerItemDescription>לרצפה פוליויקס 2 ל.סחלבים</ManufacturerItemDescription>
      <UnitQty>ליטרים</UnitQty>
      <Quantity>2.00</Quantity>
      <UnitOfMeasure>ליטר</UnitOfMeasure>
      <bIsWeighted>0</bIsWeighted>
      <QtyInPackage>1</QtyInPackage>
      <ItemPrice>26.60</ItemPrice>
      <UnitOfMeasurePrice>13.3000</UnitOfMeasurePrice>
      <AllowDiscount>1</AllowDiscount>
      <ItemStatus>1</ItemStatus>
      <ItemId>2510</ItemId>
    </Item>
    <Item>
      <PriceUpdateDate>2015-10-04 10:17:32</PriceUpdateDate>
      <ItemCode>7290000292564</ItemCode>
      <ItemType>1</ItemType>
      <ItemName>משמיד חרקים K2000 לל</ItemName>
      <ManufacturerName>סנו</ManufacturerName>
      <ManufactureCountry>ישראל</ManufactureCountry>
      <ManufacturerItemDescription>משמיד חרקים K2000 ללא ריח           750</ManufacturerItemDescription>
      <UnitQty>מיליליטרים</UnitQty>
      <Quantity>750.00</Quantity>
      <UnitOfMeasure>100 מ"ל</UnitOfMeasure>
      <bIsWeighted>0</bIsWeighted>
      <QtyInPackage>1</QtyInPackage>
      <ItemPrice>34.60</ItemPrice>
      <UnitOfMeasurePrice>4.6133</UnitOfMeasurePrice>
      <AllowDiscount>1</AllowDiscount>
      <ItemStatus>1</ItemStatus>
      <ItemId>2516</ItemId>
    </Item>
    <Item>
      <PriceUpdateDate>2015-01-01 00:00:00</PriceUpdateDate>
      <ItemCode>7290000292687</ItemCode>
      <ItemType>1</ItemType>
      <ItemName>סנובון לאסלה כחול1/3</ItemName>
      <ManufacturerName>סנו</ManufacturerName>
      <ManufactureCountry>ישראל</ManufactureCountry>
      <ManufacturerItemDescription>סנובון לאסלה כחול                   1/3</ManufacturerItemDescription>
      <UnitQty>גרמים</UnitQty>
      <Quantity>165.00</Quantity>
      <UnitOfMeasure>100 גרם</UnitOfMeasure>
      <bIsWeighted>0</bIsWeighted>
      <QtyInPackage>3</QtyInPackage>
      <ItemPrice>18.90</ItemPrice>
      <UnitOfMeasurePrice>11.4545</UnitOfMeasurePrice>
      <AllowDiscount>1</AllowDiscount>
      <ItemStatus>1</ItemStatus>
      <ItemId>2518</ItemId>
    </Item>
    <Item>
      <PriceUpdateDate>2015-10-04 10:19:14</PriceUpdateDate>
      <ItemCode>7290101450900</ItemCode>
      <ItemType>1</ItemType>
      <ItemName>נרות ג"מבו כוכבים</ItemName>
      <ManufacturerName>שמחה</ManufacturerName>
      <ManufactureCountry>לא ידוע</ManufactureCountry>
      <ManufacturerItemDescription>נרות גמבו כוכבים ממותג</ManufacturerItemDescription>
      <UnitQty>Unknown </UnitQty>
      <Quantity>0.00</Quantity>
      <UnitOfMeasure>Unknown </UnitOfMeasure>
      <bIsWeighted>0</bIsWeighted>
      <QtyInPackage>1</QtyInPackage>
      <ItemPrice>7.40</ItemPrice>
      <UnitOfMeasurePrice>0.0000</UnitOfMeasurePrice>
      <AllowDiscount>1</AllowDiscount>
      <ItemStatus>1</ItemStatus>
      <ItemId>94875</ItemId>
    </Item>
    <Item>
      <PriceUpdateDate>2015-10-04 10:17:32</PriceUpdateDate>
      <ItemCode>7290000292915</ItemCode>
      <ItemType>1</ItemType>
      <ItemName>סנו רסס ונגב750 מל</ItemName>
      <ManufacturerName>סנו</ManufacturerName>
      <ManufactureCountry>ישראל</ManufactureCountry>
      <ManufacturerItemDescription>לניקוי כללי רסס ונגב750 מל</ManufacturerItemDescription>
      <UnitQty>מיליליטרים</UnitQty>
      <Quantity>750.00</Quantity>
      <UnitOfMeasure>100 מ"ל</UnitOfMeasure>
      <bIsWeighted>0</bIsWeighted>
      <QtyInPackage>1</QtyInPackage>
      <ItemPrice>14.80</ItemPrice>
      <UnitOfMeasurePrice>1.9733</UnitOfMeasurePrice>
      <AllowDiscount>1</AllowDiscount>
      <ItemStatus>1</ItemStatus>
      <ItemId>2519</ItemId>
    </Item>
    <Item>
      <PriceUpdateDate>2015-10-04 10:17:32</PriceUpdateDate>
      <ItemCode>7290000293073</ItemCode>
      <ItemType>1</ItemType>
      <ItemName>מרכך כביסה מקסימה בי</ItemName>
      <ManufacturerName>סנו</ManufacturerName>
      <ManufactureCountry>לא ידוע</ManufactureCountry>
      <ManufacturerItemDescription>מרכך כביסה מקסימה ביו 4  ל</ManufacturerItemDescription>
      <UnitQty>ליטרים</UnitQty>
      <Quantity>4.00</Quantity>
      <UnitOfMeasure>ליטר</UnitOfMeasure>
      <bIsWeighted>0</bIsWeighted>
      <QtyInPackage>1</QtyInPackage>
      <ItemPrice>21.70</ItemPrice>
      <UnitOfMeasurePrice>5.4250</UnitOfMeasurePrice>
      <AllowDiscount>1</AllowDiscount>
      <ItemStatus>1</ItemStatus>
      <ItemId>2521</ItemId>
    </Item>
    <Item>
      <PriceUpdateDate>2015-10-04 10:17:33</PriceUpdateDate>
      <ItemCode>7290000293516</ItemCode>
      <ItemType>1</ItemType>
      <ItemName>סנו סופג לחות</ItemName>
      <ManufacturerName>סנו</ManufacturerName>
      <ManufactureCountry>ישראל</ManufactureCountry>
      <ManufacturerItemDescription>סנו סופג לחות 340 גר                   .</ManufacturerItemDescription>
      <UnitQty>גרמים</UnitQty>
      <Quantity>340.00</Quantity>
      <UnitOfMeasure>100 גרם</UnitOfMeasure>
      <bIsWeighted>0</bIsWeighted>
      <QtyInPackage>1</QtyInPackage>
      <ItemPrice>26.60</ItemPrice>
      <UnitOfMeasurePrice>7.8235</UnitOfMeasurePrice>
      <AllowDiscount>1</AllowDiscount>
      <ItemStatus>1</ItemStatus>
      <ItemId>2523</ItemId>
    </Item>
    <Item>
      <PriceUpdateDate>2015-01-01 00:00:00</PriceUpdateDate>
      <ItemCode>7290000293943</ItemCode>
      <ItemType>1</ItemType>
      <ItemName>מסיר אבנית אנטיקאלק</ItemName>
      <ManufacturerName>סנו</ManufacturerName>
      <ManufactureCountry>ישראל</ManufactureCountry>
      <ManufacturerItemDescription>מסיר אבנית אנטיקאלק מתז1 ל             .</ManufacturerItemDescription>
      <UnitQty>ליטרים</UnitQty>
      <Quantity>1.00</Quantity>
      <UnitOfMeasure>ליטר</UnitOfMeasure>
      <bIsWeighted>0</bIsWeighted>
      <QtyInPackage>1</QtyInPackage>
      <ItemPrice>17.90</ItemPrice>
      <UnitOfMeasurePrice>17.9000</UnitOfMeasurePrice>
      <AllowDiscount>1</AllowDiscount>
      <ItemStatus>1</ItemStatus>
      <ItemId>2527</ItemId>
    </Item>
    <Item>
      <PriceUpdateDate>2015-10-04 10:17:33</PriceUpdateDate>
      <ItemCode>7290000294780</ItemCode>
      <ItemType>1</ItemType>
      <ItemName>אקונומיקה JAVEL ל .ס</ItemName>
      <ManufacturerName>סנו</ManufacturerName>
      <ManufactureCountry>לא ידוע</ManufactureCountry>
      <ManufacturerItemDescription>אקונומיקה JAVEL ל .סמיכה               4</ManufacturerItemDescription>
      <UnitQty>ליטרים</UnitQty>
      <Quantity>4.00</Quantity>
      <UnitOfMeasure>ליטר</UnitOfMeasure>
      <bIsWeighted>0</bIsWeighted>
      <QtyInPackage>1</QtyInPackage>
      <ItemPrice>15.70</ItemPrice>
      <UnitOfMeasurePrice>3.9250</UnitOfMeasurePrice>
      <AllowDiscount>1</AllowDiscount>
      <ItemStatus>1</ItemStatus>
      <ItemId>2537</ItemId>
    </Item>
    <Item>
      <PriceUpdateDate>2015-10-04 10:17:33</PriceUpdateDate>
      <ItemCode>7290000295749</ItemCode>
      <ItemType>1</ItemType>
      <ItemName>ספוג כיף סאקי מסאג</ItemName>
      <ManufacturerName>קוסמופארם</ManufacturerName>
      <ManufactureCountry>ישראל</ManufactureCountry>
      <ManufacturerItemDescription>ספוג כיף סאקי מסאז</ManufacturerItemDescription>
      <UnitQty>Unknown </UnitQty>
      <Quantity>0.00</Quantity>
      <UnitOfMeasure>Unknown </UnitOfMeasure>
      <bIsWeighted>0</bIsWeighted>
      <QtyInPackage>1</QtyInPackage>
      <ItemPrice>11.20</ItemPrice>
      <UnitOfMeasurePrice>0.0000</UnitOfMeasurePrice>
      <AllowDiscount>1</AllowDiscount>
      <ItemStatus>1</ItemStatus>
      <ItemId>2549</ItemId>
    </Item>
    <Item>
      <PriceUpdateDate>2015-10-04 10:16:42</PriceUpdateDate>
      <ItemCode>7290002987963</ItemCode>
      <ItemType>1</ItemType>
      <ItemName>סלט חומוס אחלה</ItemName>
      <ManufacturerName>שטראוס גרופ</ManufacturerName>
      <ManufactureCountry>ישראל</ManufactureCountry>
      <ManufacturerItemDescription>סלט חומוס אחלה 1 ק"ג</ManufacturerItemDescription>
      <UnitQty>קילוגרמים</UnitQty>
      <Quantity>1.00</Quantity>
      <UnitOfMeasure>ק"ג</UnitOfMeasure>
      <bIsWeighted>0</bIsWeighted>
      <QtyInPackage>1</QtyInPackage>
      <ItemPrice>15.70</ItemPrice>
      <UnitOfMeasurePrice>15.7000</UnitOfMeasurePrice>
      <AllowDiscount>1</AllowDiscount>
      <ItemStatus>1</ItemStatus>
      <ItemId>2560</ItemId>
    </Item>
    <Item>
      <PriceUpdateDate>2015-08-12 10:24:44</PriceUpdateDate>
      <ItemCode>7290000300900</ItemCode>
      <ItemType>1</ItemType>
      <ItemName>שניצל תירס טבעול  .</ItemName>
      <ManufacturerName>טבעול</ManufacturerName>
      <ManufactureCountry>לא ידוע</ManufactureCountry>
      <ManufacturerItemDescription>שניצל תירס 750 גרם טבעול</ManufacturerItemDescription>
      <UnitQty>גרמים</UnitQty>
      <Quantity>750.00</Quantity>
      <UnitOfMeasure>100 גרם</UnitOfMeasure>
      <bIsWeighted>0</bIsWeighted>
      <QtyInPackage>1</QtyInPackage>
      <ItemPrice>29.70</ItemPrice>
      <UnitOfMeasurePrice>3.9600</UnitOfMeasurePrice>
      <AllowDiscount>1</AllowDiscount>
      <ItemStatus>1</ItemStatus>
      <ItemId>2623</ItemId>
    </Item>
    <Item>
      <PriceUpdateDate>2015-10-04 10:18:15</PriceUpdateDate>
      <ItemCode>7290003009640</ItemCode>
      <ItemType>1</ItemType>
      <ItemName>מיץ סחוט תפוזים</ItemName>
      <ManufacturerName>פריגת מצוננים</ManufacturerName>
      <ManufactureCountry>ישראל</ManufactureCountry>
      <ManufacturerItemDescription>מיץ סחוט תפוזים 1 ל</ManufacturerItemDescription>
      <UnitQty>ליטרים</UnitQty>
      <Quantity>1.00</Quantity>
      <UnitOfMeasure>ליטר</UnitOfMeasure>
      <bIsWeighted>0</bIsWeighted>
      <QtyInPackage>1</QtyInPackage>
      <ItemPrice>15.50</ItemPrice>
      <UnitOfMeasurePrice>15.5000</UnitOfMeasurePrice>
      <AllowDiscount>1</AllowDiscount>
      <ItemStatus>1</ItemStatus>
      <ItemId>2632</ItemId>
    </Item>
    <Item>
      <PriceUpdateDate>2015-10-04 10:18:56</PriceUpdateDate>
      <ItemCode>3014260262709</ItemCode>
      <ItemType>1</ItemType>
      <ItemName>סכיני גילוח וונוס X</ItemName>
      <ManufacturerName>פרוקטר אנד גמבל</ManufacturerName>
      <ManufactureCountry>פולין</ManufactureCountry>
      <ManufacturerItemDescription>סכיני גילוח וונוס                     X</ManufacturerItemDescription>
      <UnitQty>Unknown </UnitQty>
      <Quantity>0.00</Quantity>
      <UnitOfMeasure>Unknown </UnitOfMeasure>
      <bIsWeighted>0</bIsWeighted>
      <QtyInPackage>1</QtyInPackage>
      <ItemPrice>52.40</ItemPrice>
      <UnitOfMeasurePrice>0.0000</UnitOfMeasurePrice>
      <AllowDiscount>1</AllowDiscount>
      <ItemStatus>1</ItemStatus>
      <ItemId>2656</ItemId>
    </Item>
    <Item>
      <PriceUpdateDate>2016-02-15 07:38:46</PriceUpdateDate>
      <ItemCode>38000844966</ItemCode>
      <ItemType>1</ItemType>
      <ItemName>פרינגלס אורגינל 161</ItemName>
      <ManufacturerName>פרינגלס מניופקצ'ורינ</ManufacturerName>
      <ManufactureCountry>ארצות הברית</ManufactureCountry>
      <ManufacturerItemDescription>פרינגלס אורגינל 161 גרם</ManufacturerItemDescription>
      <UnitQty>גרמים</UnitQty>
      <Quantity>161.00</Quantity>
      <UnitOfMeasure>100 גרם</UnitOfMeasure>
      <bIsWeighted>0</bIsWeighted>
      <QtyInPackage>1</QtyInPackage>
      <ItemPrice>11.40</ItemPrice>
      <UnitOfMeasurePrice>7.0807</UnitOfMeasurePrice>
      <AllowDiscount>1</AllowDiscount>
      <ItemStatus>1</ItemStatus>
      <ItemId>90409</ItemId>
    </Item>
    <Item>
      <PriceUpdateDate>2015-10-04 10:18:17</PriceUpdateDate>
      <ItemCode>7290000301778</ItemCode>
      <ItemType>1</ItemType>
      <ItemName>כרובית בציפוי פריך</ItemName>
      <ManufacturerName>טבעול</ManufacturerName>
      <ManufactureCountry>לא ידוע</ManufactureCountry>
      <ManufacturerItemDescription>כרובית בציפוי פריך 500 גר              "</ManufacturerItemDescription>
      <UnitQty>גרמים</UnitQty>
      <Quantity>500.00</Quantity>
      <UnitOfMeasure>100 גרם</UnitOfMeasure>
      <bIsWeighted>0</bIsWeighted>
      <QtyInPackage>1</QtyInPackage>
      <ItemPrice>30.60</ItemPrice>
      <UnitOfMeasurePrice>6.1200</UnitOfMeasurePrice>
      <AllowDiscount>1</AllowDiscount>
      <ItemStatus>1</ItemStatus>
      <ItemId>2683</ItemId>
    </Item>
    <Item>
      <PriceUpdateDate>2015-10-04 10:18:18</PriceUpdateDate>
      <ItemCode>7290003026227</ItemCode>
      <ItemType>1</ItemType>
      <ItemName>קמיל בלו סנסיטיב</ItemName>
      <ManufacturerName>ד"ר פישר</ManufacturerName>
      <ManufactureCountry>ישראל</ManufactureCountry>
      <ManufacturerItemDescription>קמיל בלו סנסיטיב שמפו אלדמע1ל          .</ManufacturerItemDescription>
      <UnitQty>ליטרים</UnitQty>
      <Quantity>1.00</Quantity>
      <UnitOfMeasure>ליטר</UnitOfMeasure>
      <bIsWeighted>0</bIsWeighted>
      <QtyInPackage>1</QtyInPackage>
      <ItemPrice>32.60</ItemPrice>
      <UnitOfMeasurePrice>32.6000</UnitOfMeasurePrice>
      <AllowDiscount>1</AllowDiscount>
      <ItemStatus>1</ItemStatus>
      <ItemId>2713</ItemId>
    </Item>
    <Item>
      <PriceUpdateDate>2015-10-04 10:16:42</PriceUpdateDate>
      <ItemCode>7290003029181</ItemCode>
      <ItemType>1</ItemType>
      <ItemName>שוקו יוטבתה בקבוק</ItemName>
      <ManufacturerName>שטראוס גרופ</ManufacturerName>
      <ManufactureCountry>ישראל</ManufactureCountry>
      <ManufacturerItemDescription>שוקו יוטבתה1 ל.בקבוק</ManufacturerItemDescription>
      <UnitQty>ליטרים</UnitQty>
      <Quantity>1.00</Quantity>
      <UnitOfMeasure>ליטר</UnitOfMeasure>
      <bIsWeighted>0</bIsWeighted>
      <QtyInPackage>1</QtyInPackage>
      <ItemPrice>12.80</ItemPrice>
      <UnitOfMeasurePrice>12.8000</UnitOfMeasurePrice>
      <AllowDiscount>1</AllowDiscount>
      <ItemStatus>1</ItemStatus>
      <ItemId>2721</ItemId>
    </Item>
    <Item>
      <PriceUpdateDate>2015-06-19 10:52:32</PriceUpdateDate>
      <ItemCode>7290003029433</ItemCode>
      <ItemType>1</ItemType>
      <ItemName>שוקו יטבתה ספורט</ItemName>
      <ManufacturerName>שטראוס גרופ</ManufacturerName>
      <ManufactureCountry>ישראל</ManufactureCountry>
      <ManufacturerItemDescription>שוקו יטבתה ספורטאים 250 מ"ל</ManufacturerItemDescription>
      <UnitQty>מיליליטרים</UnitQty>
      <Quantity>250.00</Quantity>
      <UnitOfMeasure>100 מ"ל</UnitOfMeasure>
      <bIsWeighted>0</bIsWeighted>
      <QtyInPackage>1</QtyInPackage>
      <ItemPrice>5.50</ItemPrice>
      <UnitOfMeasurePrice>2.2000</UnitOfMeasurePrice>
      <AllowDiscount>1</AllowDiscount>
      <ItemStatus>1</ItemStatus>
      <ItemId>2728</ItemId>
    </Item>
    <Item>
      <PriceUpdateDate>2015-08-03 07:55:57</PriceUpdateDate>
      <ItemCode>7290000303581</ItemCode>
      <ItemType>1</ItemType>
      <ItemName>פול מצרי         A2</ItemName>
      <ManufacturerName>ויטה פרי גליל</ManufacturerName>
      <ManufactureCountry>ישראל</ManufactureCountry>
      <ManufacturerItemDescription>פול מצרי A2 גר                     560</ManufacturerItemDescription>
      <UnitQty>גרמים</UnitQty>
      <Quantity>560.00</Quantity>
      <UnitOfMeasure>100 גרם</UnitOfMeasure>
      <bIsWeighted>0</bIsWeighted>
      <QtyInPackage>1</QtyInPackage>
      <ItemPrice>6.70</ItemPrice>
      <UnitOfMeasurePrice>1.1964</UnitOfMeasurePrice>
      <AllowDiscount>1</AllowDiscount>
      <ItemStatus>1</ItemStatus>
      <ItemId>2733</ItemId>
    </Item>
    <Item>
      <PriceUpdateDate>2015-08-27 12:55:56</PriceUpdateDate>
      <ItemCode>3045140105502</ItemCode>
      <ItemType>1</ItemType>
      <ItemName>שוקולד מילקה חלב</ItemName>
      <ManufacturerName>מונדלייז</ManufacturerName>
      <ManufactureCountry>גרמניה</ManufactureCountry>
      <ManufacturerItemDescription>שוקולד מילקה חלב 100 גר</ManufacturerItemDescription>
      <UnitQty>גרמים</UnitQty>
      <Quantity>100.00</Quantity>
      <UnitOfMeasure>100 גרם</UnitOfMeasure>
      <bIsWeighted>0</bIsWeighted>
      <QtyInPackage>1</QtyInPackage>
      <ItemPrice>9.90</ItemPrice>
      <UnitOfMeasurePrice>9.9000</UnitOfMeasurePrice>
      <AllowDiscount>1</AllowDiscount>
      <ItemStatus>1</ItemStatus>
      <ItemId>2736</ItemId>
    </Item>
    <Item>
      <PriceUpdateDate>2015-11-05 14:17:34</PriceUpdateDate>
      <ItemCode>7290003054015</ItemCode>
      <ItemType>1</ItemType>
      <ItemName>מלח מופחת נתרן</ItemName>
      <ManufacturerName>מסטמכר</ManufacturerName>
      <ManufactureCountry>בריטניה</ManufactureCountry>
      <ManufacturerItemDescription>מלח מופחת נתרן 350 גרם</ManufacturerItemDescription>
      <UnitQty>גרמים</UnitQty>
      <Quantity>350.00</Quantity>
      <UnitOfMeasure>100 גרם</UnitOfMeasure>
      <bIsWeighted>0</bIsWeighted>
      <QtyInPackage>1</QtyInPackage>
      <ItemPrice>17.90</ItemPrice>
      <UnitOfMeasurePrice>5.1143</UnitOfMeasurePrice>
      <AllowDiscount>1</AllowDiscount>
      <ItemStatus>1</ItemStatus>
      <ItemId>2760</ItemId>
    </Item>
    <Item>
      <PriceUpdateDate>2016-07-20 06:58:47</PriceUpdateDate>
      <ItemCode>7290003054183</ItemCode>
      <ItemType>1</ItemType>
      <ItemName>לחם שיפון</ItemName>
      <ManufacturerName>מסטמכר</ManufacturerName>
      <ManufactureCountry>גרמניה</ManufactureCountry>
      <ManufacturerItemDescription>לחם שיפון מסטמכר 500 גר                .</ManufacturerItemDescription>
      <UnitQty>גרמים</UnitQty>
      <Quantity>500.00</Quantity>
      <UnitOfMeasure>100 גרם</UnitOfMeasure>
      <bIsWeighted>0</bIsWeighted>
      <QtyInPackage>1</QtyInPackage>
      <ItemPrice>13.80</ItemPrice>
      <UnitOfMeasurePrice>2.7600</UnitOfMeasurePrice>
      <AllowDiscount>1</AllowDiscount>
      <ItemStatus>1</ItemStatus>
      <ItemId>2769</ItemId>
    </Item>
    <Item>
      <PriceUpdateDate>2016-07-20 06:58:47</PriceUpdateDate>
      <ItemCode>7290003054213</ItemCode>
      <ItemType>1</ItemType>
      <ItemName>לחם שיפון כפרי</ItemName>
      <ManufacturerName>מסטמכר</ManufacturerName>
      <ManufactureCountry>גרמניה</ManufactureCountry>
      <ManufacturerItemDescription>לחם שיפון כפרי מסטמכר 500 גר           .</ManufacturerItemDescription>
      <UnitQty>גרמים</UnitQty>
      <Quantity>500.00</Quantity>
      <UnitOfMeasure>100 גרם</UnitOfMeasure>
      <bIsWeighted>0</bIsWeighted>
      <QtyInPackage>1</QtyInPackage>
      <ItemPrice>13.80</ItemPrice>
      <UnitOfMeasurePrice>2.7600</UnitOfMeasurePrice>
      <AllowDiscount>1</AllowDiscount>
      <ItemStatus>1</ItemStatus>
      <ItemId>2772</ItemId>
    </Item>
    <Item>
      <PriceUpdateDate>2015-07-08 09:28:42</PriceUpdateDate>
      <ItemCode>7290003060009</ItemCode>
      <ItemType>1</ItemType>
      <ItemName>קמח לבן</ItemName>
      <ManufacturerName>טחנות ישראל</ManufacturerName>
      <ManufactureCountry>ישראל</ManufactureCountry>
      <ManufacturerItemDescription>קמח לבן1 קג</ManufacturerItemDescription>
      <UnitQty>קילוגרמים</UnitQty>
      <Quantity>1.00</Quantity>
      <UnitOfMeasure>ק"ג</UnitOfMeasure>
      <bIsWeighted>0</bIsWeighted>
      <QtyInPackage>1</QtyInPackage>
      <ItemPrice>3.90</ItemPrice>
      <UnitOfMeasurePrice>3.9000</UnitOfMeasurePrice>
      <AllowDiscount>1</AllowDiscount>
      <ItemStatus>1</ItemStatus>
      <ItemId>2794</ItemId>
    </Item>
    <Item>
      <PriceUpdateDate>2015-01-01 00:00:00</PriceUpdateDate>
      <ItemCode>7290003060023</ItemCode>
      <ItemType>1</ItemType>
      <ItemName>סולת 1 קג</ItemName>
      <ManufacturerName>טחנות ישראל</ManufacturerName>
      <ManufactureCountry>ישראל</ManufactureCountry>
      <ManufacturerItemDescription>סולת 1 קג</ManufacturerItemDescription>
      <UnitQty>קילוגרמים</UnitQty>
      <Quantity>1.00</Quantity>
      <UnitOfMeasure>ק"ג</UnitOfMeasure>
      <bIsWeighted>0</bIsWeighted>
      <QtyInPackage>1</QtyInPackage>
      <ItemPrice>4.10</ItemPrice>
      <UnitOfMeasurePrice>4.1000</UnitOfMeasurePrice>
      <AllowDiscount>1</AllowDiscount>
      <ItemStatus>1</ItemStatus>
      <ItemId>2795</ItemId>
    </Item>
    <Item>
      <PriceUpdateDate>2015-08-03 07:55:57</PriceUpdateDate>
      <ItemCode>7290000307015</ItemCode>
      <ItemType>1</ItemType>
      <ItemName>אפונה בינונית</ItemName>
      <ManufacturerName>פרי הגליל בעמ</ManufacturerName>
      <ManufactureCountry>ישראל</ManufactureCountry>
      <ManufacturerItemDescription>אפונה בינונית 550 גרם</ManufacturerItemDescription>
      <UnitQty>גרמים</UnitQty>
      <Quantity>550.00</Quantity>
      <UnitOfMeasure>100 גרם</UnitOfMeasure>
      <bIsWeighted>0</bIsWeighted>
      <QtyInPackage>1</QtyInPackage>
      <ItemPrice>7.20</ItemPrice>
      <UnitOfMeasurePrice>1.3091</UnitOfMeasurePrice>
      <AllowDiscount>1</AllowDiscount>
      <ItemStatus>1</ItemStatus>
      <ItemId>2797</ItemId>
    </Item>
    <Item>
      <PriceUpdateDate>2015-08-03 07:55:58</PriceUpdateDate>
      <ItemCode>7290000307046</ItemCode>
      <ItemType>1</ItemType>
      <ItemName>אפונה וגזר</ItemName>
      <ManufacturerName>ויטה פרי גליל</ManufacturerName>
      <ManufactureCountry>ישראל</ManufactureCountry>
      <ManufacturerItemDescription>אפונה וגזר550 גר</ManufacturerItemDescription>
      <UnitQty>גרמים</UnitQty>
      <Quantity>550.00</Quantity>
      <UnitOfMeasure>100 גרם</UnitOfMeasure>
      <bIsWeighted>0</bIsWeighted>
      <QtyInPackage>1</QtyInPackage>
      <ItemPrice>7.20</ItemPrice>
      <UnitOfMeasurePrice>1.3091</UnitOfMeasurePrice>
      <AllowDiscount>1</AllowDiscount>
      <ItemStatus>1</ItemStatus>
      <ItemId>2798</ItemId>
    </Item>
    <Item>
      <PriceUpdateDate>2015-08-03 07:55:58</PriceUpdateDate>
      <ItemCode>7290000307220</ItemCode>
      <ItemType>1</ItemType>
      <ItemName>תירס גרעינים בואקום</ItemName>
      <ManufacturerName>ויטה פרי גליל</ManufacturerName>
      <ManufactureCountry>ישראל</ManufactureCountry>
      <ManufacturerItemDescription>תירס גרעינים בואקום 340 גרם</ManufacturerItemDescription>
      <UnitQty>גרמים</UnitQty>
      <Quantity>340.00</Quantity>
      <UnitOfMeasure>100 גרם</UnitOfMeasure>
      <bIsWeighted>0</bIsWeighted>
      <QtyInPackage>1</QtyInPackage>
      <ItemPrice>7.20</ItemPrice>
      <UnitOfMeasurePrice>2.1176</UnitOfMeasurePrice>
      <AllowDiscount>1</AllowDiscount>
      <ItemStatus>1</ItemStatus>
      <ItemId>2799</ItemId>
    </Item>
    <Item>
      <PriceUpdateDate>2016-03-23 13:53:30</PriceUpdateDate>
      <ItemCode>7290000307237</ItemCode>
      <ItemType>1</ItemType>
      <ItemName>תירס גרעינים550 גר .</ItemName>
      <ManufacturerName>ויטה פרי גליל</ManufacturerName>
      <ManufactureCountry>ישראל</ManufactureCountry>
      <ManufacturerItemDescription>תירס גרעינים 550 גר.פריגלי</ManufacturerItemDescription>
      <UnitQty>גרמים</UnitQty>
      <Quantity>550.00</Quantity>
      <UnitOfMeasure>100 גרם</UnitOfMeasure>
      <bIsWeighted>0</bIsWeighted>
      <QtyInPackage>1</QtyInPackage>
      <ItemPrice>7.90</ItemPrice>
      <UnitOfMeasurePrice>1.4364</UnitOfMeasurePrice>
      <AllowDiscount>1</AllowDiscount>
      <ItemStatus>1</ItemStatus>
      <ItemId>2800</ItemId>
    </Item>
    <Item>
      <PriceUpdateDate>2015-07-26 09:40:13</PriceUpdateDate>
      <ItemCode>7290014002203</ItemCode>
      <ItemType>1</ItemType>
      <ItemName>חליטת צמחים לימונית</ItemName>
      <ManufacturerName>ויסוצקי</ManufacturerName>
      <ManufactureCountry>לא ידוע</ManufactureCountry>
      <ManufacturerItemDescription>חליטת לימונית ולואיזה</ManufacturerItemDescription>
      <UnitQty>גרמים</UnitQty>
      <Quantity>37.00</Quantity>
      <UnitOfMeasure>100 גרם</UnitOfMeasure>
      <bIsWeighted>0</bIsWeighted>
      <QtyInPackage>1</QtyInPackage>
      <ItemPrice>18.70</ItemPrice>
      <UnitOfMeasurePrice>50.5405</UnitOfMeasurePrice>
      <AllowDiscount>1</AllowDiscount>
      <ItemStatus>1</ItemStatus>
      <ItemId>85339</ItemId>
    </Item>
    <Item>
      <PriceUpdateDate>2015-08-03 07:55:58</PriceUpdateDate>
      <ItemCode>7290000307336</ItemCode>
      <ItemType>1</ItemType>
      <ItemName>שעועית צהובה     A2</ItemName>
      <ManufacturerName>ויטה פרי גליל</ManufacturerName>
      <ManufactureCountry>ישראל</ManufactureCountry>
      <ManufacturerItemDescription>שעועית צהובה                         A2</ManufacturerItemDescription>
      <UnitQty>גרמים</UnitQty>
      <Quantity>550.00</Quantity>
      <UnitOfMeasure>100 גרם</UnitOfMeasure>
      <bIsWeighted>0</bIsWeighted>
      <QtyInPackage>1</QtyInPackage>
      <ItemPrice>7.70</ItemPrice>
      <UnitOfMeasurePrice>1.4000</UnitOfMeasurePrice>
      <AllowDiscount>1</AllowDiscount>
      <ItemStatus>1</ItemStatus>
      <ItemId>2804</ItemId>
    </Item>
    <Item>
      <PriceUpdateDate>2015-08-03 07:55:57</PriceUpdateDate>
      <ItemCode>7290000307343</ItemCode>
      <ItemType>1</ItemType>
      <ItemName>שעועית ירוקה</ItemName>
      <ManufacturerName>ויטה פרי גליל</ManufacturerName>
      <ManufactureCountry>ישראל</ManufactureCountry>
      <ManufacturerItemDescription>שע ירוקה א -2פג</ManufacturerItemDescription>
      <UnitQty>גרמים</UnitQty>
      <Quantity>550.00</Quantity>
      <UnitOfMeasure>100 גרם</UnitOfMeasure>
      <bIsWeighted>0</bIsWeighted>
      <QtyInPackage>1</QtyInPackage>
      <ItemPrice>7.70</ItemPrice>
      <UnitOfMeasurePrice>1.4000</UnitOfMeasurePrice>
      <AllowDiscount>1</AllowDiscount>
      <ItemStatus>1</ItemStatus>
      <ItemId>2805</ItemId>
    </Item>
    <Item>
      <PriceUpdateDate>2015-07-26 09:39:57</PriceUpdateDate>
      <ItemCode>7290000311203</ItemCode>
      <ItemType>1</ItemType>
      <ItemName>וופל שוקולד</ItemName>
      <ManufacturerName>רוקחמן בע"מ</ManufacturerName>
      <ManufactureCountry>ישראל</ManufactureCountry>
      <ManufacturerItemDescription>וופל שוקו200 גר                        .</ManufacturerItemDescription>
      <UnitQty>גרמים</UnitQty>
      <Quantity>200.00</Quantity>
      <UnitOfMeasure>100 גרם</UnitOfMeasure>
      <bIsWeighted>0</bIsWeighted>
      <QtyInPackage>1</QtyInPackage>
      <ItemPrice>4.90</ItemPrice>
      <UnitOfMeasurePrice>2.4500</UnitOfMeasurePrice>
      <AllowDiscount>1</AllowDiscount>
      <ItemStatus>1</ItemStatus>
      <ItemId>2824</ItemId>
    </Item>
    <Item>
      <PriceUpdateDate>2015-01-01 00:00:00</PriceUpdateDate>
      <ItemCode>7290000311715</ItemCode>
      <ItemType>1</ItemType>
      <ItemName>עוג.מובחרות שוקולד</ItemName>
      <ManufacturerName>רוקחמן בע"מ</ManufacturerName>
      <ManufactureCountry>ישראל</ManufactureCountry>
      <ManufacturerItemDescription>עוגיות מובחרות טעם שוקולד            300</ManufacturerItemDescription>
      <UnitQty>גרמים</UnitQty>
      <Quantity>300.00</Quantity>
      <UnitOfMeasure>100 גרם</UnitOfMeasure>
      <bIsWeighted>0</bIsWeighted>
      <QtyInPackage>1</QtyInPackage>
      <ItemPrice>8.70</ItemPrice>
      <UnitOfMeasurePrice>2.9000</UnitOfMeasurePrice>
      <AllowDiscount>1</AllowDiscount>
      <ItemStatus>1</ItemStatus>
      <ItemId>2827</ItemId>
    </Item>
    <Item>
      <PriceUpdateDate>2015-10-04 10:18:15</PriceUpdateDate>
      <ItemCode>7290003126958</ItemCode>
      <ItemType>1</ItemType>
      <ItemName>טופו גולמי ואקום</ItemName>
      <ManufacturerName>מחלבת משק צוריאל</ManufacturerName>
      <ManufactureCountry>ארצות הברית</ManufactureCountry>
      <ManufacturerItemDescription>טופו גולמי ואקום 300 גר</ManufacturerItemDescription>
      <UnitQty>גרמים</UnitQty>
      <Quantity>300.00</Quantity>
      <UnitOfMeasure>100 גרם</UnitOfMeasure>
      <bIsWeighted>0</bIsWeighted>
      <QtyInPackage>1</QtyInPackage>
      <ItemPrice>12.70</ItemPrice>
      <UnitOfMeasurePrice>4.2333</UnitOfMeasurePrice>
      <AllowDiscount>1</AllowDiscount>
      <ItemStatus>1</ItemStatus>
      <ItemId>2854</ItemId>
    </Item>
    <Item>
      <PriceUpdateDate>2016-02-18 06:49:56</PriceUpdateDate>
      <ItemCode>7290003130184</ItemCode>
      <ItemType>1</ItemType>
      <ItemName>פיניש מלח למדיח זוג4</ItemName>
      <ManufacturerName>מלח הארץ</ManufacturerName>
      <ManufactureCountry>לא ידוע</ManufactureCountry>
      <ManufacturerItemDescription>פיניש מלח למדיח זוג 4 ק"ג</ManufacturerItemDescription>
      <UnitQty>קילוגרמים</UnitQty>
      <Quantity>4.00</Quantity>
      <UnitOfMeasure>ק"ג</UnitOfMeasure>
      <bIsWeighted>0</bIsWeighted>
      <QtyInPackage>1</QtyInPackage>
      <ItemPrice>31.90</ItemPrice>
      <UnitOfMeasurePrice>7.9750</UnitOfMeasurePrice>
      <AllowDiscount>1</AllowDiscount>
      <ItemStatus>1</ItemStatus>
      <ItemId>2855</ItemId>
    </Item>
    <Item>
      <PriceUpdateDate>2016-02-15 07:38:46</PriceUpdateDate>
      <ItemCode>38000844973</ItemCode>
      <ItemType>1</ItemType>
      <ItemName>פרינגלס ברביקיו 169</ItemName>
      <ManufacturerName>פרינגלס מניופקצ'ורינ</ManufacturerName>
      <ManufactureCountry>ארצות הברית</ManufactureCountry>
      <ManufacturerItemDescription>פרינגלס ברביקיו 169 גרם</ManufacturerItemDescription>
      <UnitQty>גרמים</UnitQty>
      <Quantity>169.00</Quantity>
      <UnitOfMeasure>100 גרם</UnitOfMeasure>
      <bIsWeighted>0</bIsWeighted>
      <QtyInPackage>1</QtyInPackage>
      <ItemPrice>11.40</ItemPrice>
      <UnitOfMeasurePrice>6.7456</UnitOfMeasurePrice>
      <AllowDiscount>1</AllowDiscount>
      <ItemStatus>1</ItemStatus>
      <ItemId>90410</ItemId>
    </Item>
    <Item>
      <PriceUpdateDate>2016-02-18 06:50:19</PriceUpdateDate>
      <ItemCode>7290003151080</ItemCode>
      <ItemType>1</ItemType>
      <ItemName>שוק.מריר 1/4 מגדים</ItemName>
      <ManufacturerName>שטראוס גרופ</ManufacturerName>
      <ManufactureCountry>ישראל</ManufactureCountry>
      <ManufacturerItemDescription>אריזת חיסכון1/4 פרה מריר מגדים</ManufacturerItemDescription>
      <UnitQty>גרמים</UnitQty>
      <Quantity>400.00</Quantity>
      <UnitOfMeasure>100 גרם</UnitOfMeasure>
      <bIsWeighted>0</bIsWeighted>
      <QtyInPackage>1</QtyInPackage>
      <ItemPrice>24.10</ItemPrice>
      <UnitOfMeasurePrice>6.0250</UnitOfMeasurePrice>
      <AllowDiscount>1</AllowDiscount>
      <ItemStatus>1</ItemStatus>
      <ItemId>2878</ItemId>
    </Item>
    <Item>
      <PriceUpdateDate>2015-01-01 00:00:00</PriceUpdateDate>
      <ItemCode>7290003217014</ItemCode>
      <ItemType>1</ItemType>
      <ItemName>פיתה 1/5 בשקית</ItemName>
      <ManufacturerName>דגנית עין בר</ManufacturerName>
      <ManufactureCountry>ישראל</ManufactureCountry>
      <ManufacturerItemDescription>פיתה 1/5 בשקית תנעמי</ManufacturerItemDescription>
      <UnitQty>גרמים</UnitQty>
      <Quantity>500.00</Quantity>
      <UnitOfMeasure>100 גרם</UnitOfMeasure>
      <bIsWeighted>0</bIsWeighted>
      <QtyInPackage>1</QtyInPackage>
      <ItemPrice>7.80</ItemPrice>
      <UnitOfMeasurePrice>1.5600</UnitOfMeasurePrice>
      <AllowDiscount>1</AllowDiscount>
      <ItemStatus>1</ItemStatus>
      <ItemId>2969</ItemId>
    </Item>
    <Item>
      <PriceUpdateDate>2015-01-01 00:00:00</PriceUpdateDate>
      <ItemCode>7290003217052</ItemCode>
      <ItemType>1</ItemType>
      <ItemName>פיתה כפרית קלה  1/5</ItemName>
      <ManufacturerName>דגנית עין בר</ManufacturerName>
      <ManufactureCountry>ישראל</ManufactureCountry>
      <ManufacturerItemDescription>פיתה כפרית קלה                      1/5</ManufacturerItemDescription>
      <UnitQty>גרמים</UnitQty>
      <Quantity>400.00</Quantity>
      <UnitOfMeasure>100 גרם</UnitOfMeasure>
      <bIsWeighted>0</bIsWeighted>
      <QtyInPackage>1</QtyInPackage>
      <ItemPrice>8.20</ItemPrice>
      <UnitOfMeasurePrice>2.0500</UnitOfMeasurePrice>
      <AllowDiscount>1</AllowDiscount>
      <ItemStatus>1</ItemStatus>
      <ItemId>2971</ItemId>
    </Item>
    <Item>
      <PriceUpdateDate>2015-10-04 10:19:05</PriceUpdateDate>
      <ItemCode>7290003229109</ItemCode>
      <ItemType>1</ItemType>
      <ItemName>פסטרמה בפפריקה</ItemName>
      <ManufacturerName>טירת צבי</ManufacturerName>
      <ManufactureCountry>ישראל</ManufactureCountry>
      <ManufacturerItemDescription>פסטרמה בפפריקה 400 גר                  .</ManufacturerItemDescription>
      <UnitQty>גרמים</UnitQty>
      <Quantity>400.00</Quantity>
      <UnitOfMeasure>100 גרם</UnitOfMeasure>
      <bIsWeighted>0</bIsWeighted>
      <QtyInPackage>1</QtyInPackage>
      <ItemPrice>35.50</ItemPrice>
      <UnitOfMeasurePrice>8.8750</UnitOfMeasurePrice>
      <AllowDiscount>1</AllowDiscount>
      <ItemStatus>1</ItemStatus>
      <ItemId>3006</ItemId>
    </Item>
    <Item>
      <PriceUpdateDate>2015-10-04 10:19:05</PriceUpdateDate>
      <ItemCode>7290003229116</ItemCode>
      <ItemType>1</ItemType>
      <ItemName>פסטרמה בדבש</ItemName>
      <ManufacturerName>טירת צבי</ManufacturerName>
      <ManufactureCountry>ישראל</ManufactureCountry>
      <ManufacturerItemDescription>פסטרמה בדבש 400 גר                     .</ManufacturerItemDescription>
      <UnitQty>גרמים</UnitQty>
      <Quantity>400.00</Quantity>
      <UnitOfMeasure>100 גרם</UnitOfMeasure>
      <bIsWeighted>0</bIsWeighted>
      <QtyInPackage>1</QtyInPackage>
      <ItemPrice>35.50</ItemPrice>
      <UnitOfMeasurePrice>8.8750</UnitOfMeasurePrice>
      <AllowDiscount>1</AllowDiscount>
      <ItemStatus>1</ItemStatus>
      <ItemId>3007</ItemId>
    </Item>
    <Item>
      <PriceUpdateDate>2015-10-04 10:19:05</PriceUpdateDate>
      <ItemCode>7290003229147</ItemCode>
      <ItemType>1</ItemType>
      <ItemName>סלמי אטלקי 300 גר  .</ItemName>
      <ManufacturerName>טירת צבי</ManufacturerName>
      <ManufactureCountry>ישראל</ManufactureCountry>
      <ManufacturerItemDescription>סלמי אטלקי 300 גר                      .</ManufacturerItemDescription>
      <UnitQty>גרמים</UnitQty>
      <Quantity>300.00</Quantity>
      <UnitOfMeasure>100 גרם</UnitOfMeasure>
      <bIsWeighted>0</bIsWeighted>
      <QtyInPackage>1</QtyInPackage>
      <ItemPrice>33.00</ItemPrice>
      <UnitOfMeasurePrice>11.0000</UnitOfMeasurePrice>
      <AllowDiscount>1</AllowDiscount>
      <ItemStatus>1</ItemStatus>
      <ItemId>3009</ItemId>
    </Item>
    <Item>
      <PriceUpdateDate>2015-10-04 10:19:05</PriceUpdateDate>
      <ItemCode>7290003229154</ItemCode>
      <ItemType>1</ItemType>
      <ItemName>סלמי קוניאק מובחר</ItemName>
      <ManufacturerName>טירת צבי</ManufacturerName>
      <ManufactureCountry>ישראל</ManufactureCountry>
      <ManufacturerItemDescription>סלמי קוניאק מובחר 300 גר               .</ManufacturerItemDescription>
      <UnitQty>גרמים</UnitQty>
      <Quantity>300.00</Quantity>
      <UnitOfMeasure>100 גרם</UnitOfMeasure>
      <bIsWeighted>0</bIsWeighted>
      <QtyInPackage>1</QtyInPackage>
      <ItemPrice>33.00</ItemPrice>
      <UnitOfMeasurePrice>11.0000</UnitOfMeasurePrice>
      <AllowDiscount>1</AllowDiscount>
      <ItemStatus>1</ItemStatus>
      <ItemId>3010</ItemId>
    </Item>
    <Item>
      <PriceUpdateDate>2015-10-04 10:19:05</PriceUpdateDate>
      <ItemCode>7290003229192</ItemCode>
      <ItemType>1</ItemType>
      <ItemName>כתף בקר מעושן 400 גר</ItemName>
      <ManufacturerName>טירת צבי</ManufacturerName>
      <ManufactureCountry>ישראל</ManufactureCountry>
      <ManufacturerItemDescription>כתף בקר מעושן 400 גר                   .</ManufacturerItemDescription>
      <UnitQty>גרמים</UnitQty>
      <Quantity>400.00</Quantity>
      <UnitOfMeasure>100 גרם</UnitOfMeasure>
      <bIsWeighted>0</bIsWeighted>
      <QtyInPackage>1</QtyInPackage>
      <ItemPrice>37.50</ItemPrice>
      <UnitOfMeasurePrice>9.3750</UnitOfMeasurePrice>
      <AllowDiscount>1</AllowDiscount>
      <ItemStatus>1</ItemStatus>
      <ItemId>3011</ItemId>
    </Item>
    <Item>
      <PriceUpdateDate>2015-10-04 10:18:04</PriceUpdateDate>
      <ItemCode>7290000327440</ItemCode>
      <ItemType>1</ItemType>
      <ItemName>משקל גאמפ מנגו</ItemName>
      <ManufacturerName>טמפו</ManufacturerName>
      <ManufactureCountry>ישראל</ManufactureCountry>
      <ManufacturerItemDescription>משקל גאמפ מנגו פסיפלורה 1.5 ל</ManufacturerItemDescription>
      <UnitQty>ליטרים</UnitQty>
      <Quantity>1.50</Quantity>
      <UnitOfMeasure>ליטר</UnitOfMeasure>
      <bIsWeighted>0</bIsWeighted>
      <QtyInPackage>1</QtyInPackage>
      <ItemPrice>5.90</ItemPrice>
      <UnitOfMeasurePrice>3.9333</UnitOfMeasurePrice>
      <AllowDiscount>1</AllowDiscount>
      <ItemStatus>1</ItemStatus>
      <ItemId>3076</ItemId>
    </Item>
    <Item>
      <PriceUpdateDate>2015-01-01 00:00:00</PriceUpdateDate>
      <ItemCode>7290000327624</ItemCode>
      <ItemType>1</ItemType>
      <ItemName>סודה 1.5 ליטר</ItemName>
      <ManufacturerName>טמפו</ManufacturerName>
      <ManufactureCountry>ישראל</ManufactureCountry>
      <ManufacturerItemDescription>סודה 1.5 ל                             .</ManufacturerItemDescription>
      <UnitQty>ליטרים</UnitQty>
      <Quantity>1.50</Quantity>
      <UnitOfMeasure>ליטר</UnitOfMeasure>
      <bIsWeighted>0</bIsWeighted>
      <QtyInPackage>1</QtyInPackage>
      <ItemPrice>3.90</ItemPrice>
      <UnitOfMeasurePrice>2.6000</UnitOfMeasurePrice>
      <AllowDiscount>1</AllowDiscount>
      <ItemStatus>1</ItemStatus>
      <ItemId>3078</ItemId>
    </Item>
    <Item>
      <PriceUpdateDate>2016-05-15 12:57:24</PriceUpdateDate>
      <ItemCode>7290003318100</ItemCode>
      <ItemType>1</ItemType>
      <ItemName>ופל מנעמים שוקולד</ItemName>
      <ManufacturerName>מנעמים תעשיות מזון ב</ManufacturerName>
      <ManufactureCountry>ישראל</ManufactureCountry>
      <ManufacturerItemDescription>ופל מנעמים שוקולד 200 גר               .</ManufacturerItemDescription>
      <UnitQty>גרמים</UnitQty>
      <Quantity>200.00</Quantity>
      <UnitOfMeasure>100 גרם</UnitOfMeasure>
      <bIsWeighted>0</bIsWeighted>
      <QtyInPackage>1</QtyInPackage>
      <ItemPrice>3.60</ItemPrice>
      <UnitOfMeasurePrice>1.8000</UnitOfMeasurePrice>
      <AllowDiscount>1</AllowDiscount>
      <ItemStatus>1</ItemStatus>
      <ItemId>3103</ItemId>
    </Item>
    <Item>
      <PriceUpdateDate>2015-08-12 10:25:03</PriceUpdateDate>
      <ItemCode>7290003321155</ItemCode>
      <ItemType>1</ItemType>
      <ItemName>דנונה+דגנים+פקאן1.5%</ItemName>
      <ManufacturerName>שטראוס גרופ</ManufacturerName>
      <ManufactureCountry>ישראל</ManufactureCountry>
      <ManufacturerItemDescription>דנונהדגנים פקאןסיני+שוקולד          1.5%</ManufacturerItemDescription>
      <UnitQty>גרמים</UnitQty>
      <Quantity>175.00</Quantity>
      <UnitOfMeasure>100 גרם</UnitOfMeasure>
      <bIsWeighted>0</bIsWeighted>
      <QtyInPackage>1</QtyInPackage>
      <ItemPrice>4.80</ItemPrice>
      <UnitOfMeasurePrice>2.7429</UnitOfMeasurePrice>
      <AllowDiscount>1</AllowDiscount>
      <ItemStatus>1</ItemStatus>
      <ItemId>3115</ItemId>
    </Item>
    <Item>
      <PriceUpdateDate>2015-10-04 10:18:04</PriceUpdateDate>
      <ItemCode>7290000336053</ItemCode>
      <ItemType>1</ItemType>
      <ItemName>סיידר תרכיז בקבוק</ItemName>
      <ManufacturerName>טמפו</ManufacturerName>
      <ManufactureCountry>ישראל</ManufactureCountry>
      <ManufacturerItemDescription>סיידר תרכיז 330 בקבוק</ManufacturerItemDescription>
      <UnitQty>מיליליטרים</UnitQty>
      <Quantity>330.00</Quantity>
      <UnitOfMeasure>100 מ"ל</UnitOfMeasure>
      <bIsWeighted>0</bIsWeighted>
      <QtyInPackage>1</QtyInPackage>
      <ItemPrice>11.90</ItemPrice>
      <UnitOfMeasurePrice>3.6061</UnitOfMeasurePrice>
      <AllowDiscount>1</AllowDiscount>
      <ItemStatus>1</ItemStatus>
      <ItemId>3150</ItemId>
    </Item>
    <Item>
      <PriceUpdateDate>2015-01-01 00:00:00</PriceUpdateDate>
      <ItemCode>8710502470028</ItemCode>
      <ItemType>1</ItemType>
      <ItemName>עוגיות מרבה נוגטלי</ItemName>
      <ManufacturerName>י. מרבה ישראל בע"מ</ManufacturerName>
      <ManufactureCountry>הולנד</ManufactureCountry>
      <ManufacturerItemDescription>עוגיות מרבה נוגטלי 160 גרם</ManufacturerItemDescription>
      <UnitQty>גרמים</UnitQty>
      <Quantity>160.00</Quantity>
      <UnitOfMeasure>100 גרם</UnitOfMeasure>
      <bIsWeighted>0</bIsWeighted>
      <QtyInPackage>1</QtyInPackage>
      <ItemPrice>11.90</ItemPrice>
      <UnitOfMeasurePrice>7.4375</UnitOfMeasurePrice>
      <AllowDiscount>1</AllowDiscount>
      <ItemStatus>1</ItemStatus>
      <ItemId>70091</ItemId>
    </Item>
    <Item>
      <PriceUpdateDate>2015-01-01 00:00:00</PriceUpdateDate>
      <ItemCode>7290004375614</ItemCode>
      <ItemType>1</ItemType>
      <ItemName>מגבון תינוק בודד 72</ItemName>
      <ManufacturerName>די פי אל</ManufacturerName>
      <ManufactureCountry>ישראל</ManufactureCountry>
      <ManufacturerItemDescription>מגבון תינוק בודד 72 יח</ManufacturerItemDescription>
      <UnitQty>Unknown </UnitQty>
      <Quantity>0.00</Quantity>
      <UnitOfMeasure>Unknown </UnitOfMeasure>
      <bIsWeighted>0</bIsWeighted>
      <QtyInPackage>1</QtyInPackage>
      <ItemPrice>3.90</ItemPrice>
      <UnitOfMeasurePrice>0.0000</UnitOfMeasurePrice>
      <AllowDiscount>1</AllowDiscount>
      <ItemStatus>1</ItemStatus>
      <ItemId>76566</ItemId>
    </Item>
    <Item>
      <PriceUpdateDate>2015-10-04 10:17:33</PriceUpdateDate>
      <ItemCode>7290003401369</ItemCode>
      <ItemType>1</ItemType>
      <ItemName>קרם לחות לשיער חוחוב</ItemName>
      <ManufacturerName>אמיליה קוסמטיקס</ManufacturerName>
      <ManufactureCountry>לא ידוע</ManufactureCountry>
      <ManufacturerItemDescription>קרם לחות לשיער חוחובה 400 מל           .</ManufacturerItemDescription>
      <UnitQty>מיליליטרים</UnitQty>
      <Quantity>400.00</Quantity>
      <UnitOfMeasure>100 מ"ל</UnitOfMeasure>
      <bIsWeighted>0</bIsWeighted>
      <QtyInPackage>1</QtyInPackage>
      <ItemPrice>21.70</ItemPrice>
      <UnitOfMeasurePrice>5.4250</UnitOfMeasurePrice>
      <AllowDiscount>1</AllowDiscount>
      <ItemStatus>1</ItemStatus>
      <ItemId>3186</ItemId>
    </Item>
    <Item>
      <PriceUpdateDate>2015-10-04 10:17:33</PriceUpdateDate>
      <ItemCode>7290003401376</ItemCode>
      <ItemType>1</ItemType>
      <ItemName>קרם לחות לשיער אלוור</ItemName>
      <ManufacturerName>אמיליה קוסמטיקס</ManufacturerName>
      <ManufactureCountry>לא ידוע</ManufactureCountry>
      <ManufacturerItemDescription>קרם לחות לשיער אלוורה 400 מל           .</ManufacturerItemDescription>
      <UnitQty>מיליליטרים</UnitQty>
      <Quantity>400.00</Quantity>
      <UnitOfMeasure>100 מ"ל</UnitOfMeasure>
      <bIsWeighted>0</bIsWeighted>
      <QtyInPackage>1</QtyInPackage>
      <ItemPrice>21.70</ItemPrice>
      <UnitOfMeasurePrice>5.4250</UnitOfMeasurePrice>
      <AllowDiscount>1</AllowDiscount>
      <ItemStatus>1</ItemStatus>
      <ItemId>3187</ItemId>
    </Item>
    <Item>
      <PriceUpdateDate>2015-10-04 10:17:33</PriceUpdateDate>
      <ItemCode>7290003401864</ItemCode>
      <ItemType>1</ItemType>
      <ItemName>מוס פרובוטניק תלתלים</ItemName>
      <ManufacturerName>אמיליה קוסמטיקס</ManufacturerName>
      <ManufactureCountry>ישראל</ManufactureCountry>
      <ManufacturerItemDescription>מוס לשיער פרובוטניק תלתלים          200</ManufacturerItemDescription>
      <UnitQty>מיליליטרים</UnitQty>
      <Quantity>200.00</Quantity>
      <UnitOfMeasure>100 מ"ל</UnitOfMeasure>
      <bIsWeighted>0</bIsWeighted>
      <QtyInPackage>1</QtyInPackage>
      <ItemPrice>19.70</ItemPrice>
      <UnitOfMeasurePrice>9.8500</UnitOfMeasurePrice>
      <AllowDiscount>1</AllowDiscount>
      <ItemStatus>1</ItemStatus>
      <ItemId>3194</ItemId>
    </Item>
    <Item>
      <PriceUpdateDate>2015-10-04 10:18:33</PriceUpdateDate>
      <ItemCode>7290000034256</ItemCode>
      <ItemType>1</ItemType>
      <ItemName>עוגיות תירוש</ItemName>
      <ManufacturerName>אפיפית</ManufacturerName>
      <ManufactureCountry>ישראל</ManufactureCountry>
      <ManufacturerItemDescription>עוגיות תירוש175 גר                     .</ManufacturerItemDescription>
      <UnitQty>גרמים</UnitQty>
      <Quantity>175.00</Quantity>
      <UnitOfMeasure>100 גרם</UnitOfMeasure>
      <bIsWeighted>0</bIsWeighted>
      <QtyInPackage>1</QtyInPackage>
      <ItemPrice>8.60</ItemPrice>
      <UnitOfMeasurePrice>4.9143</UnitOfMeasurePrice>
      <AllowDiscount>1</AllowDiscount>
      <ItemStatus>1</ItemStatus>
      <ItemId>3213</ItemId>
    </Item>
    <Item>
      <PriceUpdateDate>2015-11-05 14:17:33</PriceUpdateDate>
      <ItemCode>7290003450022</ItemCode>
      <ItemType>1</ItemType>
      <ItemName>מיונז מיולייט היינץ</ItemName>
      <ManufacturerName>היינץ מנופקצ'רינג ספ</ManufacturerName>
      <ManufactureCountry>ספרד</ManufactureCountry>
      <ManufacturerItemDescription>מיונז מיולייט היינץ 430 גר</ManufacturerItemDescription>
      <UnitQty>גרמים</UnitQty>
      <Quantity>430.00</Quantity>
      <UnitOfMeasure>100 גרם</UnitOfMeasure>
      <bIsWeighted>0</bIsWeighted>
      <QtyInPackage>1</QtyInPackage>
      <ItemPrice>12.90</ItemPrice>
      <UnitOfMeasurePrice>3.0000</UnitOfMeasurePrice>
      <AllowDiscount>1</AllowDiscount>
      <ItemStatus>1</ItemStatus>
      <ItemId>3238</ItemId>
    </Item>
    <Item>
      <PriceUpdateDate>2015-11-05 14:17:34</PriceUpdateDate>
      <ItemCode>7290003450404</ItemCode>
      <ItemType>1</ItemType>
      <ItemName>שעועית ברוטב עגב.הי.</ItemName>
      <ManufacturerName>ה.י.היינץ קנדה בע"מ</ManufacturerName>
      <ManufactureCountry>קנדה</ManufactureCountry>
      <ManufacturerItemDescription>שעועית ברוטב עגב.היינץ 410 גר          .</ManufacturerItemDescription>
      <UnitQty>גרמים</UnitQty>
      <Quantity>410.00</Quantity>
      <UnitOfMeasure>100 גרם</UnitOfMeasure>
      <bIsWeighted>0</bIsWeighted>
      <QtyInPackage>1</QtyInPackage>
      <ItemPrice>7.90</ItemPrice>
      <UnitOfMeasurePrice>1.9268</UnitOfMeasurePrice>
      <AllowDiscount>1</AllowDiscount>
      <ItemStatus>1</ItemStatus>
      <ItemId>3241</ItemId>
    </Item>
    <Item>
      <PriceUpdateDate>2015-10-04 10:17:04</PriceUpdateDate>
      <ItemCode>7290000345215</ItemCode>
      <ItemType>1</ItemType>
      <ItemName>תה קלאסיק1/100 גרם</ItemName>
      <ManufacturerName>ויסוצקי</ManufacturerName>
      <ManufactureCountry>לא ידוע</ManufactureCountry>
      <ManufacturerItemDescription>תה קלאסיק 1/100 גרם כחול</ManufacturerItemDescription>
      <UnitQty>גרמים</UnitQty>
      <Quantity>100.00</Quantity>
      <UnitOfMeasure>100 גרם</UnitOfMeasure>
      <bIsWeighted>0</bIsWeighted>
      <QtyInPackage>1</QtyInPackage>
      <ItemPrice>19.70</ItemPrice>
      <UnitOfMeasurePrice>19.7000</UnitOfMeasurePrice>
      <AllowDiscount>1</AllowDiscount>
      <ItemStatus>1</ItemStatus>
      <ItemId>3260</ItemId>
    </Item>
    <Item>
      <PriceUpdateDate>2016-08-09 11:59:10</PriceUpdateDate>
      <ItemCode>9110</ItemCode>
      <ItemType>0</ItemType>
      <ItemName>בטטה</ItemName>
      <ManufacturerName>חקלאי</ManufacturerName>
      <ManufactureCountry>ישראל</ManufactureCountry>
      <ManufacturerItemDescription>בטטה</ManufacturerItemDescription>
      <UnitQty>קילוגרמים</UnitQty>
      <Quantity>1.00</Quantity>
      <UnitOfMeasure>ק"ג</UnitOfMeasure>
      <bIsWeighted>1</bIsWeighted>
      <QtyInPackage>לא ידוע</QtyInPackage>
      <ItemPrice>9.90</ItemPrice>
      <UnitOfMeasurePrice>9.9000</UnitOfMeasurePrice>
      <AllowDiscount>1</AllowDiscount>
      <ItemStatus>1</ItemStatus>
      <ItemId>81177</ItemId>
    </Item>
    <Item>
      <PriceUpdateDate>2015-10-04 10:17:04</PriceUpdateDate>
      <ItemCode>7290000345260</ItemCode>
      <ItemType>1</ItemType>
      <ItemName>תה קלאסיק 1.5 גרם</ItemName>
      <ManufacturerName>ויסוצקי</ManufacturerName>
      <ManufactureCountry>ישראל</ManufactureCountry>
      <ManufacturerItemDescription>תה קלאסיק 1.5 גרם 25 שקיות</ManufacturerItemDescription>
      <UnitQty>גרמים</UnitQty>
      <Quantity>37.00</Quantity>
      <UnitOfMeasure>100 גרם</UnitOfMeasure>
      <bIsWeighted>0</bIsWeighted>
      <QtyInPackage>1</QtyInPackage>
      <ItemPrice>8.10</ItemPrice>
      <UnitOfMeasurePrice>21.8919</UnitOfMeasurePrice>
      <AllowDiscount>1</AllowDiscount>
      <ItemStatus>1</ItemStatus>
      <ItemId>3261</ItemId>
    </Item>
    <Item>
      <PriceUpdateDate>2015-07-26 09:40:12</PriceUpdateDate>
      <ItemCode>7290000345284</ItemCode>
      <ItemType>1</ItemType>
      <ItemName>תה קלאסיק   1.5/100</ItemName>
      <ManufacturerName>ויסוצקי</ManufacturerName>
      <ManufactureCountry>ישראל</ManufactureCountry>
      <ManufacturerItemDescription>תה קלאסיק 1.5/100 ירוק</ManufacturerItemDescription>
      <UnitQty>גרמים</UnitQty>
      <Quantity>150.00</Quantity>
      <UnitOfMeasure>100 גרם</UnitOfMeasure>
      <bIsWeighted>0</bIsWeighted>
      <QtyInPackage>1</QtyInPackage>
      <ItemPrice>19.30</ItemPrice>
      <UnitOfMeasurePrice>12.8667</UnitOfMeasurePrice>
      <AllowDiscount>1</AllowDiscount>
      <ItemStatus>1</ItemStatus>
      <ItemId>3263</ItemId>
    </Item>
    <Item>
      <PriceUpdateDate>2015-10-04 10:17:04</PriceUpdateDate>
      <ItemCode>7290000345291</ItemCode>
      <ItemType>1</ItemType>
      <ItemName>תה ארל גרי   25/1.5</ItemName>
      <ManufacturerName>ויסוצקי</ManufacturerName>
      <ManufactureCountry>ישראל</ManufactureCountry>
      <ManufacturerItemDescription>תה ארלגריי שקיות1.5/25  גר             .</ManufacturerItemDescription>
      <UnitQty>גרמים</UnitQty>
      <Quantity>37.00</Quantity>
      <UnitOfMeasure>100 גרם</UnitOfMeasure>
      <bIsWeighted>0</bIsWeighted>
      <QtyInPackage>1</QtyInPackage>
      <ItemPrice>17.70</ItemPrice>
      <UnitOfMeasurePrice>47.8378</UnitOfMeasurePrice>
      <AllowDiscount>1</AllowDiscount>
      <ItemStatus>1</ItemStatus>
      <ItemId>3264</ItemId>
    </Item>
    <Item>
      <PriceUpdateDate>2015-10-04 10:17:04</PriceUpdateDate>
      <ItemCode>7290000345536</ItemCode>
      <ItemType>1</ItemType>
      <ItemName>תה נענע ויסוצקי  25</ItemName>
      <ManufacturerName>ויסוצקי</ManufacturerName>
      <ManufactureCountry>לא ידוע</ManufactureCountry>
      <ManufacturerItemDescription>תה+נענע ויסוצקי1.5/25 גר               .</ManufacturerItemDescription>
      <UnitQty>גרמים</UnitQty>
      <Quantity>37.00</Quantity>
      <UnitOfMeasure>100 גרם</UnitOfMeasure>
      <bIsWeighted>0</bIsWeighted>
      <QtyInPackage>1</QtyInPackage>
      <ItemPrice>18.70</ItemPrice>
      <UnitOfMeasurePrice>50.5405</UnitOfMeasurePrice>
      <AllowDiscount>1</AllowDiscount>
      <ItemStatus>1</ItemStatus>
      <ItemId>3268</ItemId>
    </Item>
    <Item>
      <PriceUpdateDate>2015-07-26 09:40:12</PriceUpdateDate>
      <ItemCode>7290000345604</ItemCode>
      <ItemType>1</ItemType>
      <ItemName>תה+לימון 2/25 גר</ItemName>
      <ManufacturerName>ויסוצקי</ManufacturerName>
      <ManufactureCountry>ישראל</ManufactureCountry>
      <ManufacturerItemDescription>תה+לימון 2/25 גר                       "</ManufacturerItemDescription>
      <UnitQty>גרמים</UnitQty>
      <Quantity>50.00</Quantity>
      <UnitOfMeasure>100 גרם</UnitOfMeasure>
      <bIsWeighted>0</bIsWeighted>
      <QtyInPackage>1</QtyInPackage>
      <ItemPrice>18.90</ItemPrice>
      <UnitOfMeasurePrice>37.8000</UnitOfMeasurePrice>
      <AllowDiscount>1</AllowDiscount>
      <ItemStatus>1</ItemStatus>
      <ItemId>3272</ItemId>
    </Item>
    <Item>
      <PriceUpdateDate>2015-10-04 10:18:02</PriceUpdateDate>
      <ItemCode>7290003457861</ItemCode>
      <ItemType>1</ItemType>
      <ItemName>שלגון סולרו טרופי</ItemName>
      <ManufacturerName>שטראוס גלידות</ManufacturerName>
      <ManufactureCountry>ישראל</ManufactureCountry>
      <ManufacturerItemDescription>שלגון סולרו פירות טרופיים</ManufacturerItemDescription>
      <UnitQty>גרמים</UnitQty>
      <Quantity>85.00</Quantity>
      <UnitOfMeasure>100 גרם</UnitOfMeasure>
      <bIsWeighted>0</bIsWeighted>
      <QtyInPackage>1</QtyInPackage>
      <ItemPrice>9.80</ItemPrice>
      <UnitOfMeasurePrice>11.5294</UnitOfMeasurePrice>
      <AllowDiscount>1</AllowDiscount>
      <ItemStatus>1</ItemStatus>
      <ItemId>3283</ItemId>
    </Item>
    <Item>
      <PriceUpdateDate>2015-10-04 10:18:02</PriceUpdateDate>
      <ItemCode>7290003457991</ItemCode>
      <ItemType>1</ItemType>
      <ItemName>טילון קורנטו קלאסיקו</ItemName>
      <ManufacturerName>שטראוס גלידות</ManufacturerName>
      <ManufactureCountry>לא ידוע</ManufactureCountry>
      <ManufacturerItemDescription>טילון קורנטו קלאסיקו משפחתי          1/6</ManufacturerItemDescription>
      <UnitQty>גרמים</UnitQty>
      <Quantity>418.00</Quantity>
      <UnitOfMeasure>100 גרם</UnitOfMeasure>
      <bIsWeighted>0</bIsWeighted>
      <QtyInPackage>1</QtyInPackage>
      <ItemPrice>39.50</ItemPrice>
      <UnitOfMeasurePrice>9.4498</UnitOfMeasurePrice>
      <AllowDiscount>1</AllowDiscount>
      <ItemStatus>1</ItemStatus>
      <ItemId>3286</ItemId>
    </Item>
    <Item>
      <PriceUpdateDate>2015-10-04 10:18:36</PriceUpdateDate>
      <ItemCode>7290003220250</ItemCode>
      <ItemType>1</ItemType>
      <ItemName>נודלס בטעם בקר</ItemName>
      <ManufacturerName>WELL-GROW CO LTD</ManufacturerName>
      <ManufactureCountry>תאילנד</ManufactureCountry>
      <ManufacturerItemDescription>נודלס WOK בטעם בקר 60 גר               "</ManufacturerItemDescription>
      <UnitQty>Unknown </UnitQty>
      <Quantity>0.00</Quantity>
      <UnitOfMeasure>Unknown </UnitOfMeasure>
      <bIsWeighted>0</bIsWeighted>
      <QtyInPackage>1</QtyInPackage>
      <ItemPrice>6.90</ItemPrice>
      <UnitOfMeasurePrice>0.0000</UnitOfMeasurePrice>
      <AllowDiscount>1</AllowDiscount>
      <ItemStatus>1</ItemStatus>
      <ItemId>87273</ItemId>
    </Item>
    <Item>
      <PriceUpdateDate>2015-10-04 10:17:10</PriceUpdateDate>
      <ItemCode>7290012577796</ItemCode>
      <ItemType>1</ItemType>
      <ItemName>מלפפון בחומץ   13-17</ItemName>
      <ManufacturerName>קבוצת יבנה</ManufacturerName>
      <ManufactureCountry>ישראל</ManufactureCountry>
      <ManufacturerItemDescription>מלפפון בחומץ A2 13-17 מגה           540</ManufacturerItemDescription>
      <UnitQty>גרמים</UnitQty>
      <Quantity>540.00</Quantity>
      <UnitOfMeasure>100 גרם</UnitOfMeasure>
      <bIsWeighted>0</bIsWeighted>
      <QtyInPackage>1</QtyInPackage>
      <ItemPrice>8.80</ItemPrice>
      <UnitOfMeasurePrice>1.6296</UnitOfMeasurePrice>
      <AllowDiscount>1</AllowDiscount>
      <ItemStatus>1</ItemStatus>
      <ItemId>80004</ItemId>
    </Item>
    <Item>
      <PriceUpdateDate>2015-01-01 00:00:00</PriceUpdateDate>
      <ItemCode>9002859036262</ItemCode>
      <ItemType>1</ItemType>
      <ItemName>בונבונירה גונץ פרלין</ItemName>
      <ManufacturerName>גונץ</ManufacturerName>
      <ManufactureCountry>אוסטריה</ManufactureCountry>
      <ManufacturerItemDescription>בונבונירה גונץ פרלין ק.קפוצינו</ManufacturerItemDescription>
      <UnitQty>גרמים</UnitQty>
      <Quantity>78.00</Quantity>
      <UnitOfMeasure>100 גרם</UnitOfMeasure>
      <bIsWeighted>0</bIsWeighted>
      <QtyInPackage>1</QtyInPackage>
      <ItemPrice>10.00</ItemPrice>
      <UnitOfMeasurePrice>12.8205</UnitOfMeasurePrice>
      <AllowDiscount>1</AllowDiscount>
      <ItemStatus>1</ItemStatus>
      <ItemId>78528</ItemId>
    </Item>
    <Item>
      <PriceUpdateDate>2015-10-04 10:17:04</PriceUpdateDate>
      <ItemCode>7290000346199</ItemCode>
      <ItemType>1</ItemType>
      <ItemName>חליטת תה צמחים פירות</ItemName>
      <ManufacturerName>ויסוצקי</ManufacturerName>
      <ManufactureCountry>לא ידוע</ManufactureCountry>
      <ManufacturerItemDescription>חליטת הגן הקסום פירות יער          1/25</ManufacturerItemDescription>
      <UnitQty>גרמים</UnitQty>
      <Quantity>67.00</Quantity>
      <UnitOfMeasure>100 גרם</UnitOfMeasure>
      <bIsWeighted>0</bIsWeighted>
      <QtyInPackage>1</QtyInPackage>
      <ItemPrice>18.70</ItemPrice>
      <UnitOfMeasurePrice>27.9104</UnitOfMeasurePrice>
      <AllowDiscount>1</AllowDiscount>
      <ItemStatus>1</ItemStatus>
      <ItemId>3291</ItemId>
    </Item>
    <Item>
      <PriceUpdateDate>2015-07-26 09:40:12</PriceUpdateDate>
      <ItemCode>7290000346205</ItemCode>
      <ItemType>1</ItemType>
      <ItemName>חליטת תה צמחים קמומי</ItemName>
      <ManufacturerName>ויסוצקי</ManufacturerName>
      <ManufactureCountry>לא ידוע</ManufactureCountry>
      <ManufacturerItemDescription>חליטה הגןהקסום קמומיל25 שק</ManufacturerItemDescription>
      <UnitQty>גרמים</UnitQty>
      <Quantity>37.00</Quantity>
      <UnitOfMeasure>100 גרם</UnitOfMeasure>
      <bIsWeighted>0</bIsWeighted>
      <QtyInPackage>1</QtyInPackage>
      <ItemPrice>18.90</ItemPrice>
      <UnitOfMeasurePrice>51.0811</UnitOfMeasurePrice>
      <AllowDiscount>1</AllowDiscount>
      <ItemStatus>1</ItemStatus>
      <ItemId>3292</ItemId>
    </Item>
    <Item>
      <PriceUpdateDate>2015-01-01 00:00:00</PriceUpdateDate>
      <ItemCode>9002859036309</ItemCode>
      <ItemType>1</ItemType>
      <ItemName>בונבונירה גונץ פרלין</ItemName>
      <ManufacturerName>גונץ</ManufacturerName>
      <ManufactureCountry>אוסטריה</ManufactureCountry>
      <ManufacturerItemDescription>בונבונירה גונץ פרלין ק.לטה           75</ManufacturerItemDescription>
      <UnitQty>גרמים</UnitQty>
      <Quantity>75.00</Quantity>
      <UnitOfMeasure>100 גרם</UnitOfMeasure>
      <bIsWeighted>0</bIsWeighted>
      <QtyInPackage>1</QtyInPackage>
      <ItemPrice>10.00</ItemPrice>
      <UnitOfMeasurePrice>13.3333</UnitOfMeasurePrice>
      <AllowDiscount>1</AllowDiscount>
      <ItemStatus>1</ItemStatus>
      <ItemId>78529</ItemId>
    </Item>
    <Item>
      <PriceUpdateDate>2015-10-04 10:18:36</PriceUpdateDate>
      <ItemCode>7290003220267</ItemCode>
      <ItemType>1</ItemType>
      <ItemName>נודלס בטעם ירקות</ItemName>
      <ManufacturerName>WELL-GROW CO LTD</ManufacturerName>
      <ManufactureCountry>תאילנד</ManufactureCountry>
      <ManufacturerItemDescription>נודלס WOK בטעם ירקות 60 גר             "</ManufacturerItemDescription>
      <UnitQty>Unknown </UnitQty>
      <Quantity>0.00</Quantity>
      <UnitOfMeasure>Unknown </UnitOfMeasure>
      <bIsWeighted>0</bIsWeighted>
      <QtyInPackage>1</QtyInPackage>
      <ItemPrice>6.90</ItemPrice>
      <UnitOfMeasurePrice>0.0000</UnitOfMeasurePrice>
      <AllowDiscount>1</AllowDiscount>
      <ItemStatus>1</ItemStatus>
      <ItemId>87274</ItemId>
    </Item>
    <Item>
      <PriceUpdateDate>2015-07-26 09:40:12</PriceUpdateDate>
      <ItemCode>7290000347738</ItemCode>
      <ItemType>1</ItemType>
      <ItemName>תה ירוק נענע   1/25</ItemName>
      <ManufacturerName>ויסוצקי</ManufacturerName>
      <ManufactureCountry>ישראל</ManufactureCountry>
      <ManufacturerItemDescription>תה ירוק נענע                       1/25</ManufacturerItemDescription>
      <UnitQty>גרמים</UnitQty>
      <Quantity>37.00</Quantity>
      <UnitOfMeasure>100 גרם</UnitOfMeasure>
      <bIsWeighted>0</bIsWeighted>
      <QtyInPackage>1</QtyInPackage>
      <ItemPrice>26.90</ItemPrice>
      <UnitOfMeasurePrice>72.7027</UnitOfMeasurePrice>
      <AllowDiscount>1</AllowDiscount>
      <ItemStatus>1</ItemStatus>
      <ItemId>3319</ItemId>
    </Item>
    <Item>
      <PriceUpdateDate>2015-07-26 09:40:12</PriceUpdateDate>
      <ItemCode>7290000347752</ItemCode>
      <ItemType>1</ItemType>
      <ItemName>תה ירוק לימונית</ItemName>
      <ManufacturerName>ויסוצקי</ManufacturerName>
      <ManufactureCountry>לא ידוע</ManufactureCountry>
      <ManufacturerItemDescription>תה ירוק לימונית ולואיזה            1/25</ManufacturerItemDescription>
      <UnitQty>גרמים</UnitQty>
      <Quantity>37.00</Quantity>
      <UnitOfMeasure>100 גרם</UnitOfMeasure>
      <bIsWeighted>0</bIsWeighted>
      <QtyInPackage>1</QtyInPackage>
      <ItemPrice>26.90</ItemPrice>
      <UnitOfMeasurePrice>72.7027</UnitOfMeasurePrice>
      <AllowDiscount>1</AllowDiscount>
      <ItemStatus>1</ItemStatus>
      <ItemId>3321</ItemId>
    </Item>
    <Item>
      <PriceUpdateDate>2015-10-04 10:18:36</PriceUpdateDate>
      <ItemCode>7290003220274</ItemCode>
      <ItemType>1</ItemType>
      <ItemName>נודלס בטעם עוף</ItemName>
      <ManufacturerName>WELL-GROW CO LTD</ManufacturerName>
      <ManufactureCountry>תאילנד</ManufactureCountry>
      <ManufacturerItemDescription>נודלס WOK בטעם עוף 60 גר               "</ManufacturerItemDescription>
      <UnitQty>Unknown </UnitQty>
      <Quantity>0.00</Quantity>
      <UnitOfMeasure>Unknown </UnitOfMeasure>
      <bIsWeighted>0</bIsWeighted>
      <QtyInPackage>1</QtyInPackage>
      <ItemPrice>6.90</ItemPrice>
      <UnitOfMeasurePrice>0.0000</UnitOfMeasurePrice>
      <AllowDiscount>1</AllowDiscount>
      <ItemStatus>1</ItemStatus>
      <ItemId>87275</ItemId>
    </Item>
    <Item>
      <PriceUpdateDate>2015-01-01 00:00:00</PriceUpdateDate>
      <ItemCode>7290003525188</ItemCode>
      <ItemType>1</ItemType>
      <ItemName>גבינת פילדלפיה לבנה</ItemName>
      <ManufacturerName>אינק</ManufacturerName>
      <ManufactureCountry>לא ידוע</ManufactureCountry>
      <ManufacturerItemDescription>גבינה פילדלפיה לבנה שמנה</ManufacturerItemDescription>
      <UnitQty>גרמים</UnitQty>
      <Quantity>200.00</Quantity>
      <UnitOfMeasure>100 גרם</UnitOfMeasure>
      <bIsWeighted>0</bIsWeighted>
      <QtyInPackage>1</QtyInPackage>
      <ItemPrice>19.90</ItemPrice>
      <UnitOfMeasurePrice>9.9500</UnitOfMeasurePrice>
      <AllowDiscount>1</AllowDiscount>
      <ItemStatus>1</ItemStatus>
      <ItemId>3353</ItemId>
    </Item>
    <Item>
      <PriceUpdateDate>2015-08-03 07:55:58</PriceUpdateDate>
      <ItemCode>7290000355399</ItemCode>
      <ItemType>1</ItemType>
      <ItemName>רוטב עגבניות לבישול</ItemName>
      <ManufacturerName>ויטה פרי גליל</ManufacturerName>
      <ManufactureCountry>לא ידוע</ManufactureCountry>
      <ManufacturerItemDescription>ר.טומטו מקס א-2.5</ManufacturerItemDescription>
      <UnitQty>גרמים</UnitQty>
      <Quantity>800.00</Quantity>
      <UnitOfMeasure>100 גרם</UnitOfMeasure>
      <bIsWeighted>0</bIsWeighted>
      <QtyInPackage>1</QtyInPackage>
      <ItemPrice>8.50</ItemPrice>
      <UnitOfMeasurePrice>1.0625</UnitOfMeasurePrice>
      <AllowDiscount>1</AllowDiscount>
      <ItemStatus>1</ItemStatus>
      <ItemId>3371</ItemId>
    </Item>
    <Item>
      <PriceUpdateDate>2015-10-04 10:17:51</PriceUpdateDate>
      <ItemCode>3574660095203</ItemCode>
      <ItemType>1</ItemType>
      <ItemName>קרפרי שטיפה אינטימית</ItemName>
      <ManufacturerName>CILAG GMBH INTERNATI</ManufacturerName>
      <ManufactureCountry>יוון</ManufactureCountry>
      <ManufacturerItemDescription>קרפרי שטיפה אינטימית 200  מל           .</ManufacturerItemDescription>
      <UnitQty>מיליליטרים</UnitQty>
      <Quantity>200.00</Quantity>
      <UnitOfMeasure>100 מ"ל</UnitOfMeasure>
      <bIsWeighted>0</bIsWeighted>
      <QtyInPackage>1</QtyInPackage>
      <ItemPrice>17.70</ItemPrice>
      <UnitOfMeasurePrice>8.8500</UnitOfMeasurePrice>
      <AllowDiscount>1</AllowDiscount>
      <ItemStatus>1</ItemStatus>
      <ItemId>3393</ItemId>
    </Item>
    <Item>
      <PriceUpdateDate>2015-01-01 00:00:00</PriceUpdateDate>
      <ItemCode>36000183399</ItemCode>
      <ItemType>1</ItemType>
      <ItemName>ח.האגיס שחיה    M/S</ItemName>
      <ManufacturerName>KC Czech</ManufacturerName>
      <ManufactureCountry>צ'כיה</ManufactureCountry>
      <ManufacturerItemDescription>ח.האגיס שחיה 12 M/S יח</ManufacturerItemDescription>
      <UnitQty>Unknown </UnitQty>
      <Quantity>0.00</Quantity>
      <UnitOfMeasure>Unknown </UnitOfMeasure>
      <bIsWeighted>0</bIsWeighted>
      <QtyInPackage>1</QtyInPackage>
      <ItemPrice>40.90</ItemPrice>
      <UnitOfMeasurePrice>0.0000</UnitOfMeasurePrice>
      <AllowDiscount>1</AllowDiscount>
      <ItemStatus>1</ItemStatus>
      <ItemId>3432</ItemId>
    </Item>
    <Item>
      <PriceUpdateDate>2015-08-03 07:56:07</PriceUpdateDate>
      <ItemCode>7290000363363</ItemCode>
      <ItemType>1</ItemType>
      <ItemName>קבנוס מיוחד</ItemName>
      <ManufacturerName>טירת צבי</ManufacturerName>
      <ManufactureCountry>ישראל</ManufactureCountry>
      <ManufacturerItemDescription>קבנוס מיוחד 160 גר</ManufacturerItemDescription>
      <UnitQty>גרמים</UnitQty>
      <Quantity>160.00</Quantity>
      <UnitOfMeasure>100 גרם</UnitOfMeasure>
      <bIsWeighted>0</bIsWeighted>
      <QtyInPackage>1</QtyInPackage>
      <ItemPrice>18.90</ItemPrice>
      <UnitOfMeasurePrice>11.8125</UnitOfMeasurePrice>
      <AllowDiscount>1</AllowDiscount>
      <ItemStatus>1</ItemStatus>
      <ItemId>3458</ItemId>
    </Item>
    <Item>
      <PriceUpdateDate>2015-07-26 09:39:34</PriceUpdateDate>
      <ItemCode>7290003643004</ItemCode>
      <ItemType>1</ItemType>
      <ItemName>אורז בסמטי קלאסי</ItemName>
      <ManufacturerName>סוגת</ManufacturerName>
      <ManufactureCountry>לא ידוע</ManufactureCountry>
      <ManufacturerItemDescription>אורז בסמטי קלאסי1 קג</ManufacturerItemDescription>
      <UnitQty>קילוגרמים</UnitQty>
      <Quantity>1.00</Quantity>
      <UnitOfMeasure>ק"ג</UnitOfMeasure>
      <bIsWeighted>0</bIsWeighted>
      <QtyInPackage>1</QtyInPackage>
      <ItemPrice>16.90</ItemPrice>
      <UnitOfMeasurePrice>16.9000</UnitOfMeasurePrice>
      <AllowDiscount>1</AllowDiscount>
      <ItemStatus>1</ItemStatus>
      <ItemId>3478</ItemId>
    </Item>
    <Item>
      <PriceUpdateDate>2015-10-04 10:18:03</PriceUpdateDate>
      <ItemCode>7290014603073</ItemCode>
      <ItemType>1</ItemType>
      <ItemName>מאגדת מיני מגנום דאב</ItemName>
      <ManufacturerName>שטראוס גלידות</ManufacturerName>
      <ManufactureCountry>ישראל</ManufactureCountry>
      <ManufacturerItemDescription>מאגדת מיני מגנום דאבל שוקולד</ManufacturerItemDescription>
      <UnitQty>גרמים</UnitQty>
      <Quantity>334.00</Quantity>
      <UnitOfMeasure>100 גרם</UnitOfMeasure>
      <bIsWeighted>0</bIsWeighted>
      <QtyInPackage>1</QtyInPackage>
      <ItemPrice>29.40</ItemPrice>
      <UnitOfMeasurePrice>8.8024</UnitOfMeasurePrice>
      <AllowDiscount>1</AllowDiscount>
      <ItemStatus>1</ItemStatus>
      <ItemId>87759</ItemId>
    </Item>
    <Item>
      <PriceUpdateDate>2016-08-02 12:49:32</PriceUpdateDate>
      <ItemCode>7290003643387</ItemCode>
      <ItemType>1</ItemType>
      <ItemName>סוכר בצנצנת</ItemName>
      <ManufacturerName>סוגת</ManufacturerName>
      <ManufactureCountry>לא ידוע</ManufactureCountry>
      <ManufacturerItemDescription>סוכר1 קג בצנצנת פלסטיק</ManufacturerItemDescription>
      <UnitQty>קילוגרמים</UnitQty>
      <Quantity>1.00</Quantity>
      <UnitOfMeasure>ק"ג</UnitOfMeasure>
      <bIsWeighted>0</bIsWeighted>
      <QtyInPackage>1</QtyInPackage>
      <ItemPrice>8.90</ItemPrice>
      <UnitOfMeasurePrice>8.9000</UnitOfMeasurePrice>
      <AllowDiscount>1</AllowDiscount>
      <ItemStatus>1</ItemStatus>
      <ItemId>3482</ItemId>
    </Item>
    <Item>
      <PriceUpdateDate>2015-07-26 09:39:33</PriceUpdateDate>
      <ItemCode>7290003643646</ItemCode>
      <ItemType>1</ItemType>
      <ItemName>סוכר דמררה צנצנת</ItemName>
      <ManufacturerName>סוגת</ManufacturerName>
      <ManufactureCountry>לא ידוע</ManufactureCountry>
      <ManufacturerItemDescription>סוכר דמררה1 קג.צנצנת</ManufacturerItemDescription>
      <UnitQty>קילוגרמים</UnitQty>
      <Quantity>1.00</Quantity>
      <UnitOfMeasure>ק"ג</UnitOfMeasure>
      <bIsWeighted>0</bIsWeighted>
      <QtyInPackage>1</QtyInPackage>
      <ItemPrice>11.90</ItemPrice>
      <UnitOfMeasurePrice>11.9000</UnitOfMeasurePrice>
      <AllowDiscount>1</AllowDiscount>
      <ItemStatus>1</ItemStatus>
      <ItemId>3483</ItemId>
    </Item>
    <Item>
      <PriceUpdateDate>2015-10-04 10:19:05</PriceUpdateDate>
      <ItemCode>7290000364858</ItemCode>
      <ItemType>1</ItemType>
      <ItemName>נקניקיות עוף       .</ItemName>
      <ManufacturerName>טירת צבי</ManufacturerName>
      <ManufactureCountry>ישראל</ManufactureCountry>
      <ManufacturerItemDescription>נקניקיות עוף 1 קג</ManufacturerItemDescription>
      <UnitQty>קילוגרמים</UnitQty>
      <Quantity>1.00</Quantity>
      <UnitOfMeasure>ק"ג</UnitOfMeasure>
      <bIsWeighted>0</bIsWeighted>
      <QtyInPackage>1</QtyInPackage>
      <ItemPrice>32.40</ItemPrice>
      <UnitOfMeasurePrice>32.4000</UnitOfMeasurePrice>
      <AllowDiscount>1</AllowDiscount>
      <ItemStatus>1</ItemStatus>
      <ItemId>3510</ItemId>
    </Item>
    <Item>
      <PriceUpdateDate>2015-10-04 10:19:05</PriceUpdateDate>
      <ItemCode>7290000364872</ItemCode>
      <ItemType>1</ItemType>
      <ItemName>נקניקיות עוף</ItemName>
      <ManufacturerName>טירת צבי</ManufacturerName>
      <ManufactureCountry>ישראל</ManufactureCountry>
      <ManufacturerItemDescription>נקניקיות עוף 400 ג</ManufacturerItemDescription>
      <UnitQty>גרמים</UnitQty>
      <Quantity>400.00</Quantity>
      <UnitOfMeasure>100 גרם</UnitOfMeasure>
      <bIsWeighted>0</bIsWeighted>
      <QtyInPackage>1</QtyInPackage>
      <ItemPrice>16.00</ItemPrice>
      <UnitOfMeasurePrice>4.0000</UnitOfMeasurePrice>
      <AllowDiscount>1</AllowDiscount>
      <ItemStatus>1</ItemStatus>
      <ItemId>3512</ItemId>
    </Item>
    <Item>
      <PriceUpdateDate>2015-10-04 10:18:12</PriceUpdateDate>
      <ItemCode>7290003667109</ItemCode>
      <ItemType>1</ItemType>
      <ItemName>פאנטה אורנג 1.5 ליטר</ItemName>
      <ManufacturerName>החברה המרכזית למשקאו</ManufacturerName>
      <ManufactureCountry>ישראל</ManufactureCountry>
      <ManufacturerItemDescription>פאנטה אורנג1.5 ל                      .</ManufacturerItemDescription>
      <UnitQty>ליטרים</UnitQty>
      <Quantity>1.50</Quantity>
      <UnitOfMeasure>ליטר</UnitOfMeasure>
      <bIsWeighted>0</bIsWeighted>
      <QtyInPackage>1</QtyInPackage>
      <ItemPrice>7.30</ItemPrice>
      <UnitOfMeasurePrice>4.8667</UnitOfMeasurePrice>
      <AllowDiscount>1</AllowDiscount>
      <ItemStatus>1</ItemStatus>
      <ItemId>3532</ItemId>
    </Item>
    <Item>
      <PriceUpdateDate>2015-10-04 10:18:12</PriceUpdateDate>
      <ItemCode>7290003667369</ItemCode>
      <ItemType>1</ItemType>
      <ItemName>מיקס תות-בננה חדש בק</ItemName>
      <ManufacturerName>פריגת</ManufacturerName>
      <ManufactureCountry>ישראל</ManufactureCountry>
      <ManufacturerItemDescription>משקל פריגת מיקס תות בננה1.5 ל          .</ManufacturerItemDescription>
      <UnitQty>ליטרים</UnitQty>
      <Quantity>1.50</Quantity>
      <UnitOfMeasure>ליטר</UnitOfMeasure>
      <bIsWeighted>0</bIsWeighted>
      <QtyInPackage>1</QtyInPackage>
      <ItemPrice>6.80</ItemPrice>
      <UnitOfMeasurePrice>4.5333</UnitOfMeasurePrice>
      <AllowDiscount>1</AllowDiscount>
      <ItemStatus>1</ItemStatus>
      <ItemId>3533</ItemId>
    </Item>
    <Item>
      <PriceUpdateDate>2015-10-04 10:19:05</PriceUpdateDate>
      <ItemCode>7290000367590</ItemCode>
      <ItemType>1</ItemType>
      <ItemName>צמד כפרי</ItemName>
      <ManufacturerName>טירת צבי</ManufacturerName>
      <ManufactureCountry>ישראל</ManufactureCountry>
      <ManufacturerItemDescription>צמד כפרי 800 גר</ManufacturerItemDescription>
      <UnitQty>גרמים</UnitQty>
      <Quantity>800.00</Quantity>
      <UnitOfMeasure>100 גרם</UnitOfMeasure>
      <bIsWeighted>0</bIsWeighted>
      <QtyInPackage>1</QtyInPackage>
      <ItemPrice>36.50</ItemPrice>
      <UnitOfMeasurePrice>4.5625</UnitOfMeasurePrice>
      <AllowDiscount>1</AllowDiscount>
      <ItemStatus>1</ItemStatus>
      <ItemId>3537</ItemId>
    </Item>
    <Item>
      <PriceUpdateDate>2015-10-04 10:19:13</PriceUpdateDate>
      <ItemCode>7290003727667</ItemCode>
      <ItemType>1</ItemType>
      <ItemName>סלט חומוס</ItemName>
      <ManufacturerName>אסם</ManufacturerName>
      <ManufactureCountry>ישראל</ManufactureCountry>
      <ManufacturerItemDescription>סלט 1000חומוס</ManufacturerItemDescription>
      <UnitQty>קילוגרמים</UnitQty>
      <Quantity>1.00</Quantity>
      <UnitOfMeasure>ק"ג</UnitOfMeasure>
      <bIsWeighted>0</bIsWeighted>
      <QtyInPackage>1</QtyInPackage>
      <ItemPrice>19.70</ItemPrice>
      <UnitOfMeasurePrice>19.7000</UnitOfMeasurePrice>
      <AllowDiscount>1</AllowDiscount>
      <ItemStatus>1</ItemStatus>
      <ItemId>3554</ItemId>
    </Item>
    <Item>
      <PriceUpdateDate>2016-05-20 06:34:18</PriceUpdateDate>
      <ItemCode>7290000379104</ItemCode>
      <ItemType>1</ItemType>
      <ItemName>לחם אחיד פרוס</ItemName>
      <ManufacturerName>מאפיית אנג'ל</ManufacturerName>
      <ManufactureCountry>ישראל</ManufactureCountry>
      <ManufacturerItemDescription>לחם אחיד פרוס750 גרם</ManufacturerItemDescription>
      <UnitQty>גרמים</UnitQty>
      <Quantity>750.00</Quantity>
      <UnitOfMeasure>100 גרם</UnitOfMeasure>
      <bIsWeighted>0</bIsWeighted>
      <QtyInPackage>1</QtyInPackage>
      <ItemPrice>6.70</ItemPrice>
      <UnitOfMeasurePrice>0.8933</UnitOfMeasurePrice>
      <AllowDiscount>1</AllowDiscount>
      <ItemStatus>1</ItemStatus>
      <ItemId>3608</ItemId>
    </Item>
    <Item>
      <PriceUpdateDate>2015-01-01 00:00:00</PriceUpdateDate>
      <ItemCode>7290000379128</ItemCode>
      <ItemType>1</ItemType>
      <ItemName>חלה ארוזה פרוסה</ItemName>
      <ManufacturerName>מאפיית אנג'ל</ManufacturerName>
      <ManufactureCountry>ישראל</ManufactureCountry>
      <ManufacturerItemDescription>חלה ארוזה פרוסה500 גר                  .</ManufacturerItemDescription>
      <UnitQty>גרמים</UnitQty>
      <Quantity>500.00</Quantity>
      <UnitOfMeasure>100 גרם</UnitOfMeasure>
      <bIsWeighted>0</bIsWeighted>
      <QtyInPackage>1</QtyInPackage>
      <ItemPrice>10.90</ItemPrice>
      <UnitOfMeasurePrice>2.1800</UnitOfMeasurePrice>
      <AllowDiscount>1</AllowDiscount>
      <ItemStatus>1</ItemStatus>
      <ItemId>3610</ItemId>
    </Item>
    <Item>
      <PriceUpdateDate>2015-01-01 00:00:00</PriceUpdateDate>
      <ItemCode>7290000379142</ItemCode>
      <ItemType>1</ItemType>
      <ItemName>לחם עינן פרוס</ItemName>
      <ManufacturerName>מאפיית אנג'ל</ManufacturerName>
      <ManufactureCountry>ישראל</ManufactureCountry>
      <ManufacturerItemDescription>לחם עינן פרוס750 גר</ManufacturerItemDescription>
      <UnitQty>גרמים</UnitQty>
      <Quantity>750.00</Quantity>
      <UnitOfMeasure>100 גרם</UnitOfMeasure>
      <bIsWeighted>0</bIsWeighted>
      <QtyInPackage>1</QtyInPackage>
      <ItemPrice>15.80</ItemPrice>
      <UnitOfMeasurePrice>2.1067</UnitOfMeasurePrice>
      <AllowDiscount>1</AllowDiscount>
      <ItemStatus>1</ItemStatus>
      <ItemId>3611</ItemId>
    </Item>
    <Item>
      <PriceUpdateDate>2015-10-04 10:18:42</PriceUpdateDate>
      <ItemCode>7290000379203</ItemCode>
      <ItemType>1</ItemType>
      <ItemName>לחם עינן קל פרוס</ItemName>
      <ManufacturerName>מאפיית אנג'ל</ManufacturerName>
      <ManufactureCountry>ישראל</ManufactureCountry>
      <ManufacturerItemDescription>לחם עינן קל פרוס 500 גר                .</ManufacturerItemDescription>
      <UnitQty>גרמים</UnitQty>
      <Quantity>500.00</Quantity>
      <UnitOfMeasure>100 גרם</UnitOfMeasure>
      <bIsWeighted>0</bIsWeighted>
      <QtyInPackage>1</QtyInPackage>
      <ItemPrice>15.60</ItemPrice>
      <UnitOfMeasurePrice>3.1200</UnitOfMeasurePrice>
      <AllowDiscount>1</AllowDiscount>
      <ItemStatus>1</ItemStatus>
      <ItemId>3614</ItemId>
    </Item>
    <Item>
      <PriceUpdateDate>2015-10-04 10:18:42</PriceUpdateDate>
      <ItemCode>7290000379258</ItemCode>
      <ItemType>1</ItemType>
      <ItemName>חלה קונדיטוריה</ItemName>
      <ManufacturerName>מאפיית אנג'ל</ManufacturerName>
      <ManufactureCountry>ישראל</ManufactureCountry>
      <ManufacturerItemDescription>חלה קונדיטוריה500 גר .ארוזה</ManufacturerItemDescription>
      <UnitQty>גרמים</UnitQty>
      <Quantity>500.00</Quantity>
      <UnitOfMeasure>100 גרם</UnitOfMeasure>
      <bIsWeighted>0</bIsWeighted>
      <QtyInPackage>1</QtyInPackage>
      <ItemPrice>16.10</ItemPrice>
      <UnitOfMeasurePrice>3.2200</UnitOfMeasurePrice>
      <AllowDiscount>1</AllowDiscount>
      <ItemStatus>1</ItemStatus>
      <ItemId>3615</ItemId>
    </Item>
    <Item>
      <PriceUpdateDate>2015-10-04 10:18:42</PriceUpdateDate>
      <ItemCode>7290000379357</ItemCode>
      <ItemType>1</ItemType>
      <ItemName>חלה קלה</ItemName>
      <ManufacturerName>מאפיית אנג'ל</ManufacturerName>
      <ManufactureCountry>ישראל</ManufactureCountry>
      <ManufacturerItemDescription>חלה קלה 500 גר .ארוז</ManufacturerItemDescription>
      <UnitQty>גרמים</UnitQty>
      <Quantity>500.00</Quantity>
      <UnitOfMeasure>100 גרם</UnitOfMeasure>
      <bIsWeighted>0</bIsWeighted>
      <QtyInPackage>1</QtyInPackage>
      <ItemPrice>16.10</ItemPrice>
      <UnitOfMeasurePrice>3.2200</UnitOfMeasurePrice>
      <AllowDiscount>1</AllowDiscount>
      <ItemStatus>1</ItemStatus>
      <ItemId>3619</ItemId>
    </Item>
    <Item>
      <PriceUpdateDate>2015-01-01 00:00:00</PriceUpdateDate>
      <ItemCode>7290000379432</ItemCode>
      <ItemType>1</ItemType>
      <ItemName>לחמניה</ItemName>
      <ManufacturerName>מאפיית אנג'ל</ManufacturerName>
      <ManufactureCountry>ישראל</ManufactureCountry>
      <ManufacturerItemDescription>לחמניה 75 גרם</ManufacturerItemDescription>
      <UnitQty>גרמים</UnitQty>
      <Quantity>75.00</Quantity>
      <UnitOfMeasure>100 גרם</UnitOfMeasure>
      <bIsWeighted>0</bIsWeighted>
      <QtyInPackage>1</QtyInPackage>
      <ItemPrice>1.60</ItemPrice>
      <UnitOfMeasurePrice>2.1333</UnitOfMeasurePrice>
      <AllowDiscount>1</AllowDiscount>
      <ItemStatus>1</ItemStatus>
      <ItemId>3620</ItemId>
    </Item>
    <Item>
      <PriceUpdateDate>2015-01-01 00:00:00</PriceUpdateDate>
      <ItemCode>7290000379586</ItemCode>
      <ItemType>1</ItemType>
      <ItemName>לחמניה קלועה מיוחדת</ItemName>
      <ManufacturerName>מאפיית אנג'ל</ManufacturerName>
      <ManufactureCountry>ישראל</ManufactureCountry>
      <ManufacturerItemDescription>לחמניה קלועה מיוחדת 125 גר             .</ManufacturerItemDescription>
      <UnitQty>גרמים</UnitQty>
      <Quantity>125.00</Quantity>
      <UnitOfMeasure>100 גרם</UnitOfMeasure>
      <bIsWeighted>0</bIsWeighted>
      <QtyInPackage>1</QtyInPackage>
      <ItemPrice>3.90</ItemPrice>
      <UnitOfMeasurePrice>3.1200</UnitOfMeasurePrice>
      <AllowDiscount>1</AllowDiscount>
      <ItemStatus>1</ItemStatus>
      <ItemId>3630</ItemId>
    </Item>
    <Item>
      <PriceUpdateDate>2015-11-05 14:17:03</PriceUpdateDate>
      <ItemCode>7290000379623</ItemCode>
      <ItemType>1</ItemType>
      <ItemName>לחם אחיד</ItemName>
      <ManufacturerName>מאפיית אנג'ל</ManufacturerName>
      <ManufactureCountry>ישראל</ManufactureCountry>
      <ManufacturerItemDescription>לחם אחיד750 גר                         .</ManufacturerItemDescription>
      <UnitQty>Unknown </UnitQty>
      <Quantity>0.00</Quantity>
      <UnitOfMeasure>Unknown </UnitOfMeasure>
      <bIsWeighted>0</bIsWeighted>
      <QtyInPackage>1</QtyInPackage>
      <ItemPrice>4.90</ItemPrice>
      <UnitOfMeasurePrice>0.0000</UnitOfMeasurePrice>
      <AllowDiscount>1</AllowDiscount>
      <ItemStatus>1</ItemStatus>
      <ItemId>3633</ItemId>
    </Item>
    <Item>
      <PriceUpdateDate>2016-05-20 06:34:18</PriceUpdateDate>
      <ItemCode>7290000379647</ItemCode>
      <ItemType>1</ItemType>
      <ItemName>חלה רגילה/עגולה/קלוע</ItemName>
      <ManufacturerName>מאפיית אנג'ל</ManufacturerName>
      <ManufactureCountry>ישראל</ManufactureCountry>
      <ManufacturerItemDescription>חלה רגילה/עגולה/קלועה500גרם</ManufacturerItemDescription>
      <UnitQty>Unknown </UnitQty>
      <Quantity>0.00</Quantity>
      <UnitOfMeasure>Unknown </UnitOfMeasure>
      <bIsWeighted>0</bIsWeighted>
      <QtyInPackage>1</QtyInPackage>
      <ItemPrice>4.90</ItemPrice>
      <UnitOfMeasurePrice>0.0000</UnitOfMeasurePrice>
      <AllowDiscount>1</AllowDiscount>
      <ItemStatus>1</ItemStatus>
      <ItemId>3635</ItemId>
    </Item>
    <Item>
      <PriceUpdateDate>2016-05-20 06:34:18</PriceUpdateDate>
      <ItemCode>7290000379654</ItemCode>
      <ItemType>1</ItemType>
      <ItemName>חלה קלועה</ItemName>
      <ManufacturerName>מאפיית אנג'ל</ManufacturerName>
      <ManufactureCountry>לא ידוע</ManufactureCountry>
      <ManufacturerItemDescription>חלה קלועה 500 גרם</ManufacturerItemDescription>
      <UnitQty>גרמים</UnitQty>
      <Quantity>500.00</Quantity>
      <UnitOfMeasure>100 גרם</UnitOfMeasure>
      <bIsWeighted>0</bIsWeighted>
      <QtyInPackage>1</QtyInPackage>
      <ItemPrice>4.90</ItemPrice>
      <UnitOfMeasurePrice>0.9800</UnitOfMeasurePrice>
      <AllowDiscount>1</AllowDiscount>
      <ItemStatus>1</ItemStatus>
      <ItemId>3636</ItemId>
    </Item>
    <Item>
      <PriceUpdateDate>2015-10-04 10:17:41</PriceUpdateDate>
      <ItemCode>7290013269911</ItemCode>
      <ItemType>1</ItemType>
      <ItemName>סנו           K 333</ItemName>
      <ManufacturerName>סנו</ManufacturerName>
      <ManufactureCountry>לא ידוע</ManufactureCountry>
      <ManufacturerItemDescription>סנו K 750 333 מ"ל</ManufacturerItemDescription>
      <UnitQty>מיליליטרים</UnitQty>
      <Quantity>750.00</Quantity>
      <UnitOfMeasure>100 מ"ל</UnitOfMeasure>
      <bIsWeighted>0</bIsWeighted>
      <QtyInPackage>1</QtyInPackage>
      <ItemPrice>27.60</ItemPrice>
      <UnitOfMeasurePrice>3.6800</UnitOfMeasurePrice>
      <AllowDiscount>1</AllowDiscount>
      <ItemStatus>1</ItemStatus>
      <ItemId>82609</ItemId>
    </Item>
    <Item>
      <PriceUpdateDate>2015-10-04 10:16:55</PriceUpdateDate>
      <ItemCode>7290003804320</ItemCode>
      <ItemType>1</ItemType>
      <ItemName>תיבולית קנור שום</ItemName>
      <ManufacturerName>אתר חיפה אבקות - Foo</ManufacturerName>
      <ManufactureCountry>ישראל</ManufactureCountry>
      <ManufacturerItemDescription>תיבולית קנור שום ופטרוזיליה</ManufacturerItemDescription>
      <UnitQty>גרמים</UnitQty>
      <Quantity>72.00</Quantity>
      <UnitOfMeasure>100 גרם</UnitOfMeasure>
      <bIsWeighted>0</bIsWeighted>
      <QtyInPackage>1</QtyInPackage>
      <ItemPrice>10.30</ItemPrice>
      <UnitOfMeasurePrice>14.3056</UnitOfMeasurePrice>
      <AllowDiscount>1</AllowDiscount>
      <ItemStatus>1</ItemStatus>
      <ItemId>3645</ItemId>
    </Item>
    <Item>
      <PriceUpdateDate>2015-10-04 10:16:55</PriceUpdateDate>
      <ItemCode>7290003804344</ItemCode>
      <ItemType>1</ItemType>
      <ItemName>מרקנור בטעם עוף קופס</ItemName>
      <ManufacturerName>יוניליוור</ManufacturerName>
      <ManufactureCountry>ישראל</ManufactureCountry>
      <ManufacturerItemDescription>מרקנור בטעם עוף קופסא400 גר</ManufacturerItemDescription>
      <UnitQty>גרמים</UnitQty>
      <Quantity>400.00</Quantity>
      <UnitOfMeasure>100 גרם</UnitOfMeasure>
      <bIsWeighted>0</bIsWeighted>
      <QtyInPackage>1</QtyInPackage>
      <ItemPrice>15.80</ItemPrice>
      <UnitOfMeasurePrice>3.9500</UnitOfMeasurePrice>
      <AllowDiscount>1</AllowDiscount>
      <ItemStatus>1</ItemStatus>
      <ItemId>3646</ItemId>
    </Item>
    <Item>
      <PriceUpdateDate>2015-10-04 10:16:55</PriceUpdateDate>
      <ItemCode>7290003804351</ItemCode>
      <ItemType>1</ItemType>
      <ItemName>מרקנור פטריות מוקרם</ItemName>
      <ManufacturerName>אתר חיפה אבקות - Foo</ManufacturerName>
      <ManufactureCountry>ישראל</ManufactureCountry>
      <ManufacturerItemDescription>מרקנור פטריות מוקרם פרווה           400</ManufacturerItemDescription>
      <UnitQty>גרמים</UnitQty>
      <Quantity>400.00</Quantity>
      <UnitOfMeasure>100 גרם</UnitOfMeasure>
      <bIsWeighted>0</bIsWeighted>
      <QtyInPackage>1</QtyInPackage>
      <ItemPrice>27.00</ItemPrice>
      <UnitOfMeasurePrice>6.7500</UnitOfMeasurePrice>
      <AllowDiscount>1</AllowDiscount>
      <ItemStatus>1</ItemStatus>
      <ItemId>3647</ItemId>
    </Item>
    <Item>
      <PriceUpdateDate>2015-10-04 10:16:55</PriceUpdateDate>
      <ItemCode>7290003804368</ItemCode>
      <ItemType>1</ItemType>
      <ItemName>תיבולית ק .בזיליקום</ItemName>
      <ManufacturerName>אתר חיפה אבקות - Foo</ManufacturerName>
      <ManufactureCountry>ישראל</ManufactureCountry>
      <ManufacturerItemDescription>תיבולית קנור בזיליקום</ManufacturerItemDescription>
      <UnitQty>גרמים</UnitQty>
      <Quantity>72.00</Quantity>
      <UnitOfMeasure>100 גרם</UnitOfMeasure>
      <bIsWeighted>0</bIsWeighted>
      <QtyInPackage>1</QtyInPackage>
      <ItemPrice>10.30</ItemPrice>
      <UnitOfMeasurePrice>14.3056</UnitOfMeasurePrice>
      <AllowDiscount>1</AllowDiscount>
      <ItemStatus>1</ItemStatus>
      <ItemId>3648</ItemId>
    </Item>
    <Item>
      <PriceUpdateDate>2015-10-04 10:16:56</PriceUpdateDate>
      <ItemCode>7290003805402</ItemCode>
      <ItemType>1</ItemType>
      <ItemName>מרקנור אבקת תיבול</ItemName>
      <ManufacturerName>אתר חיפה אבקות - Foo</ManufacturerName>
      <ManufactureCountry>ישראל</ManufactureCountry>
      <ManufacturerItemDescription>מרק בצל אבקת תיבול בצל 400 גר          "</ManufacturerItemDescription>
      <UnitQty>גרמים</UnitQty>
      <Quantity>400.00</Quantity>
      <UnitOfMeasure>100 גרם</UnitOfMeasure>
      <bIsWeighted>0</bIsWeighted>
      <QtyInPackage>1</QtyInPackage>
      <ItemPrice>27.00</ItemPrice>
      <UnitOfMeasurePrice>6.7500</UnitOfMeasurePrice>
      <AllowDiscount>1</AllowDiscount>
      <ItemStatus>1</ItemStatus>
      <ItemId>3664</ItemId>
    </Item>
    <Item>
      <PriceUpdateDate>2016-08-14 13:55:24</PriceUpdateDate>
      <ItemCode>960</ItemCode>
      <ItemType>0</ItemType>
      <ItemName>כרובית ארוזה</ItemName>
      <ManufacturerName>חקלאי</ManufacturerName>
      <ManufactureCountry>לא ידוע</ManufactureCountry>
      <ManufacturerItemDescription>כרובית</ManufacturerItemDescription>
      <UnitQty>קילוגרמים</UnitQty>
      <Quantity>1.00</Quantity>
      <UnitOfMeasure>ק"ג</UnitOfMeasure>
      <bIsWeighted>1</bIsWeighted>
      <QtyInPackage>לא ידוע</QtyInPackage>
      <ItemPrice>14.90</ItemPrice>
      <UnitOfMeasurePrice>14.9000</UnitOfMeasurePrice>
      <AllowDiscount>1</AllowDiscount>
      <ItemStatus>1</ItemStatus>
      <ItemId>80977</ItemId>
    </Item>
    <Item>
      <PriceUpdateDate>2015-10-04 10:16:56</PriceUpdateDate>
      <ItemCode>7290003805556</ItemCode>
      <ItemType>1</ItemType>
      <ItemName>ברנפלקס בד"ץ</ItemName>
      <ManufacturerName>אתר שפע - Food</ManufacturerName>
      <ManufactureCountry>ישראל</ManufactureCountry>
      <ManufacturerItemDescription>ברנפלקס בדץ 500 גרם</ManufacturerItemDescription>
      <UnitQty>גרמים</UnitQty>
      <Quantity>500.00</Quantity>
      <UnitOfMeasure>100 גרם</UnitOfMeasure>
      <bIsWeighted>0</bIsWeighted>
      <QtyInPackage>1</QtyInPackage>
      <ItemPrice>26.60</ItemPrice>
      <UnitOfMeasurePrice>5.3200</UnitOfMeasurePrice>
      <AllowDiscount>1</AllowDiscount>
      <ItemStatus>1</ItemStatus>
      <ItemId>3670</ItemId>
    </Item>
    <Item>
      <PriceUpdateDate>2015-11-12 10:52:08</PriceUpdateDate>
      <ItemCode>7290003805709</ItemCode>
      <ItemType>1</ItemType>
      <ItemName>כריות נוגט 750 גרם</ItemName>
      <ManufacturerName>אתר שפע - Food</ManufacturerName>
      <ManufactureCountry>לא ידוע</ManufactureCountry>
      <ManufacturerItemDescription>כריות נוגט 750 גרם בדצ</ManufacturerItemDescription>
      <UnitQty>גרמים</UnitQty>
      <Quantity>750.00</Quantity>
      <UnitOfMeasure>100 גרם</UnitOfMeasure>
      <bIsWeighted>0</bIsWeighted>
      <QtyInPackage>1</QtyInPackage>
      <ItemPrice>29.90</ItemPrice>
      <UnitOfMeasurePrice>3.9867</UnitOfMeasurePrice>
      <AllowDiscount>1</AllowDiscount>
      <ItemStatus>1</ItemStatus>
      <ItemId>3673</ItemId>
    </Item>
    <Item>
      <PriceUpdateDate>2015-10-04 10:16:42</PriceUpdateDate>
      <ItemCode>7290003901197</ItemCode>
      <ItemType>1</ItemType>
      <ItemName>שוקולד חלב+אגוזים</ItemName>
      <ManufacturerName>שטראוס גרופ</ManufacturerName>
      <ManufactureCountry>לא ידוע</ManufactureCountry>
      <ManufacturerItemDescription>מארז 1/4 שוקולד חלב עם אגוזים</ManufacturerItemDescription>
      <UnitQty>גרמים</UnitQty>
      <Quantity>400.00</Quantity>
      <UnitOfMeasure>100 גרם</UnitOfMeasure>
      <bIsWeighted>0</bIsWeighted>
      <QtyInPackage>1</QtyInPackage>
      <ItemPrice>35.30</ItemPrice>
      <UnitOfMeasurePrice>8.8250</UnitOfMeasurePrice>
      <AllowDiscount>1</AllowDiscount>
      <ItemStatus>1</ItemStatus>
      <ItemId>3811</ItemId>
    </Item>
    <Item>
      <PriceUpdateDate>2015-10-04 10:16:42</PriceUpdateDate>
      <ItemCode>7290003903955</ItemCode>
      <ItemType>1</ItemType>
      <ItemName>שוקולד פרה קרם חלב</ItemName>
      <ManufacturerName>שטראוס גרופ</ManufacturerName>
      <ManufactureCountry>ישראל</ManufactureCountry>
      <ManufacturerItemDescription>שוקולד פרה קרם חלב 100 גר              .</ManufacturerItemDescription>
      <UnitQty>גרמים</UnitQty>
      <Quantity>100.00</Quantity>
      <UnitOfMeasure>100 גרם</UnitOfMeasure>
      <bIsWeighted>0</bIsWeighted>
      <QtyInPackage>1</QtyInPackage>
      <ItemPrice>6.60</ItemPrice>
      <UnitOfMeasurePrice>6.6000</UnitOfMeasurePrice>
      <AllowDiscount>1</AllowDiscount>
      <ItemStatus>1</ItemStatus>
      <ItemId>3823</ItemId>
    </Item>
    <Item>
      <PriceUpdateDate>2015-10-04 10:16:42</PriceUpdateDate>
      <ItemCode>7290003905331</ItemCode>
      <ItemType>1</ItemType>
      <ItemName>שוקולד פרה חלב+אגוז</ItemName>
      <ManufacturerName>שטראוס גרופ</ManufacturerName>
      <ManufactureCountry>ישראל</ManufactureCountry>
      <ManufacturerItemDescription>שוקולד פרה חלב+אגוזים 100  גר          .</ManufacturerItemDescription>
      <UnitQty>גרמים</UnitQty>
      <Quantity>100.00</Quantity>
      <UnitOfMeasure>100 גרם</UnitOfMeasure>
      <bIsWeighted>0</bIsWeighted>
      <QtyInPackage>1</QtyInPackage>
      <ItemPrice>6.60</ItemPrice>
      <UnitOfMeasurePrice>6.6000</UnitOfMeasurePrice>
      <AllowDiscount>1</AllowDiscount>
      <ItemStatus>1</ItemStatus>
      <ItemId>3828</ItemId>
    </Item>
    <Item>
      <PriceUpdateDate>2015-10-04 10:16:42</PriceUpdateDate>
      <ItemCode>7290003905362</ItemCode>
      <ItemType>1</ItemType>
      <ItemName>שוקולד חלב ללא סוכר</ItemName>
      <ManufacturerName>שטראוס גרופ</ManufacturerName>
      <ManufactureCountry>ישראל</ManufactureCountry>
      <ManufacturerItemDescription>שוקולד חלב ללא סוכר 100 גר             .</ManufacturerItemDescription>
      <UnitQty>גרמים</UnitQty>
      <Quantity>100.00</Quantity>
      <UnitOfMeasure>100 גרם</UnitOfMeasure>
      <bIsWeighted>0</bIsWeighted>
      <QtyInPackage>1</QtyInPackage>
      <ItemPrice>9.80</ItemPrice>
      <UnitOfMeasurePrice>9.8000</UnitOfMeasurePrice>
      <AllowDiscount>1</AllowDiscount>
      <ItemStatus>1</ItemStatus>
      <ItemId>3829</ItemId>
    </Item>
    <Item>
      <PriceUpdateDate>2015-10-04 10:16:34</PriceUpdateDate>
      <ItemCode>39800011398</ItemCode>
      <ItemType>1</ItemType>
      <ItemName>סוללות אנרגייזר D גד</ItemName>
      <ManufacturerName>אנרג'ייזר</ManufacturerName>
      <ManufactureCountry>לא ידוע</ManufactureCountry>
      <ManufacturerItemDescription>סוללות אנרגייזר D גדולות</ManufacturerItemDescription>
      <UnitQty>Unknown </UnitQty>
      <Quantity>0.00</Quantity>
      <UnitOfMeasure>Unknown </UnitOfMeasure>
      <bIsWeighted>0</bIsWeighted>
      <QtyInPackage>1</QtyInPackage>
      <ItemPrice>29.60</ItemPrice>
      <UnitOfMeasurePrice>0.0000</UnitOfMeasurePrice>
      <AllowDiscount>1</AllowDiscount>
      <ItemStatus>1</ItemStatus>
      <ItemId>3932</ItemId>
    </Item>
    <Item>
      <PriceUpdateDate>2015-10-04 10:18:06</PriceUpdateDate>
      <ItemCode>7290000024523</ItemCode>
      <ItemType>1</ItemType>
      <ItemName>מיץ ענבים תירוש סגל</ItemName>
      <ManufacturerName>ברקן סגל</ManufacturerName>
      <ManufactureCountry>לא ידוע</ManufactureCountry>
      <ManufacturerItemDescription>מיץ ענבים תירוש 1 ליטר כשלפ</ManufacturerItemDescription>
      <UnitQty>ליטרים</UnitQty>
      <Quantity>1.00</Quantity>
      <UnitOfMeasure>ליטר</UnitOfMeasure>
      <bIsWeighted>0</bIsWeighted>
      <QtyInPackage>1</QtyInPackage>
      <ItemPrice>15.10</ItemPrice>
      <UnitOfMeasurePrice>15.1000</UnitOfMeasurePrice>
      <AllowDiscount>1</AllowDiscount>
      <ItemStatus>1</ItemStatus>
      <ItemId>101196</ItemId>
    </Item>
    <Item>
      <PriceUpdateDate>2015-10-04 10:16:42</PriceUpdateDate>
      <ItemCode>7290003989096</ItemCode>
      <ItemType>1</ItemType>
      <ItemName>סלט חציל פיקנטי אחלה</ItemName>
      <ManufacturerName>שטראוס גרופ</ManufacturerName>
      <ManufactureCountry>ישראל</ManufactureCountry>
      <ManufacturerItemDescription>סלט חציל פיקנטי אחלה 500 גרם</ManufacturerItemDescription>
      <UnitQty>גרמים</UnitQty>
      <Quantity>500.00</Quantity>
      <UnitOfMeasure>100 גרם</UnitOfMeasure>
      <bIsWeighted>0</bIsWeighted>
      <QtyInPackage>1</QtyInPackage>
      <ItemPrice>15.70</ItemPrice>
      <UnitOfMeasurePrice>3.1400</UnitOfMeasurePrice>
      <AllowDiscount>1</AllowDiscount>
      <ItemStatus>1</ItemStatus>
      <ItemId>3971</ItemId>
    </Item>
    <Item>
      <PriceUpdateDate>2015-10-04 10:19:14</PriceUpdateDate>
      <ItemCode>40000123415</ItemCode>
      <ItemType>1</ItemType>
      <ItemName>כרזה    1X</ItemName>
      <ManufacturerName>ארסלן</ManufacturerName>
      <ManufactureCountry>ישראל</ManufactureCountry>
      <ManufacturerItemDescription>כרזה                                 1X</ManufacturerItemDescription>
      <UnitQty>Unknown </UnitQty>
      <Quantity>0.00</Quantity>
      <UnitOfMeasure>Unknown </UnitOfMeasure>
      <bIsWeighted>0</bIsWeighted>
      <QtyInPackage>1</QtyInPackage>
      <ItemPrice>6.90</ItemPrice>
      <UnitOfMeasurePrice>0.0000</UnitOfMeasurePrice>
      <AllowDiscount>1</AllowDiscount>
      <ItemStatus>1</ItemStatus>
      <ItemId>3987</ItemId>
    </Item>
    <Item>
      <PriceUpdateDate>2015-08-03 07:56:02</PriceUpdateDate>
      <ItemCode>7290000040042</ItemCode>
      <ItemType>1</ItemType>
      <ItemName>יופלה תות        3%</ItemName>
      <ManufacturerName>תנובה מרכז שיתופי לש</ManufacturerName>
      <ManufactureCountry>ישראל</ManufactureCountry>
      <ManufacturerItemDescription>יופלה תות 150 3% מל</ManufacturerItemDescription>
      <UnitQty>גרמים</UnitQty>
      <Quantity>150.00</Quantity>
      <UnitOfMeasure>100 גרם</UnitOfMeasure>
      <bIsWeighted>0</bIsWeighted>
      <QtyInPackage>1</QtyInPackage>
      <ItemPrice>5.10</ItemPrice>
      <UnitOfMeasurePrice>3.4000</UnitOfMeasurePrice>
      <AllowDiscount>1</AllowDiscount>
      <ItemStatus>1</ItemStatus>
      <ItemId>3997</ItemId>
    </Item>
    <Item>
      <PriceUpdateDate>2015-11-05 14:16:49</PriceUpdateDate>
      <ItemCode>4005808813063</ItemCode>
      <ItemType>1</ItemType>
      <ItemName>תחליב לחות לגבר</ItemName>
      <ManufacturerName>ביירסדורף</ManufacturerName>
      <ManufactureCountry>גרמניה</ManufactureCountry>
      <ManufacturerItemDescription>תחליב לחות לעור רגיש ניוואה</ManufacturerItemDescription>
      <UnitQty>גרמים</UnitQty>
      <Quantity>260.00</Quantity>
      <UnitOfMeasure>100 גרם</UnitOfMeasure>
      <bIsWeighted>0</bIsWeighted>
      <QtyInPackage>1</QtyInPackage>
      <ItemPrice>58.90</ItemPrice>
      <UnitOfMeasurePrice>22.6538</UnitOfMeasurePrice>
      <AllowDiscount>1</AllowDiscount>
      <ItemStatus>1</ItemStatus>
      <ItemId>4017</ItemId>
    </Item>
    <Item>
      <PriceUpdateDate>2015-08-03 07:56:02</PriceUpdateDate>
      <ItemCode>7290000040080</ItemCode>
      <ItemType>1</ItemType>
      <ItemName>יופלה אפרסק</ItemName>
      <ManufacturerName>תנובה מרכז שיתופי לש</ManufacturerName>
      <ManufactureCountry>ישראל</ManufactureCountry>
      <ManufacturerItemDescription>יופלה אפרסק 150 3% מל</ManufacturerItemDescription>
      <UnitQty>גרמים</UnitQty>
      <Quantity>150.00</Quantity>
      <UnitOfMeasure>100 גרם</UnitOfMeasure>
      <bIsWeighted>0</bIsWeighted>
      <QtyInPackage>1</QtyInPackage>
      <ItemPrice>5.10</ItemPrice>
      <UnitOfMeasurePrice>3.4000</UnitOfMeasurePrice>
      <AllowDiscount>1</AllowDiscount>
      <ItemStatus>1</ItemStatus>
      <ItemId>4052</ItemId>
    </Item>
    <Item>
      <PriceUpdateDate>2015-08-13 12:45:39</PriceUpdateDate>
      <ItemCode>40111216</ItemCode>
      <ItemType>1</ItemType>
      <ItemName>חטיף שוקולד באונטי 5</ItemName>
      <ManufacturerName>מרס</ManufacturerName>
      <ManufactureCountry>הולנד</ManufactureCountry>
      <ManufacturerItemDescription>חטיף שוקולד באונטי57 גר                .</ManufacturerItemDescription>
      <UnitQty>גרמים</UnitQty>
      <Quantity>57.00</Quantity>
      <UnitOfMeasure>100 גרם</UnitOfMeasure>
      <bIsWeighted>0</bIsWeighted>
      <QtyInPackage>1</QtyInPackage>
      <ItemPrice>4.70</ItemPrice>
      <UnitOfMeasurePrice>8.2456</UnitOfMeasurePrice>
      <AllowDiscount>1</AllowDiscount>
      <ItemStatus>1</ItemStatus>
      <ItemId>4113</ItemId>
    </Item>
    <Item>
      <PriceUpdateDate>2016-01-20 15:51:54</PriceUpdateDate>
      <ItemCode>7290000484525</ItemCode>
      <ItemType>1</ItemType>
      <ItemName>עלית הארק       40%</ItemName>
      <ManufacturerName>יקבי הגליל יוסף</ManufacturerName>
      <ManufactureCountry>ישראל</ManufactureCountry>
      <ManufacturerItemDescription>עלית הארק 750 40% מ"ל</ManufacturerItemDescription>
      <UnitQty>מיליליטרים</UnitQty>
      <Quantity>750.00</Quantity>
      <UnitOfMeasure>100 מ"ל</UnitOfMeasure>
      <bIsWeighted>0</bIsWeighted>
      <QtyInPackage>1</QtyInPackage>
      <ItemPrice>70.20</ItemPrice>
      <UnitOfMeasurePrice>9.3600</UnitOfMeasurePrice>
      <AllowDiscount>1</AllowDiscount>
      <ItemStatus>1</ItemStatus>
      <ItemId>93075</ItemId>
    </Item>
    <Item>
      <PriceUpdateDate>2016-04-04 11:47:12</PriceUpdateDate>
      <ItemCode>4014400400007</ItemCode>
      <ItemType>1</ItemType>
      <ItemName>בונבונירה טופפי</ItemName>
      <ManufacturerName>שטורק</ManufacturerName>
      <ManufactureCountry>לא ידוע</ManufactureCountry>
      <ManufacturerItemDescription>בונבונירה טופפי שוקולד 125 גר          .</ManufacturerItemDescription>
      <UnitQty>גרמים</UnitQty>
      <Quantity>125.00</Quantity>
      <UnitOfMeasure>100 גרם</UnitOfMeasure>
      <bIsWeighted>0</bIsWeighted>
      <QtyInPackage>1</QtyInPackage>
      <ItemPrice>13.90</ItemPrice>
      <UnitOfMeasurePrice>11.1200</UnitOfMeasurePrice>
      <AllowDiscount>1</AllowDiscount>
      <ItemStatus>1</ItemStatus>
      <ItemId>4128</ItemId>
    </Item>
    <Item>
      <PriceUpdateDate>2015-10-04 10:18:50</PriceUpdateDate>
      <ItemCode>4015400824701</ItemCode>
      <ItemType>1</ItemType>
      <ItemName>טמפקס פלאש רגולר</ItemName>
      <ManufacturerName>פרוקטר אנד גמבל</ManufacturerName>
      <ManufactureCountry>הונגריה</ManufactureCountry>
      <ManufacturerItemDescription>טמפקס פלאש רגולר                   1/30</ManufacturerItemDescription>
      <UnitQty>Unknown </UnitQty>
      <Quantity>0.00</Quantity>
      <UnitOfMeasure>Unknown </UnitOfMeasure>
      <bIsWeighted>0</bIsWeighted>
      <QtyInPackage>1</QtyInPackage>
      <ItemPrice>34.60</ItemPrice>
      <UnitOfMeasurePrice>0.0000</UnitOfMeasurePrice>
      <AllowDiscount>1</AllowDiscount>
      <ItemStatus>1</ItemStatus>
      <ItemId>4158</ItemId>
    </Item>
    <Item>
      <PriceUpdateDate>2015-08-03 07:56:01</PriceUpdateDate>
      <ItemCode>4017100219900</ItemCode>
      <ItemType>1</ItemType>
      <ItemName>וופלטן וופל מגולגל</ItemName>
      <ManufacturerName>בלזן</ManufacturerName>
      <ManufactureCountry>לא ידוע</ManufactureCountry>
      <ManufacturerItemDescription>וופלטן וופל מגולגל מצופה שוקול</ManufacturerItemDescription>
      <UnitQty>גרמים</UnitQty>
      <Quantity>100.00</Quantity>
      <UnitOfMeasure>100 גרם</UnitOfMeasure>
      <bIsWeighted>0</bIsWeighted>
      <QtyInPackage>1</QtyInPackage>
      <ItemPrice>16.90</ItemPrice>
      <UnitOfMeasurePrice>16.9000</UnitOfMeasurePrice>
      <AllowDiscount>1</AllowDiscount>
      <ItemStatus>1</ItemStatus>
      <ItemId>4164</ItemId>
    </Item>
    <Item>
      <PriceUpdateDate>2015-08-27 12:55:56</PriceUpdateDate>
      <ItemCode>4025700001023</ItemCode>
      <ItemType>1</ItemType>
      <ItemName>שוקולד מילקה אגוז</ItemName>
      <ManufacturerName>מונדלייז</ManufacturerName>
      <ManufactureCountry>גרמניה</ManufactureCountry>
      <ManufacturerItemDescription>שוקולד מילקה אגוז 100 גר</ManufacturerItemDescription>
      <UnitQty>גרמים</UnitQty>
      <Quantity>100.00</Quantity>
      <UnitOfMeasure>100 גרם</UnitOfMeasure>
      <bIsWeighted>0</bIsWeighted>
      <QtyInPackage>1</QtyInPackage>
      <ItemPrice>9.90</ItemPrice>
      <UnitOfMeasurePrice>9.9000</UnitOfMeasurePrice>
      <AllowDiscount>1</AllowDiscount>
      <ItemStatus>1</ItemStatus>
      <ItemId>4169</ItemId>
    </Item>
    <Item>
      <PriceUpdateDate>2015-10-07 14:27:21</PriceUpdateDate>
      <ItemCode>7290004063016</ItemCode>
      <ItemType>1</ItemType>
      <ItemName>מלח שולחן דק</ItemName>
      <ManufacturerName>מלח הארץ</ManufacturerName>
      <ManufactureCountry>ישראל</ManufactureCountry>
      <ManufacturerItemDescription>מלח שולחן מעולה דק 1 ק"ג פיקוח</ManufacturerItemDescription>
      <UnitQty>קילוגרמים</UnitQty>
      <Quantity>1.00</Quantity>
      <UnitOfMeasure>ק"ג</UnitOfMeasure>
      <bIsWeighted>0</bIsWeighted>
      <QtyInPackage>1</QtyInPackage>
      <ItemPrice>1.80</ItemPrice>
      <UnitOfMeasurePrice>1.8000</UnitOfMeasurePrice>
      <AllowDiscount>1</AllowDiscount>
      <ItemStatus>1</ItemStatus>
      <ItemId>4199</ItemId>
    </Item>
    <Item>
      <PriceUpdateDate>2015-10-07 14:27:21</PriceUpdateDate>
      <ItemCode>7290004063115</ItemCode>
      <ItemType>1</ItemType>
      <ItemName>מלח בישול 1 קג</ItemName>
      <ManufacturerName>מלח הארץ</ManufacturerName>
      <ManufactureCountry>ישראל</ManufactureCountry>
      <ManufacturerItemDescription>מלח בישול 1 קג    פיקוח</ManufacturerItemDescription>
      <UnitQty>קילוגרמים</UnitQty>
      <Quantity>1.00</Quantity>
      <UnitOfMeasure>ק"ג</UnitOfMeasure>
      <bIsWeighted>0</bIsWeighted>
      <QtyInPackage>1</QtyInPackage>
      <ItemPrice>1.80</ItemPrice>
      <UnitOfMeasurePrice>1.8000</UnitOfMeasurePrice>
      <AllowDiscount>1</AllowDiscount>
      <ItemStatus>1</ItemStatus>
      <ItemId>4200</ItemId>
    </Item>
    <Item>
      <PriceUpdateDate>2015-10-04 10:17:51</PriceUpdateDate>
      <ItemCode>7290004078218</ItemCode>
      <ItemType>1</ItemType>
      <ItemName>מי פה פלאקס אדום</ItemName>
      <ManufacturerName>COLGATE ($) -PALMOLI</ManufacturerName>
      <ManufactureCountry>ברזיל</ManufactureCountry>
      <ManufacturerItemDescription>מי פה פלאקס אדום 500 מל</ManufacturerItemDescription>
      <UnitQty>מיליליטרים</UnitQty>
      <Quantity>500.00</Quantity>
      <UnitOfMeasure>100 מ"ל</UnitOfMeasure>
      <bIsWeighted>0</bIsWeighted>
      <QtyInPackage>1</QtyInPackage>
      <ItemPrice>30.60</ItemPrice>
      <UnitOfMeasurePrice>6.1200</UnitOfMeasurePrice>
      <AllowDiscount>1</AllowDiscount>
      <ItemStatus>1</ItemStatus>
      <ItemId>4204</ItemId>
    </Item>
    <Item>
      <PriceUpdateDate>2015-01-01 00:00:00</PriceUpdateDate>
      <ItemCode>7501013132106</ItemCode>
      <ItemType>1</ItemType>
      <ItemName>מיץ אננס 100% ליטר J</ItemName>
      <ManufacturerName>COMERCIALIZADORA ELO</ManufacturerName>
      <ManufactureCountry>מקסיקו</ManufactureCountry>
      <ManufacturerItemDescription>מיץ אננס 100% ליטר JUMEX</ManufacturerItemDescription>
      <UnitQty>ליטרים</UnitQty>
      <Quantity>1.00</Quantity>
      <UnitOfMeasure>ליטר</UnitOfMeasure>
      <bIsWeighted>0</bIsWeighted>
      <QtyInPackage>1</QtyInPackage>
      <ItemPrice>13.20</ItemPrice>
      <UnitOfMeasurePrice>13.2000</UnitOfMeasurePrice>
      <AllowDiscount>1</AllowDiscount>
      <ItemStatus>1</ItemStatus>
      <ItemId>89665</ItemId>
    </Item>
    <Item>
      <PriceUpdateDate>2016-07-20 06:58:29</PriceUpdateDate>
      <ItemCode>7290014466272</ItemCode>
      <ItemType>1</ItemType>
      <ItemName>יין גמלא קברנה סובינ</ItemName>
      <ManufacturerName>יקב רמת הגולן</ManufacturerName>
      <ManufactureCountry>לא ידוע</ManufactureCountry>
      <ManufacturerItemDescription>יין גמלא קברנה סוביניון            2011</ManufacturerItemDescription>
      <UnitQty>מיליליטרים</UnitQty>
      <Quantity>750.00</Quantity>
      <UnitOfMeasure>100 מ"ל</UnitOfMeasure>
      <bIsWeighted>0</bIsWeighted>
      <QtyInPackage>1</QtyInPackage>
      <ItemPrice>77.90</ItemPrice>
      <UnitOfMeasurePrice>10.3867</UnitOfMeasurePrice>
      <AllowDiscount>1</AllowDiscount>
      <ItemStatus>1</ItemStatus>
      <ItemId>100248</ItemId>
    </Item>
    <Item>
      <PriceUpdateDate>2015-08-12 10:25:03</PriceUpdateDate>
      <ItemCode>7290000408316</ItemCode>
      <ItemType>1</ItemType>
      <ItemName>דנונה            3%</ItemName>
      <ManufacturerName>שטראוס גרופ</ManufacturerName>
      <ManufactureCountry>ישראל</ManufactureCountry>
      <ManufacturerItemDescription>דנונה 200 3%- גרם</ManufacturerItemDescription>
      <UnitQty>גרמים</UnitQty>
      <Quantity>200.00</Quantity>
      <UnitOfMeasure>100 גרם</UnitOfMeasure>
      <bIsWeighted>0</bIsWeighted>
      <QtyInPackage>1</QtyInPackage>
      <ItemPrice>3.80</ItemPrice>
      <UnitOfMeasurePrice>1.9000</UnitOfMeasurePrice>
      <AllowDiscount>1</AllowDiscount>
      <ItemStatus>1</ItemStatus>
      <ItemId>4215</ItemId>
    </Item>
    <Item>
      <PriceUpdateDate>2015-08-12 10:25:03</PriceUpdateDate>
      <ItemCode>7290000408354</ItemCode>
      <ItemType>1</ItemType>
      <ItemName>דנונה+דגנים שוקולד</ItemName>
      <ManufacturerName>שטראוס גרופ</ManufacturerName>
      <ManufactureCountry>ישראל</ManufactureCountry>
      <ManufacturerItemDescription>דנונה+דגנים שוקולד200 1/2% ג</ManufacturerItemDescription>
      <UnitQty>גרמים</UnitQty>
      <Quantity>175.00</Quantity>
      <UnitOfMeasure>100 גרם</UnitOfMeasure>
      <bIsWeighted>0</bIsWeighted>
      <QtyInPackage>1</QtyInPackage>
      <ItemPrice>4.80</ItemPrice>
      <UnitOfMeasurePrice>2.7429</UnitOfMeasurePrice>
      <AllowDiscount>1</AllowDiscount>
      <ItemStatus>1</ItemStatus>
      <ItemId>4216</ItemId>
    </Item>
    <Item>
      <PriceUpdateDate>2015-08-03 07:56:02</PriceUpdateDate>
      <ItemCode>7290004119225</ItemCode>
      <ItemType>1</ItemType>
      <ItemName>יופלה אננס       3%</ItemName>
      <ManufacturerName>תנובה מרכז שיתופי לש</ManufacturerName>
      <ManufactureCountry>ישראל</ManufactureCountry>
      <ManufacturerItemDescription>יופלה אננס 150 3% מל</ManufacturerItemDescription>
      <UnitQty>גרמים</UnitQty>
      <Quantity>150.00</Quantity>
      <UnitOfMeasure>100 גרם</UnitOfMeasure>
      <bIsWeighted>0</bIsWeighted>
      <QtyInPackage>1</QtyInPackage>
      <ItemPrice>5.10</ItemPrice>
      <UnitOfMeasurePrice>3.4000</UnitOfMeasurePrice>
      <AllowDiscount>1</AllowDiscount>
      <ItemStatus>1</ItemStatus>
      <ItemId>4229</ItemId>
    </Item>
    <Item>
      <PriceUpdateDate>2015-01-01 00:00:00</PriceUpdateDate>
      <ItemCode>7290004119928</ItemCode>
      <ItemType>1</ItemType>
      <ItemName>קרלו מעדן וניל125 3%</ItemName>
      <ManufacturerName>תנובה מרכז שיתופי לש</ManufacturerName>
      <ManufactureCountry>ישראל</ManufactureCountry>
      <ManufacturerItemDescription>קרלו מעדן וניל125 3%מל                 .</ManufacturerItemDescription>
      <UnitQty>גרמים</UnitQty>
      <Quantity>125.00</Quantity>
      <UnitOfMeasure>100 גרם</UnitOfMeasure>
      <bIsWeighted>0</bIsWeighted>
      <QtyInPackage>1</QtyInPackage>
      <ItemPrice>2.90</ItemPrice>
      <UnitOfMeasurePrice>2.3200</UnitOfMeasurePrice>
      <AllowDiscount>1</AllowDiscount>
      <ItemStatus>1</ItemStatus>
      <ItemId>4231</ItemId>
    </Item>
    <Item>
      <PriceUpdateDate>2015-01-01 00:00:00</PriceUpdateDate>
      <ItemCode>7290004119973</ItemCode>
      <ItemType>1</ItemType>
      <ItemName>קרלו מעדן שוקו125 3%</ItemName>
      <ManufacturerName>תנובה מרכז שיתופי לש</ManufacturerName>
      <ManufactureCountry>ישראל</ManufactureCountry>
      <ManufacturerItemDescription>קרלו מעדן שוקו125 3% מל                .</ManufacturerItemDescription>
      <UnitQty>גרמים</UnitQty>
      <Quantity>125.00</Quantity>
      <UnitOfMeasure>100 גרם</UnitOfMeasure>
      <bIsWeighted>0</bIsWeighted>
      <QtyInPackage>1</QtyInPackage>
      <ItemPrice>2.90</ItemPrice>
      <UnitOfMeasurePrice>2.3200</UnitOfMeasurePrice>
      <AllowDiscount>1</AllowDiscount>
      <ItemStatus>1</ItemStatus>
      <ItemId>4232</ItemId>
    </Item>
    <Item>
      <PriceUpdateDate>2015-01-01 00:00:00</PriceUpdateDate>
      <ItemCode>7290004120061</ItemCode>
      <ItemType>1</ItemType>
      <ItemName>קרלו שוניל     1.5%</ItemName>
      <ManufacturerName>תנובה מרכז שיתופי לש</ManufacturerName>
      <ManufactureCountry>ישראל</ManufactureCountry>
      <ManufacturerItemDescription>קרלו מעדן שוניל 125 1.5% מל</ManufacturerItemDescription>
      <UnitQty>גרמים</UnitQty>
      <Quantity>125.00</Quantity>
      <UnitOfMeasure>100 גרם</UnitOfMeasure>
      <bIsWeighted>0</bIsWeighted>
      <QtyInPackage>1</QtyInPackage>
      <ItemPrice>3.00</ItemPrice>
      <UnitOfMeasurePrice>2.4000</UnitOfMeasurePrice>
      <AllowDiscount>1</AllowDiscount>
      <ItemStatus>1</ItemStatus>
      <ItemId>4233</ItemId>
    </Item>
    <Item>
      <PriceUpdateDate>2015-08-03 07:56:02</PriceUpdateDate>
      <ItemCode>7290004120108</ItemCode>
      <ItemType>1</ItemType>
      <ItemName>יופלה דיאט דובדבן</ItemName>
      <ManufacturerName>תנובה מרכז שיתופי לש</ManufacturerName>
      <ManufactureCountry>ישראל</ManufactureCountry>
      <ManufacturerItemDescription>יופלה דיאט דובדבן 150 מל               .</ManufacturerItemDescription>
      <UnitQty>גרמים</UnitQty>
      <Quantity>150.00</Quantity>
      <UnitOfMeasure>100 גרם</UnitOfMeasure>
      <bIsWeighted>0</bIsWeighted>
      <QtyInPackage>1</QtyInPackage>
      <ItemPrice>5.10</ItemPrice>
      <UnitOfMeasurePrice>3.4000</UnitOfMeasurePrice>
      <AllowDiscount>1</AllowDiscount>
      <ItemStatus>1</ItemStatus>
      <ItemId>4234</ItemId>
    </Item>
    <Item>
      <PriceUpdateDate>2015-05-26 07:28:18</PriceUpdateDate>
      <ItemCode>9237</ItemCode>
      <ItemType>0</ItemType>
      <ItemName>עלי חסה שטופים</ItemName>
      <ManufacturerName>חקלאי</ManufacturerName>
      <ManufactureCountry>ישראל</ManufactureCountry>
      <ManufacturerItemDescription>עלי חסה שטופים</ManufacturerItemDescription>
      <UnitQty>Unknown </UnitQty>
      <Quantity>0.00</Quantity>
      <UnitOfMeasure>Unknown </UnitOfMeasure>
      <bIsWeighted>0</bIsWeighted>
      <QtyInPackage>1</QtyInPackage>
      <ItemPrice>7.90</ItemPrice>
      <UnitOfMeasurePrice>0.0000</UnitOfMeasurePrice>
      <AllowDiscount>1</AllowDiscount>
      <ItemStatus>1</ItemStatus>
      <ItemId>81178</ItemId>
    </Item>
    <Item>
      <PriceUpdateDate>2015-10-04 10:19:16</PriceUpdateDate>
      <ItemCode>7290004120566</ItemCode>
      <ItemType>1</ItemType>
      <ItemName>בולגרית פיראוס  24%</ItemName>
      <ManufacturerName>תנובה מרכז שיתופי לש</ManufacturerName>
      <ManufactureCountry>ישראל</ManufactureCountry>
      <ManufacturerItemDescription>גבינה בולגרית פיראוס250-24% גר</ManufacturerItemDescription>
      <UnitQty>גרמים</UnitQty>
      <Quantity>250.00</Quantity>
      <UnitOfMeasure>100 גרם</UnitOfMeasure>
      <bIsWeighted>0</bIsWeighted>
      <QtyInPackage>1</QtyInPackage>
      <ItemPrice>23.20</ItemPrice>
      <UnitOfMeasurePrice>9.2800</UnitOfMeasurePrice>
      <AllowDiscount>1</AllowDiscount>
      <ItemStatus>1</ItemStatus>
      <ItemId>4238</ItemId>
    </Item>
    <Item>
      <PriceUpdateDate>2015-10-04 10:19:16</PriceUpdateDate>
      <ItemCode>7290004120573</ItemCode>
      <ItemType>1</ItemType>
      <ItemName>בולגרית פיראוס  16%</ItemName>
      <ManufacturerName>תנובה מרכז שיתופי לש</ManufacturerName>
      <ManufactureCountry>ישראל</ManufactureCountry>
      <ManufacturerItemDescription>גבינה בולגרית פיראוס250-16% גר</ManufacturerItemDescription>
      <UnitQty>גרמים</UnitQty>
      <Quantity>250.00</Quantity>
      <UnitOfMeasure>100 גרם</UnitOfMeasure>
      <bIsWeighted>0</bIsWeighted>
      <QtyInPackage>1</QtyInPackage>
      <ItemPrice>23.20</ItemPrice>
      <UnitOfMeasurePrice>9.2800</UnitOfMeasurePrice>
      <AllowDiscount>1</AllowDiscount>
      <ItemStatus>1</ItemStatus>
      <ItemId>4239</ItemId>
    </Item>
    <Item>
      <PriceUpdateDate>2015-10-04 10:19:16</PriceUpdateDate>
      <ItemCode>7290004120634</ItemCode>
      <ItemType>1</ItemType>
      <ItemName>גב.בולגר פיראוס  5%</ItemName>
      <ManufacturerName>תנובה מרכז שיתופי לש</ManufacturerName>
      <ManufactureCountry>ישראל</ManufactureCountry>
      <ManufacturerItemDescription>גבינה בולגרית פיראוס250-5% גר          .</ManufacturerItemDescription>
      <UnitQty>גרמים</UnitQty>
      <Quantity>250.00</Quantity>
      <UnitOfMeasure>100 גרם</UnitOfMeasure>
      <bIsWeighted>0</bIsWeighted>
      <QtyInPackage>1</QtyInPackage>
      <ItemPrice>23.20</ItemPrice>
      <UnitOfMeasurePrice>9.2800</UnitOfMeasurePrice>
      <AllowDiscount>1</AllowDiscount>
      <ItemStatus>1</ItemStatus>
      <ItemId>4240</ItemId>
    </Item>
    <Item>
      <PriceUpdateDate>2015-08-03 07:56:02</PriceUpdateDate>
      <ItemCode>7290004121488</ItemCode>
      <ItemType>1</ItemType>
      <ItemName>יופלה דיאט אפרסק 150</ItemName>
      <ManufacturerName>תנובה מרכז שיתופי לש</ManufacturerName>
      <ManufactureCountry>ישראל</ManufactureCountry>
      <ManufacturerItemDescription>יופלה דיאט אפרסק 150 גרם</ManufacturerItemDescription>
      <UnitQty>גרמים</UnitQty>
      <Quantity>150.00</Quantity>
      <UnitOfMeasure>100 גרם</UnitOfMeasure>
      <bIsWeighted>0</bIsWeighted>
      <QtyInPackage>1</QtyInPackage>
      <ItemPrice>5.10</ItemPrice>
      <UnitOfMeasurePrice>3.4000</UnitOfMeasurePrice>
      <AllowDiscount>1</AllowDiscount>
      <ItemStatus>1</ItemStatus>
      <ItemId>4247</ItemId>
    </Item>
    <Item>
      <PriceUpdateDate>2015-10-04 10:19:16</PriceUpdateDate>
      <ItemCode>7290004121853</ItemCode>
      <ItemType>1</ItemType>
      <ItemName>גבינה בולגרית קוביות</ItemName>
      <ManufacturerName>תנובה מרכז שיתופי לש</ManufacturerName>
      <ManufactureCountry>ישראל</ManufactureCountry>
      <ManufacturerItemDescription>גבינה בולגרית קוביות פיראוס          5%</ManufacturerItemDescription>
      <UnitQty>גרמים</UnitQty>
      <Quantity>200.00</Quantity>
      <UnitOfMeasure>100 גרם</UnitOfMeasure>
      <bIsWeighted>0</bIsWeighted>
      <QtyInPackage>1</QtyInPackage>
      <ItemPrice>21.30</ItemPrice>
      <UnitOfMeasurePrice>10.6500</UnitOfMeasurePrice>
      <AllowDiscount>1</AllowDiscount>
      <ItemStatus>1</ItemStatus>
      <ItemId>4253</ItemId>
    </Item>
    <Item>
      <PriceUpdateDate>2015-10-04 10:19:16</PriceUpdateDate>
      <ItemCode>7290004122270</ItemCode>
      <ItemType>1</ItemType>
      <ItemName>גבינה עמק פרוס</ItemName>
      <ManufacturerName>תנובה מרכז שיתופי לש</ManufacturerName>
      <ManufactureCountry>ישראל</ManufactureCountry>
      <ManufacturerItemDescription>גבינה עמק פרוס פתיחה חוזרת</ManufacturerItemDescription>
      <UnitQty>גרמים</UnitQty>
      <Quantity>200.00</Quantity>
      <UnitOfMeasure>100 גרם</UnitOfMeasure>
      <bIsWeighted>0</bIsWeighted>
      <QtyInPackage>1</QtyInPackage>
      <ItemPrice>14.80</ItemPrice>
      <UnitOfMeasurePrice>7.4000</UnitOfMeasurePrice>
      <AllowDiscount>1</AllowDiscount>
      <ItemStatus>1</ItemStatus>
      <ItemId>4254</ItemId>
    </Item>
    <Item>
      <PriceUpdateDate>2015-10-04 10:19:16</PriceUpdateDate>
      <ItemCode>7290004122348</ItemCode>
      <ItemType>1</ItemType>
      <ItemName>גבינה קשה עמק לייט</ItemName>
      <ManufacturerName>תנובה מרכז שיתופי לש</ManufacturerName>
      <ManufactureCountry>ישראל</ManufactureCountry>
      <ManufacturerItemDescription>גבינה קשה עמק לייט200 9% גר            .</ManufacturerItemDescription>
      <UnitQty>גרמים</UnitQty>
      <Quantity>200.00</Quantity>
      <UnitOfMeasure>100 גרם</UnitOfMeasure>
      <bIsWeighted>0</bIsWeighted>
      <QtyInPackage>1</QtyInPackage>
      <ItemPrice>16.30</ItemPrice>
      <UnitOfMeasurePrice>8.1500</UnitOfMeasurePrice>
      <AllowDiscount>1</AllowDiscount>
      <ItemStatus>1</ItemStatus>
      <ItemId>4256</ItemId>
    </Item>
    <Item>
      <PriceUpdateDate>2015-08-03 07:56:02</PriceUpdateDate>
      <ItemCode>7290004124205</ItemCode>
      <ItemType>1</ItemType>
      <ItemName>יופלה דיאט תות</ItemName>
      <ManufacturerName>תנובה מרכז שיתופי לש</ManufacturerName>
      <ManufactureCountry>ישראל</ManufactureCountry>
      <ManufacturerItemDescription>יופלה דיאט תות 150 מל                  .</ManufacturerItemDescription>
      <UnitQty>גרמים</UnitQty>
      <Quantity>150.00</Quantity>
      <UnitOfMeasure>100 גרם</UnitOfMeasure>
      <bIsWeighted>0</bIsWeighted>
      <QtyInPackage>1</QtyInPackage>
      <ItemPrice>5.10</ItemPrice>
      <UnitOfMeasurePrice>3.4000</UnitOfMeasurePrice>
      <AllowDiscount>1</AllowDiscount>
      <ItemStatus>1</ItemStatus>
      <ItemId>4268</ItemId>
    </Item>
    <Item>
      <PriceUpdateDate>2015-01-01 00:00:00</PriceUpdateDate>
      <ItemCode>7290000412481</ItemCode>
      <ItemType>1</ItemType>
      <ItemName>מנקה אסלות       00</ItemName>
      <ManufacturerName>סנו</ManufacturerName>
      <ManufactureCountry>ישראל</ManufactureCountry>
      <ManufacturerItemDescription>מנקה אסלות 1 00 ל .פז                .</ManufacturerItemDescription>
      <UnitQty>ליטרים</UnitQty>
      <Quantity>1.00</Quantity>
      <UnitOfMeasure>ליטר</UnitOfMeasure>
      <bIsWeighted>0</bIsWeighted>
      <QtyInPackage>1</QtyInPackage>
      <ItemPrice>8.90</ItemPrice>
      <UnitOfMeasurePrice>8.9000</UnitOfMeasurePrice>
      <AllowDiscount>1</AllowDiscount>
      <ItemStatus>1</ItemStatus>
      <ItemId>4272</ItemId>
    </Item>
    <Item>
      <PriceUpdateDate>2015-08-03 07:56:02</PriceUpdateDate>
      <ItemCode>7290004124892</ItemCode>
      <ItemType>1</ItemType>
      <ItemName>יופלה פירות יבשים</ItemName>
      <ManufacturerName>תנובה מרכז שיתופי לש</ManufacturerName>
      <ManufactureCountry>ישראל</ManufactureCountry>
      <ManufacturerItemDescription>יופלה פירות יבשים 150 4% גר</ManufacturerItemDescription>
      <UnitQty>גרמים</UnitQty>
      <Quantity>150.00</Quantity>
      <UnitOfMeasure>100 גרם</UnitOfMeasure>
      <bIsWeighted>0</bIsWeighted>
      <QtyInPackage>1</QtyInPackage>
      <ItemPrice>5.10</ItemPrice>
      <UnitOfMeasurePrice>3.4000</UnitOfMeasurePrice>
      <AllowDiscount>1</AllowDiscount>
      <ItemStatus>1</ItemStatus>
      <ItemId>4273</ItemId>
    </Item>
    <Item>
      <PriceUpdateDate>2015-01-01 00:00:00</PriceUpdateDate>
      <ItemCode>7290004125370</ItemCode>
      <ItemType>1</ItemType>
      <ItemName>שמנת תנובה       9%</ItemName>
      <ManufacturerName>תנובה מרכז שיתופי לש</ManufacturerName>
      <ManufactureCountry>ישראל</ManufactureCountry>
      <ManufacturerItemDescription>שמנת תנובה 200 9% מל</ManufacturerItemDescription>
      <UnitQty>גרמים</UnitQty>
      <Quantity>200.00</Quantity>
      <UnitOfMeasure>100 גרם</UnitOfMeasure>
      <bIsWeighted>0</bIsWeighted>
      <QtyInPackage>1</QtyInPackage>
      <ItemPrice>3.70</ItemPrice>
      <UnitOfMeasurePrice>1.8500</UnitOfMeasurePrice>
      <AllowDiscount>1</AllowDiscount>
      <ItemStatus>1</ItemStatus>
      <ItemId>4275</ItemId>
    </Item>
    <Item>
      <PriceUpdateDate>2016-02-11 13:06:45</PriceUpdateDate>
      <ItemCode>7290004125400</ItemCode>
      <ItemType>1</ItemType>
      <ItemName>שלי אשל200 מל מהדרין</ItemName>
      <ManufacturerName>תנובה מרכז שיתופי לש</ManufacturerName>
      <ManufactureCountry>ישראל</ManufactureCountry>
      <ManufacturerItemDescription>שלי אשל200 מל מהדרין פיקוח</ManufacturerItemDescription>
      <UnitQty>גרמים</UnitQty>
      <Quantity>200.00</Quantity>
      <UnitOfMeasure>100 גרם</UnitOfMeasure>
      <bIsWeighted>0</bIsWeighted>
      <QtyInPackage>1</QtyInPackage>
      <ItemPrice>1.50</ItemPrice>
      <UnitOfMeasurePrice>0.7500</UnitOfMeasurePrice>
      <AllowDiscount>1</AllowDiscount>
      <ItemStatus>1</ItemStatus>
      <ItemId>4276</ItemId>
    </Item>
    <Item>
      <PriceUpdateDate>2015-10-04 10:20:41</PriceUpdateDate>
      <ItemCode>7290004125417</ItemCode>
      <ItemType>1</ItemType>
      <ItemName>שלי גיל200 מל    פיק</ItemName>
      <ManufacturerName>תנובה מרכז שיתופי לש</ManufacturerName>
      <ManufactureCountry>ישראל</ManufactureCountry>
      <ManufacturerItemDescription>שלי גיל200 מל    פיקוח</ManufacturerItemDescription>
      <UnitQty>גרמים</UnitQty>
      <Quantity>200.00</Quantity>
      <UnitOfMeasure>100 גרם</UnitOfMeasure>
      <bIsWeighted>0</bIsWeighted>
      <QtyInPackage>1</QtyInPackage>
      <ItemPrice>1.40</ItemPrice>
      <UnitOfMeasurePrice>0.7000</UnitOfMeasurePrice>
      <AllowDiscount>1</AllowDiscount>
      <ItemStatus>1</ItemStatus>
      <ItemId>4277</ItemId>
    </Item>
    <Item>
      <PriceUpdateDate>2016-02-11 07:45:26</PriceUpdateDate>
      <ItemCode>7290004125455</ItemCode>
      <ItemType>1</ItemType>
      <ItemName>שמנת תנובה200 15% מל</ItemName>
      <ManufacturerName>תנובה מרכז שיתופי לש</ManufacturerName>
      <ManufactureCountry>ישראל</ManufactureCountry>
      <ManufacturerItemDescription>שמנת תנובה200 15% מל  פיקוח</ManufacturerItemDescription>
      <UnitQty>מיליליטרים</UnitQty>
      <Quantity>200.00</Quantity>
      <UnitOfMeasure>100 מ"ל</UnitOfMeasure>
      <bIsWeighted>0</bIsWeighted>
      <QtyInPackage>1</QtyInPackage>
      <ItemPrice>2.20</ItemPrice>
      <UnitOfMeasurePrice>1.1000</UnitOfMeasurePrice>
      <AllowDiscount>1</AllowDiscount>
      <ItemStatus>1</ItemStatus>
      <ItemId>4278</ItemId>
    </Item>
    <Item>
      <PriceUpdateDate>2016-07-06 10:12:44</PriceUpdateDate>
      <ItemCode>7290004125509</ItemCode>
      <ItemType>1</ItemType>
      <ItemName>שמנת תנובה 15% חצי</ItemName>
      <ManufacturerName>תנובה מרכז שיתופי לש</ManufacturerName>
      <ManufactureCountry>לא ידוע</ManufactureCountry>
      <ManufacturerItemDescription>שמנת תנובה 15% חצי מנה 100 מ"ל</ManufacturerItemDescription>
      <UnitQty>גרמים</UnitQty>
      <Quantity>100.00</Quantity>
      <UnitOfMeasure>100 גרם</UnitOfMeasure>
      <bIsWeighted>0</bIsWeighted>
      <QtyInPackage>1</QtyInPackage>
      <ItemPrice>1.70</ItemPrice>
      <UnitOfMeasurePrice>1.7000</UnitOfMeasurePrice>
      <AllowDiscount>1</AllowDiscount>
      <ItemStatus>1</ItemStatus>
      <ItemId>4279</ItemId>
    </Item>
    <Item>
      <PriceUpdateDate>2015-10-04 10:19:16</PriceUpdateDate>
      <ItemCode>7290004125578</ItemCode>
      <ItemType>1</ItemType>
      <ItemName>מש.סויה מועשר סידן .</ItemName>
      <ManufacturerName>תנובה מרכז שיתופי לש</ManufacturerName>
      <ManufactureCountry>ישראל</ManufactureCountry>
      <ManufacturerItemDescription>משקה סויה מועשר בסידן 1 ל</ManufacturerItemDescription>
      <UnitQty>ליטרים</UnitQty>
      <Quantity>1.00</Quantity>
      <UnitOfMeasure>ליטר</UnitOfMeasure>
      <bIsWeighted>0</bIsWeighted>
      <QtyInPackage>1</QtyInPackage>
      <ItemPrice>11.50</ItemPrice>
      <UnitOfMeasurePrice>11.5000</UnitOfMeasurePrice>
      <AllowDiscount>1</AllowDiscount>
      <ItemStatus>1</ItemStatus>
      <ItemId>4280</ItemId>
    </Item>
    <Item>
      <PriceUpdateDate>2015-10-04 10:19:16</PriceUpdateDate>
      <ItemCode>7290004125585</ItemCode>
      <ItemType>1</ItemType>
      <ItemName>משקה סויה על הבוקר .</ItemName>
      <ManufacturerName>תנובה מרכז שיתופי לש</ManufacturerName>
      <ManufactureCountry>ישראל</ManufactureCountry>
      <ManufacturerItemDescription>משקה סויה על הבוקר וניל 1 ליטר</ManufacturerItemDescription>
      <UnitQty>ליטרים</UnitQty>
      <Quantity>1.00</Quantity>
      <UnitOfMeasure>ליטר</UnitOfMeasure>
      <bIsWeighted>0</bIsWeighted>
      <QtyInPackage>1</QtyInPackage>
      <ItemPrice>11.50</ItemPrice>
      <UnitOfMeasurePrice>11.5000</UnitOfMeasurePrice>
      <AllowDiscount>1</AllowDiscount>
      <ItemStatus>1</ItemStatus>
      <ItemId>4281</ItemId>
    </Item>
    <Item>
      <PriceUpdateDate>2015-10-04 10:19:16</PriceUpdateDate>
      <ItemCode>7290004125721</ItemCode>
      <ItemType>1</ItemType>
      <ItemName>שמנת לבישול     15%</ItemName>
      <ManufacturerName>תנובה מרכז שיתופי לש</ManufacturerName>
      <ManufactureCountry>ישראל</ManufactureCountry>
      <ManufacturerItemDescription>שמנת לבישול 250 15% מל                 .</ManufacturerItemDescription>
      <UnitQty>מיליליטרים</UnitQty>
      <Quantity>250.00</Quantity>
      <UnitOfMeasure>100 מ"ל</UnitOfMeasure>
      <bIsWeighted>0</bIsWeighted>
      <QtyInPackage>1</QtyInPackage>
      <ItemPrice>8.30</ItemPrice>
      <UnitOfMeasurePrice>3.3200</UnitOfMeasurePrice>
      <AllowDiscount>1</AllowDiscount>
      <ItemStatus>1</ItemStatus>
      <ItemId>4283</ItemId>
    </Item>
    <Item>
      <PriceUpdateDate>2015-06-15 14:25:25</PriceUpdateDate>
      <ItemCode>7290004125738</ItemCode>
      <ItemType>1</ItemType>
      <ItemName>שמנת להקצפה     32%</ItemName>
      <ManufacturerName>תנובה מרכז שיתופי לש</ManufacturerName>
      <ManufactureCountry>ישראל</ManufactureCountry>
      <ManufacturerItemDescription>שמנת להקצפה 250 - 32% מל               .</ManufacturerItemDescription>
      <UnitQty>מיליליטרים</UnitQty>
      <Quantity>250.00</Quantity>
      <UnitOfMeasure>100 מ"ל</UnitOfMeasure>
      <bIsWeighted>0</bIsWeighted>
      <QtyInPackage>1</QtyInPackage>
      <ItemPrice>7.40</ItemPrice>
      <UnitOfMeasurePrice>2.9600</UnitOfMeasurePrice>
      <AllowDiscount>1</AllowDiscount>
      <ItemStatus>1</ItemStatus>
      <ItemId>4284</ItemId>
    </Item>
    <Item>
      <PriceUpdateDate>2015-08-03 07:56:02</PriceUpdateDate>
      <ItemCode>7290004126759</ItemCode>
      <ItemType>1</ItemType>
      <ItemName>יופל.דיאט פירו.יער</ItemName>
      <ManufacturerName>תנובה מרכז שיתופי לש</ManufacturerName>
      <ManufactureCountry>ישראל</ManufactureCountry>
      <ManufacturerItemDescription>יופלה דיאט פירות יער 150 גר</ManufacturerItemDescription>
      <UnitQty>גרמים</UnitQty>
      <Quantity>150.00</Quantity>
      <UnitOfMeasure>100 גרם</UnitOfMeasure>
      <bIsWeighted>0</bIsWeighted>
      <QtyInPackage>1</QtyInPackage>
      <ItemPrice>5.10</ItemPrice>
      <UnitOfMeasurePrice>3.4000</UnitOfMeasurePrice>
      <AllowDiscount>1</AllowDiscount>
      <ItemStatus>1</ItemStatus>
      <ItemId>4289</ItemId>
    </Item>
    <Item>
      <PriceUpdateDate>2015-10-04 10:19:16</PriceUpdateDate>
      <ItemCode>7290004127077</ItemCode>
      <ItemType>1</ItemType>
      <ItemName>גבינה קוטג       3%</ItemName>
      <ManufacturerName>תנובה מרכז שיתופי לש</ManufacturerName>
      <ManufactureCountry>ישראל</ManufactureCountry>
      <ManufacturerItemDescription>קוטג 250 3% גרם</ManufacturerItemDescription>
      <UnitQty>גרמים</UnitQty>
      <Quantity>250.00</Quantity>
      <UnitOfMeasure>100 גרם</UnitOfMeasure>
      <bIsWeighted>0</bIsWeighted>
      <QtyInPackage>1</QtyInPackage>
      <ItemPrice>5.60</ItemPrice>
      <UnitOfMeasurePrice>2.2400</UnitOfMeasurePrice>
      <AllowDiscount>1</AllowDiscount>
      <ItemStatus>1</ItemStatus>
      <ItemId>4291</ItemId>
    </Item>
    <Item>
      <PriceUpdateDate>2015-07-26 09:39:40</PriceUpdateDate>
      <ItemCode>7290004127329</ItemCode>
      <ItemType>1</ItemType>
      <ItemName>קוטג 5% בעלז</ItemName>
      <ManufacturerName>תנובה מרכז שיתופי לש</ManufacturerName>
      <ManufactureCountry>ישראל</ManufactureCountry>
      <ManufacturerItemDescription>קוטג250 5% גר.בעלז</ManufacturerItemDescription>
      <UnitQty>גרמים</UnitQty>
      <Quantity>250.00</Quantity>
      <UnitOfMeasure>100 גרם</UnitOfMeasure>
      <bIsWeighted>0</bIsWeighted>
      <QtyInPackage>1</QtyInPackage>
      <ItemPrice>5.70</ItemPrice>
      <UnitOfMeasurePrice>2.2800</UnitOfMeasurePrice>
      <AllowDiscount>1</AllowDiscount>
      <ItemStatus>1</ItemStatus>
      <ItemId>4296</ItemId>
    </Item>
    <Item>
      <PriceUpdateDate>2015-07-26 09:39:40</PriceUpdateDate>
      <ItemCode>7290004127336</ItemCode>
      <ItemType>1</ItemType>
      <ItemName>גבינה קוטג 9%"בעלז</ItemName>
      <ManufacturerName>תנובה מרכז שיתופי לש</ManufacturerName>
      <ManufactureCountry>ישראל</ManufactureCountry>
      <ManufacturerItemDescription>קוטג250 9% גרם בעלז</ManufacturerItemDescription>
      <UnitQty>גרמים</UnitQty>
      <Quantity>250.00</Quantity>
      <UnitOfMeasure>100 גרם</UnitOfMeasure>
      <bIsWeighted>0</bIsWeighted>
      <QtyInPackage>1</QtyInPackage>
      <ItemPrice>5.70</ItemPrice>
      <UnitOfMeasurePrice>2.2800</UnitOfMeasurePrice>
      <AllowDiscount>1</AllowDiscount>
      <ItemStatus>1</ItemStatus>
      <ItemId>4297</ItemId>
    </Item>
    <Item>
      <PriceUpdateDate>2016-02-11 07:45:26</PriceUpdateDate>
      <ItemCode>7290004127800</ItemCode>
      <ItemType>1</ItemType>
      <ItemName>גבינה למריחה     5%</ItemName>
      <ManufacturerName>תנובה מרכז שיתופי לש</ManufacturerName>
      <ManufactureCountry>ישראל</ManufactureCountry>
      <ManufacturerItemDescription>גבינה למריחה 500 5% גרם</ManufacturerItemDescription>
      <UnitQty>גרמים</UnitQty>
      <Quantity>500.00</Quantity>
      <UnitOfMeasure>100 גרם</UnitOfMeasure>
      <bIsWeighted>0</bIsWeighted>
      <QtyInPackage>1</QtyInPackage>
      <ItemPrice>9.20</ItemPrice>
      <UnitOfMeasurePrice>1.8400</UnitOfMeasurePrice>
      <AllowDiscount>1</AllowDiscount>
      <ItemStatus>1</ItemStatus>
      <ItemId>4306</ItemId>
    </Item>
    <Item>
      <PriceUpdateDate>2016-02-11 07:45:26</PriceUpdateDate>
      <ItemCode>7290004127817</ItemCode>
      <ItemType>1</ItemType>
      <ItemName>גבינה למריחה     9%</ItemName>
      <ManufacturerName>תנובה מרכז שיתופי לש</ManufacturerName>
      <ManufactureCountry>ישראל</ManufactureCountry>
      <ManufacturerItemDescription>גבינה למריחה 500 9% גרם</ManufacturerItemDescription>
      <UnitQty>גרמים</UnitQty>
      <Quantity>500.00</Quantity>
      <UnitOfMeasure>100 גרם</UnitOfMeasure>
      <bIsWeighted>0</bIsWeighted>
      <QtyInPackage>1</QtyInPackage>
      <ItemPrice>9.20</ItemPrice>
      <UnitOfMeasurePrice>1.8400</UnitOfMeasurePrice>
      <AllowDiscount>1</AllowDiscount>
      <ItemStatus>1</ItemStatus>
      <ItemId>4307</ItemId>
    </Item>
    <Item>
      <PriceUpdateDate>2015-10-04 10:19:16</PriceUpdateDate>
      <ItemCode>7290004128340</ItemCode>
      <ItemType>1</ItemType>
      <ItemName>גבינת שמנת       5%</ItemName>
      <ManufacturerName>תנובה מרכז שיתופי לש</ManufacturerName>
      <ManufactureCountry>ישראל</ManufactureCountry>
      <ManufacturerItemDescription>גבינת שמנת 200 5% גרם</ManufacturerItemDescription>
      <UnitQty>גרמים</UnitQty>
      <Quantity>200.00</Quantity>
      <UnitOfMeasure>100 גרם</UnitOfMeasure>
      <bIsWeighted>0</bIsWeighted>
      <QtyInPackage>1</QtyInPackage>
      <ItemPrice>11.80</ItemPrice>
      <UnitOfMeasurePrice>5.9000</UnitOfMeasurePrice>
      <AllowDiscount>1</AllowDiscount>
      <ItemStatus>1</ItemStatus>
      <ItemId>4313</ItemId>
    </Item>
    <Item>
      <PriceUpdateDate>2015-10-04 10:19:16</PriceUpdateDate>
      <ItemCode>7290004129118</ItemCode>
      <ItemType>1</ItemType>
      <ItemName>נפולאון זיתים</ItemName>
      <ManufacturerName>תנובה מרכז שיתופי לש</ManufacturerName>
      <ManufactureCountry>ישראל</ManufactureCountry>
      <ManufacturerItemDescription>גבינהשמנ.נפולאון זיתים 225 גר</ManufacturerItemDescription>
      <UnitQty>גרמים</UnitQty>
      <Quantity>225.00</Quantity>
      <UnitOfMeasure>100 גרם</UnitOfMeasure>
      <bIsWeighted>0</bIsWeighted>
      <QtyInPackage>1</QtyInPackage>
      <ItemPrice>14.40</ItemPrice>
      <UnitOfMeasurePrice>6.4000</UnitOfMeasurePrice>
      <AllowDiscount>1</AllowDiscount>
      <ItemStatus>1</ItemStatus>
      <ItemId>4321</ItemId>
    </Item>
    <Item>
      <PriceUpdateDate>2015-10-04 10:19:16</PriceUpdateDate>
      <ItemCode>7290004129156</ItemCode>
      <ItemType>1</ItemType>
      <ItemName>נפולאון שום שמיר</ItemName>
      <ManufacturerName>תנובה מרכז שיתופי לש</ManufacturerName>
      <ManufactureCountry>ישראל</ManufactureCountry>
      <ManufacturerItemDescription>גבינהשמנ.נפולאון שום שמיר           225</ManufacturerItemDescription>
      <UnitQty>גרמים</UnitQty>
      <Quantity>225.00</Quantity>
      <UnitOfMeasure>100 גרם</UnitOfMeasure>
      <bIsWeighted>0</bIsWeighted>
      <QtyInPackage>1</QtyInPackage>
      <ItemPrice>14.40</ItemPrice>
      <UnitOfMeasurePrice>6.4000</UnitOfMeasurePrice>
      <AllowDiscount>1</AllowDiscount>
      <ItemStatus>1</ItemStatus>
      <ItemId>4323</ItemId>
    </Item>
    <Item>
      <PriceUpdateDate>2016-02-11 07:45:26</PriceUpdateDate>
      <ItemCode>7290004129545</ItemCode>
      <ItemType>1</ItemType>
      <ItemName>גבינה לבנה תנובה  3%</ItemName>
      <ManufacturerName>תנובה מרכז שיתופי לש</ManufacturerName>
      <ManufactureCountry>ישראל</ManufactureCountry>
      <ManufacturerItemDescription>גבינה לבנה 250 3% גרם</ManufacturerItemDescription>
      <UnitQty>גרמים</UnitQty>
      <Quantity>250.00</Quantity>
      <UnitOfMeasure>100 גרם</UnitOfMeasure>
      <bIsWeighted>0</bIsWeighted>
      <QtyInPackage>1</QtyInPackage>
      <ItemPrice>4.60</ItemPrice>
      <UnitOfMeasurePrice>1.8400</UnitOfMeasurePrice>
      <AllowDiscount>1</AllowDiscount>
      <ItemStatus>1</ItemStatus>
      <ItemId>4325</ItemId>
    </Item>
    <Item>
      <PriceUpdateDate>2015-09-01 15:01:40</PriceUpdateDate>
      <ItemCode>41390000027</ItemCode>
      <ItemType>1</ItemType>
      <ItemName>רוטב סויה קיקומן   .</ItemName>
      <ManufacturerName>קיקומן פודז אינק</ManufacturerName>
      <ManufactureCountry>ארצות הברית</ManufactureCountry>
      <ManufacturerItemDescription>רוטב סויה קיקומן 296 מל</ManufacturerItemDescription>
      <UnitQty>מיליליטרים</UnitQty>
      <Quantity>296.00</Quantity>
      <UnitOfMeasure>100 מ"ל</UnitOfMeasure>
      <bIsWeighted>0</bIsWeighted>
      <QtyInPackage>1</QtyInPackage>
      <ItemPrice>20.90</ItemPrice>
      <UnitOfMeasurePrice>7.0608</UnitOfMeasurePrice>
      <AllowDiscount>1</AllowDiscount>
      <ItemStatus>1</ItemStatus>
      <ItemId>4339</ItemId>
    </Item>
    <Item>
      <PriceUpdateDate>2015-11-05 14:17:34</PriceUpdateDate>
      <ItemCode>41390000058</ItemCode>
      <ItemType>1</ItemType>
      <ItemName>רוטב טריאקי קיקומן .</ItemName>
      <ManufacturerName>קיקומן פודז אינק</ManufacturerName>
      <ManufactureCountry>ארצות הברית</ManufactureCountry>
      <ManufacturerItemDescription>רוטב טריאקי קיקומן 296 מ"ל</ManufacturerItemDescription>
      <UnitQty>מיליליטרים</UnitQty>
      <Quantity>296.00</Quantity>
      <UnitOfMeasure>100 מ"ל</UnitOfMeasure>
      <bIsWeighted>0</bIsWeighted>
      <QtyInPackage>1</QtyInPackage>
      <ItemPrice>19.30</ItemPrice>
      <UnitOfMeasurePrice>6.5203</UnitOfMeasurePrice>
      <AllowDiscount>1</AllowDiscount>
      <ItemStatus>1</ItemStatus>
      <ItemId>4340</ItemId>
    </Item>
    <Item>
      <PriceUpdateDate>2016-03-20 09:16:56</PriceUpdateDate>
      <ItemCode>7290000416021</ItemCode>
      <ItemType>1</ItemType>
      <ItemName>ממרח השחר 500 גרם</ItemName>
      <ManufacturerName>השחר</ManufacturerName>
      <ManufactureCountry>ישראל</ManufactureCountry>
      <ManufacturerItemDescription>ממרח שוקולד השחר500 גר</ManufacturerItemDescription>
      <UnitQty>גרמים</UnitQty>
      <Quantity>500.00</Quantity>
      <UnitOfMeasure>100 גרם</UnitOfMeasure>
      <bIsWeighted>0</bIsWeighted>
      <QtyInPackage>1</QtyInPackage>
      <ItemPrice>12.90</ItemPrice>
      <UnitOfMeasurePrice>2.5800</UnitOfMeasurePrice>
      <AllowDiscount>1</AllowDiscount>
      <ItemStatus>1</ItemStatus>
      <ItemId>4369</ItemId>
    </Item>
    <Item>
      <PriceUpdateDate>2015-10-04 10:18:33</PriceUpdateDate>
      <ItemCode>7290000416618</ItemCode>
      <ItemType>1</ItemType>
      <ItemName>ממרח השחר 400 בדץ</ItemName>
      <ManufacturerName>השחר העולה תעשיות ממ</ManufacturerName>
      <ManufactureCountry>ישראל</ManufactureCountry>
      <ManufacturerItemDescription>ממרח שוקולד השחר400ג.בדץ               .</ManufacturerItemDescription>
      <UnitQty>גרמים</UnitQty>
      <Quantity>400.00</Quantity>
      <UnitOfMeasure>100 גרם</UnitOfMeasure>
      <bIsWeighted>0</bIsWeighted>
      <QtyInPackage>1</QtyInPackage>
      <ItemPrice>14.60</ItemPrice>
      <UnitOfMeasurePrice>3.6500</UnitOfMeasurePrice>
      <AllowDiscount>1</AllowDiscount>
      <ItemStatus>1</ItemStatus>
      <ItemId>4375</ItemId>
    </Item>
    <Item>
      <PriceUpdateDate>2016-02-11 15:26:00</PriceUpdateDate>
      <ItemCode>7290000041858</ItemCode>
      <ItemType>1</ItemType>
      <ItemName>שמנת יטבתה מעושרת</ItemName>
      <ManufacturerName>שטראוס גרופ</ManufacturerName>
      <ManufactureCountry>ישראל</ManufactureCountry>
      <ManufacturerItemDescription>שמנת יטבתה 200 מעושרת  פיקוח</ManufacturerItemDescription>
      <UnitQty>גרמים</UnitQty>
      <Quantity>200.00</Quantity>
      <UnitOfMeasure>100 גרם</UnitOfMeasure>
      <bIsWeighted>0</bIsWeighted>
      <QtyInPackage>1</QtyInPackage>
      <ItemPrice>2.20</ItemPrice>
      <UnitOfMeasurePrice>1.1000</UnitOfMeasurePrice>
      <AllowDiscount>1</AllowDiscount>
      <ItemStatus>1</ItemStatus>
      <ItemId>4390</ItemId>
    </Item>
    <Item>
      <PriceUpdateDate>2016-02-11 07:45:26</PriceUpdateDate>
      <ItemCode>7290000042015</ItemCode>
      <ItemType>1</ItemType>
      <ItemName>חלב 3% מהדרין</ItemName>
      <ManufacturerName>תנובה מרכז שיתופי לש</ManufacturerName>
      <ManufactureCountry>ישראל</ManufactureCountry>
      <ManufacturerItemDescription>חלב1 3% ל.שקית בד"ץ פיקוח</ManufacturerItemDescription>
      <UnitQty>ליטרים</UnitQty>
      <Quantity>1.00</Quantity>
      <UnitOfMeasure>ליטר</UnitOfMeasure>
      <bIsWeighted>0</bIsWeighted>
      <QtyInPackage>1</QtyInPackage>
      <ItemPrice>5.00</ItemPrice>
      <UnitOfMeasurePrice>5.0000</UnitOfMeasurePrice>
      <AllowDiscount>1</AllowDiscount>
      <ItemStatus>1</ItemStatus>
      <ItemId>4414</ItemId>
    </Item>
    <Item>
      <PriceUpdateDate>2015-10-04 10:16:34</PriceUpdateDate>
      <ItemCode>7290000420332</ItemCode>
      <ItemType>1</ItemType>
      <ItemName>פופקורן פופסטאר חמאה</ItemName>
      <ManufacturerName>Preston farms</ManufacturerName>
      <ManufactureCountry>ארצות הברית</ManufactureCountry>
      <ManufacturerItemDescription>פופקורן פופסטאר חמאה 500 גר            .</ManufacturerItemDescription>
      <UnitQty>גרמים</UnitQty>
      <Quantity>500.00</Quantity>
      <UnitOfMeasure>100 גרם</UnitOfMeasure>
      <bIsWeighted>0</bIsWeighted>
      <QtyInPackage>1</QtyInPackage>
      <ItemPrice>16.70</ItemPrice>
      <UnitOfMeasurePrice>3.3400</UnitOfMeasurePrice>
      <AllowDiscount>1</AllowDiscount>
      <ItemStatus>1</ItemStatus>
      <ItemId>4420</ItemId>
    </Item>
    <Item>
      <PriceUpdateDate>2015-01-01 00:00:00</PriceUpdateDate>
      <ItemCode>5712341107274</ItemCode>
      <ItemType>1</ItemType>
      <ItemName>טבק לגלגול באלי נטור</ItemName>
      <ManufacturerName>S.T.G</ManufacturerName>
      <ManufactureCountry>לא ידוע</ManufactureCountry>
      <ManufacturerItemDescription>טבק לגלגול באלי נטורל</ManufacturerItemDescription>
      <UnitQty>גרמים</UnitQty>
      <Quantity>35.00</Quantity>
      <UnitOfMeasure>100 גרם</UnitOfMeasure>
      <bIsWeighted>0</bIsWeighted>
      <QtyInPackage>1</QtyInPackage>
      <ItemPrice>44.90</ItemPrice>
      <UnitOfMeasurePrice>128.2857</UnitOfMeasurePrice>
      <AllowDiscount>1</AllowDiscount>
      <ItemStatus>1</ItemStatus>
      <ItemId>89168</ItemId>
    </Item>
    <Item>
      <PriceUpdateDate>2016-02-11 07:45:26</PriceUpdateDate>
      <ItemCode>7290000042244</ItemCode>
      <ItemType>1</ItemType>
      <ItemName>חלב 3% בכד</ItemName>
      <ManufacturerName>תנובה מרכז שיתופי לש</ManufacturerName>
      <ManufactureCountry>ישראל</ManufactureCountry>
      <ManufacturerItemDescription>חלב 2 3% ליטר בכד</ManufacturerItemDescription>
      <UnitQty>ליטרים</UnitQty>
      <Quantity>2.00</Quantity>
      <UnitOfMeasure>ליטר</UnitOfMeasure>
      <bIsWeighted>0</bIsWeighted>
      <QtyInPackage>1</QtyInPackage>
      <ItemPrice>11.50</ItemPrice>
      <UnitOfMeasurePrice>5.7500</UnitOfMeasurePrice>
      <AllowDiscount>1</AllowDiscount>
      <ItemStatus>1</ItemStatus>
      <ItemId>4445</ItemId>
    </Item>
    <Item>
      <PriceUpdateDate>2015-10-04 10:16:42</PriceUpdateDate>
      <ItemCode>7290000042404</ItemCode>
      <ItemType>1</ItemType>
      <ItemName>חלב יוטבתה 3%מועשר</ItemName>
      <ManufacturerName>שטראוס גרופ</ManufacturerName>
      <ManufactureCountry>ישראל</ManufactureCountry>
      <ManufacturerItemDescription>חלב1 3% ל.שקית מועשר יוטבתה</ManufacturerItemDescription>
      <UnitQty>ליטרים</UnitQty>
      <Quantity>1.00</Quantity>
      <UnitOfMeasure>ליטר</UnitOfMeasure>
      <bIsWeighted>0</bIsWeighted>
      <QtyInPackage>1</QtyInPackage>
      <ItemPrice>6.20</ItemPrice>
      <UnitOfMeasurePrice>6.2000</UnitOfMeasurePrice>
      <AllowDiscount>1</AllowDiscount>
      <ItemStatus>1</ItemStatus>
      <ItemId>4449</ItemId>
    </Item>
    <Item>
      <PriceUpdateDate>2016-02-11 07:45:26</PriceUpdateDate>
      <ItemCode>7290000042435</ItemCode>
      <ItemType>1</ItemType>
      <ItemName>חלב1 1% ל.קרטון פיקו</ItemName>
      <ManufacturerName>תנובה מרכז שיתופי לש</ManufacturerName>
      <ManufactureCountry>ישראל</ManufactureCountry>
      <ManufacturerItemDescription>חלב1 1% ל.קרטון פיקוח</ManufacturerItemDescription>
      <UnitQty>ליטרים</UnitQty>
      <Quantity>1.00</Quantity>
      <UnitOfMeasure>ליטר</UnitOfMeasure>
      <bIsWeighted>0</bIsWeighted>
      <QtyInPackage>1</QtyInPackage>
      <ItemPrice>5.40</ItemPrice>
      <UnitOfMeasurePrice>5.4000</UnitOfMeasurePrice>
      <AllowDiscount>1</AllowDiscount>
      <ItemStatus>1</ItemStatus>
      <ItemId>4451</ItemId>
    </Item>
    <Item>
      <PriceUpdateDate>2016-02-11 13:06:46</PriceUpdateDate>
      <ItemCode>7290000042442</ItemCode>
      <ItemType>1</ItemType>
      <ItemName>חלב1 3% ל.קרטון+פקק</ItemName>
      <ManufacturerName>תנובה מרכז שיתופי לש</ManufacturerName>
      <ManufactureCountry>ישראל</ManufactureCountry>
      <ManufacturerItemDescription>חלב1 3% ל.קרטון+פקק פיקוח</ManufacturerItemDescription>
      <UnitQty>ליטרים</UnitQty>
      <Quantity>1.00</Quantity>
      <UnitOfMeasure>ליטר</UnitOfMeasure>
      <bIsWeighted>0</bIsWeighted>
      <QtyInPackage>1</QtyInPackage>
      <ItemPrice>5.70</ItemPrice>
      <UnitOfMeasurePrice>5.7000</UnitOfMeasurePrice>
      <AllowDiscount>1</AllowDiscount>
      <ItemStatus>1</ItemStatus>
      <ItemId>4452</ItemId>
    </Item>
    <Item>
      <PriceUpdateDate>2015-10-04 10:19:16</PriceUpdateDate>
      <ItemCode>7290000042466</ItemCode>
      <ItemType>1</ItemType>
      <ItemName>חלב 1% מועשר בסידן</ItemName>
      <ManufacturerName>תנובה מרכז שיתופי לש</ManufacturerName>
      <ManufactureCountry>ישראל</ManufactureCountry>
      <ManufacturerItemDescription>חלב 1% מועשר קרטון+פקק1 ל              .</ManufacturerItemDescription>
      <UnitQty>ליטרים</UnitQty>
      <Quantity>1.00</Quantity>
      <UnitOfMeasure>ליטר</UnitOfMeasure>
      <bIsWeighted>0</bIsWeighted>
      <QtyInPackage>1</QtyInPackage>
      <ItemPrice>9.60</ItemPrice>
      <UnitOfMeasurePrice>9.6000</UnitOfMeasurePrice>
      <AllowDiscount>1</AllowDiscount>
      <ItemStatus>1</ItemStatus>
      <ItemId>4453</ItemId>
    </Item>
    <Item>
      <PriceUpdateDate>2015-01-01 00:00:00</PriceUpdateDate>
      <ItemCode>7290000042855</ItemCode>
      <ItemType>1</ItemType>
      <ItemName>שוקו יוטבתה</ItemName>
      <ManufacturerName>שטראוס גרופ</ManufacturerName>
      <ManufactureCountry>לא ידוע</ManufactureCountry>
      <ManufacturerItemDescription>שוקו בשקית 225 מל.יוטבתה</ManufacturerItemDescription>
      <UnitQty>מיליליטרים</UnitQty>
      <Quantity>225.00</Quantity>
      <UnitOfMeasure>100 מ"ל</UnitOfMeasure>
      <bIsWeighted>0</bIsWeighted>
      <QtyInPackage>1</QtyInPackage>
      <ItemPrice>2.90</ItemPrice>
      <UnitOfMeasurePrice>1.2889</UnitOfMeasurePrice>
      <AllowDiscount>1</AllowDiscount>
      <ItemStatus>1</ItemStatus>
      <ItemId>4478</ItemId>
    </Item>
    <Item>
      <PriceUpdateDate>2016-02-11 07:45:26</PriceUpdateDate>
      <ItemCode>7290000043111</ItemCode>
      <ItemType>1</ItemType>
      <ItemName>חמאה</ItemName>
      <ManufacturerName>תנובה מרכז שיתופי לש</ManufacturerName>
      <ManufactureCountry>ישראל</ManufactureCountry>
      <ManufacturerItemDescription>חמאה 200 גרם פיקוח</ManufacturerItemDescription>
      <UnitQty>גרמים</UnitQty>
      <Quantity>200.00</Quantity>
      <UnitOfMeasure>100 גרם</UnitOfMeasure>
      <bIsWeighted>0</bIsWeighted>
      <QtyInPackage>1</QtyInPackage>
      <ItemPrice>7.60</ItemPrice>
      <UnitOfMeasurePrice>3.8000</UnitOfMeasurePrice>
      <AllowDiscount>1</AllowDiscount>
      <ItemStatus>1</ItemStatus>
      <ItemId>4487</ItemId>
    </Item>
    <Item>
      <PriceUpdateDate>2015-10-04 10:19:16</PriceUpdateDate>
      <ItemCode>7290000043159</ItemCode>
      <ItemType>1</ItemType>
      <ItemName>חמאה מלוחה200 ג  בדץ</ItemName>
      <ManufacturerName>תנובה מרכז שיתופי לש</ManufacturerName>
      <ManufactureCountry>ישראל</ManufactureCountry>
      <ManufacturerItemDescription>חמאה מלוחה200 ג                        .</ManufacturerItemDescription>
      <UnitQty>גרמים</UnitQty>
      <Quantity>200.00</Quantity>
      <UnitOfMeasure>100 גרם</UnitOfMeasure>
      <bIsWeighted>0</bIsWeighted>
      <QtyInPackage>1</QtyInPackage>
      <ItemPrice>9.50</ItemPrice>
      <UnitOfMeasurePrice>4.7500</UnitOfMeasurePrice>
      <AllowDiscount>1</AllowDiscount>
      <ItemStatus>1</ItemStatus>
      <ItemId>4488</ItemId>
    </Item>
    <Item>
      <PriceUpdateDate>2015-01-01 00:00:00</PriceUpdateDate>
      <ItemCode>7290000432632</ItemCode>
      <ItemType>1</ItemType>
      <ItemName>נרות שבת מס .180-4גר</ItemName>
      <ManufacturerName>פאלאס</ManufacturerName>
      <ManufactureCountry>ישראל</ManufactureCountry>
      <ManufacturerItemDescription>נרות שבת מס .180-4גר                   .</ManufacturerItemDescription>
      <UnitQty>גרמים</UnitQty>
      <Quantity>180.00</Quantity>
      <UnitOfMeasure>100 גרם</UnitOfMeasure>
      <bIsWeighted>0</bIsWeighted>
      <QtyInPackage>1</QtyInPackage>
      <ItemPrice>5.30</ItemPrice>
      <UnitOfMeasurePrice>2.9444</UnitOfMeasurePrice>
      <AllowDiscount>1</AllowDiscount>
      <ItemStatus>1</ItemStatus>
      <ItemId>4515</ItemId>
    </Item>
    <Item>
      <PriceUpdateDate>2016-03-15 07:44:34</PriceUpdateDate>
      <ItemCode>7290000433684</ItemCode>
      <ItemType>1</ItemType>
      <ItemName>פפסי קולה</ItemName>
      <ManufacturerName>טמפו</ManufacturerName>
      <ManufactureCountry>ישראל</ManufactureCountry>
      <ManufacturerItemDescription>פפסי קולה 1.5  ל                       .</ManufacturerItemDescription>
      <UnitQty>ליטרים</UnitQty>
      <Quantity>1.50</Quantity>
      <UnitOfMeasure>ליטר</UnitOfMeasure>
      <bIsWeighted>0</bIsWeighted>
      <QtyInPackage>1</QtyInPackage>
      <ItemPrice>6.50</ItemPrice>
      <UnitOfMeasurePrice>4.3333</UnitOfMeasurePrice>
      <AllowDiscount>1</AllowDiscount>
      <ItemStatus>1</ItemStatus>
      <ItemId>4534</ItemId>
    </Item>
    <Item>
      <PriceUpdateDate>2016-03-15 07:44:34</PriceUpdateDate>
      <ItemCode>7290000433714</ItemCode>
      <ItemType>1</ItemType>
      <ItemName>פפסי סבנאפ</ItemName>
      <ManufacturerName>טמפו</ManufacturerName>
      <ManufactureCountry>ישראל</ManufactureCountry>
      <ManufacturerItemDescription>פפסי סבנאפ 1.5  ל                      .</ManufacturerItemDescription>
      <UnitQty>ליטרים</UnitQty>
      <Quantity>1.50</Quantity>
      <UnitOfMeasure>ליטר</UnitOfMeasure>
      <bIsWeighted>0</bIsWeighted>
      <QtyInPackage>1</QtyInPackage>
      <ItemPrice>6.50</ItemPrice>
      <UnitOfMeasurePrice>4.3333</UnitOfMeasurePrice>
      <AllowDiscount>1</AllowDiscount>
      <ItemStatus>1</ItemStatus>
      <ItemId>4535</ItemId>
    </Item>
    <Item>
      <PriceUpdateDate>2015-01-01 00:00:00</PriceUpdateDate>
      <ItemCode>7290000433745</ItemCode>
      <ItemType>1</ItemType>
      <ItemName>פפסי מירינדה</ItemName>
      <ManufacturerName>טמפו</ManufacturerName>
      <ManufactureCountry>ישראל</ManufactureCountry>
      <ManufacturerItemDescription>פפסי מירינדה 1.5  ל                    .</ManufacturerItemDescription>
      <UnitQty>ליטרים</UnitQty>
      <Quantity>1.50</Quantity>
      <UnitOfMeasure>ליטר</UnitOfMeasure>
      <bIsWeighted>0</bIsWeighted>
      <QtyInPackage>1</QtyInPackage>
      <ItemPrice>6.50</ItemPrice>
      <UnitOfMeasurePrice>4.3333</UnitOfMeasurePrice>
      <AllowDiscount>1</AllowDiscount>
      <ItemStatus>1</ItemStatus>
      <ItemId>4537</ItemId>
    </Item>
    <Item>
      <PriceUpdateDate>2016-03-15 07:44:34</PriceUpdateDate>
      <ItemCode>7290000433974</ItemCode>
      <ItemType>1</ItemType>
      <ItemName>פפסי קולה מקס</ItemName>
      <ManufacturerName>טמפו</ManufacturerName>
      <ManufactureCountry>ישראל</ManufactureCountry>
      <ManufacturerItemDescription>פפסי קולה מקס 1.5 ללא סוכר</ManufacturerItemDescription>
      <UnitQty>ליטרים</UnitQty>
      <Quantity>1.50</Quantity>
      <UnitOfMeasure>ליטר</UnitOfMeasure>
      <bIsWeighted>0</bIsWeighted>
      <QtyInPackage>1</QtyInPackage>
      <ItemPrice>6.50</ItemPrice>
      <UnitOfMeasurePrice>4.3333</UnitOfMeasurePrice>
      <AllowDiscount>1</AllowDiscount>
      <ItemStatus>1</ItemStatus>
      <ItemId>4540</ItemId>
    </Item>
    <Item>
      <PriceUpdateDate>2016-02-11 13:06:46</PriceUpdateDate>
      <ItemCode>7290000043814</ItemCode>
      <ItemType>1</ItemType>
      <ItemName>שמנת מתוקה עמיד  38%</ItemName>
      <ManufacturerName>תנובה מרכז שיתופי לש</ManufacturerName>
      <ManufactureCountry>ישראל</ManufactureCountry>
      <ManufacturerItemDescription>שמנת מתוקה עמידה 250 38%גרם</ManufacturerItemDescription>
      <UnitQty>מיליליטרים</UnitQty>
      <Quantity>250.00</Quantity>
      <UnitOfMeasure>100 מ"ל</UnitOfMeasure>
      <bIsWeighted>0</bIsWeighted>
      <QtyInPackage>1</QtyInPackage>
      <ItemPrice>5.90</ItemPrice>
      <UnitOfMeasurePrice>2.3600</UnitOfMeasurePrice>
      <AllowDiscount>1</AllowDiscount>
      <ItemStatus>1</ItemStatus>
      <ItemId>4635</ItemId>
    </Item>
    <Item>
      <PriceUpdateDate>2015-10-04 10:19:16</PriceUpdateDate>
      <ItemCode>7290000043890</ItemCode>
      <ItemType>1</ItemType>
      <ItemName>רויון 1 ליטר בקרטון</ItemName>
      <ManufacturerName>תנובה מרכז שיתופי לש</ManufacturerName>
      <ManufactureCountry>ישראל</ManufactureCountry>
      <ManufacturerItemDescription>רויון 1 ליטר בקרטון</ManufacturerItemDescription>
      <UnitQty>ליטרים</UnitQty>
      <Quantity>1.00</Quantity>
      <UnitOfMeasure>ליטר</UnitOfMeasure>
      <bIsWeighted>0</bIsWeighted>
      <QtyInPackage>1</QtyInPackage>
      <ItemPrice>11.10</ItemPrice>
      <UnitOfMeasurePrice>11.1000</UnitOfMeasurePrice>
      <AllowDiscount>1</AllowDiscount>
      <ItemStatus>1</ItemStatus>
      <ItemId>4657</ItemId>
    </Item>
    <Item>
      <PriceUpdateDate>2015-10-04 10:18:12</PriceUpdateDate>
      <ItemCode>7290004423353</ItemCode>
      <ItemType>1</ItemType>
      <ItemName>משקל פריגת תפוחים בק</ItemName>
      <ManufacturerName>פריגת</ManufacturerName>
      <ManufactureCountry>ישראל</ManufactureCountry>
      <ManufacturerItemDescription>משקל פריגת תפוחים 1.5 ל</ManufacturerItemDescription>
      <UnitQty>ליטרים</UnitQty>
      <Quantity>1.50</Quantity>
      <UnitOfMeasure>ליטר</UnitOfMeasure>
      <bIsWeighted>0</bIsWeighted>
      <QtyInPackage>1</QtyInPackage>
      <ItemPrice>6.80</ItemPrice>
      <UnitOfMeasurePrice>4.5333</UnitOfMeasurePrice>
      <AllowDiscount>1</AllowDiscount>
      <ItemStatus>1</ItemStatus>
      <ItemId>4679</ItemId>
    </Item>
    <Item>
      <PriceUpdateDate>2015-10-04 10:19:16</PriceUpdateDate>
      <ItemCode>7290000044248</ItemCode>
      <ItemType>1</ItemType>
      <ItemName>רוויון</ItemName>
      <ManufacturerName>תנובה מרכז שיתופי לש</ManufacturerName>
      <ManufactureCountry>ישראל</ManufactureCountry>
      <ManufacturerItemDescription>רויון500 מל .קרטון</ManufacturerItemDescription>
      <UnitQty>מיליליטרים</UnitQty>
      <Quantity>500.00</Quantity>
      <UnitOfMeasure>100 מ"ל</UnitOfMeasure>
      <bIsWeighted>0</bIsWeighted>
      <QtyInPackage>1</QtyInPackage>
      <ItemPrice>6.30</ItemPrice>
      <UnitOfMeasurePrice>1.2600</UnitOfMeasurePrice>
      <AllowDiscount>1</AllowDiscount>
      <ItemStatus>1</ItemStatus>
      <ItemId>4680</ItemId>
    </Item>
    <Item>
      <PriceUpdateDate>2015-10-04 10:19:16</PriceUpdateDate>
      <ItemCode>7290000044712</ItemCode>
      <ItemType>1</ItemType>
      <ItemName>פרילי תות</ItemName>
      <ManufacturerName>תנובה מרכז שיתופי לש</ManufacturerName>
      <ManufactureCountry>ישראל</ManufactureCountry>
      <ManufacturerItemDescription>פרילי תות500 מל                        .</ManufacturerItemDescription>
      <UnitQty>גרמים</UnitQty>
      <Quantity>500.00</Quantity>
      <UnitOfMeasure>100 גרם</UnitOfMeasure>
      <bIsWeighted>0</bIsWeighted>
      <QtyInPackage>1</QtyInPackage>
      <ItemPrice>10.60</ItemPrice>
      <UnitOfMeasurePrice>2.1200</UnitOfMeasurePrice>
      <AllowDiscount>1</AllowDiscount>
      <ItemStatus>1</ItemStatus>
      <ItemId>4694</ItemId>
    </Item>
    <Item>
      <PriceUpdateDate>2015-10-04 10:16:56</PriceUpdateDate>
      <ItemCode>7290004492755</ItemCode>
      <ItemType>1</ItemType>
      <ItemName>נשנושים בצל שמנת</ItemName>
      <ManufacturerName>אתר בייגל - Food</ManufacturerName>
      <ManufactureCountry>ישראל</ManufactureCountry>
      <ManufacturerItemDescription>נשנושים בצל שמנת 300 גר</ManufacturerItemDescription>
      <UnitQty>גרמים</UnitQty>
      <Quantity>300.00</Quantity>
      <UnitOfMeasure>100 גרם</UnitOfMeasure>
      <bIsWeighted>0</bIsWeighted>
      <QtyInPackage>1</QtyInPackage>
      <ItemPrice>14.60</ItemPrice>
      <UnitOfMeasurePrice>4.8667</UnitOfMeasurePrice>
      <AllowDiscount>1</AllowDiscount>
      <ItemStatus>1</ItemStatus>
      <ItemId>4710</ItemId>
    </Item>
    <Item>
      <PriceUpdateDate>2015-10-04 10:16:56</PriceUpdateDate>
      <ItemCode>7290004492816</ItemCode>
      <ItemType>1</ItemType>
      <ItemName>נשנושי קרקר-עגול מלח</ItemName>
      <ManufacturerName>אתר בייגל - Food</ManufacturerName>
      <ManufactureCountry>ישראל</ManufactureCountry>
      <ManufacturerItemDescription>נשנושי קרקר עגולים מלוחים350 ג</ManufacturerItemDescription>
      <UnitQty>גרמים</UnitQty>
      <Quantity>350.00</Quantity>
      <UnitOfMeasure>100 גרם</UnitOfMeasure>
      <bIsWeighted>0</bIsWeighted>
      <QtyInPackage>1</QtyInPackage>
      <ItemPrice>14.20</ItemPrice>
      <UnitOfMeasurePrice>4.0571</UnitOfMeasurePrice>
      <AllowDiscount>1</AllowDiscount>
      <ItemStatus>1</ItemStatus>
      <ItemId>4715</ItemId>
    </Item>
    <Item>
      <PriceUpdateDate>2015-10-04 10:16:56</PriceUpdateDate>
      <ItemCode>7290004492823</ItemCode>
      <ItemType>1</ItemType>
      <ItemName>נשנושי קרקר-שומשום</ItemName>
      <ManufacturerName>אתר בייגל - Food</ManufacturerName>
      <ManufactureCountry>ישראל</ManufactureCountry>
      <ManufacturerItemDescription>נשנושי קרקר-משולשי שומשום350 ג</ManufacturerItemDescription>
      <UnitQty>גרמים</UnitQty>
      <Quantity>350.00</Quantity>
      <UnitOfMeasure>100 גרם</UnitOfMeasure>
      <bIsWeighted>0</bIsWeighted>
      <QtyInPackage>1</QtyInPackage>
      <ItemPrice>14.20</ItemPrice>
      <UnitOfMeasurePrice>4.0571</UnitOfMeasurePrice>
      <AllowDiscount>1</AllowDiscount>
      <ItemStatus>1</ItemStatus>
      <ItemId>4716</ItemId>
    </Item>
    <Item>
      <PriceUpdateDate>2015-10-04 10:20:51</PriceUpdateDate>
      <ItemCode>7290000450209</ItemCode>
      <ItemType>1</ItemType>
      <ItemName>טונה בהירה בשמן</ItemName>
      <ManufacturerName>ויליגר</ManufacturerName>
      <ManufactureCountry>ישראל</ManufactureCountry>
      <ManufacturerItemDescription>טונה בהירה בשמן פוסידון 108 גר</ManufacturerItemDescription>
      <UnitQty>גרמים</UnitQty>
      <Quantity>108.00</Quantity>
      <UnitOfMeasure>100 גרם</UnitOfMeasure>
      <bIsWeighted>0</bIsWeighted>
      <QtyInPackage>1</QtyInPackage>
      <ItemPrice>5.90</ItemPrice>
      <UnitOfMeasurePrice>5.4630</UnitOfMeasurePrice>
      <AllowDiscount>1</AllowDiscount>
      <ItemStatus>1</ItemStatus>
      <ItemId>4719</ItemId>
    </Item>
    <Item>
      <PriceUpdateDate>2015-10-04 10:20:51</PriceUpdateDate>
      <ItemCode>7290000450308</ItemCode>
      <ItemType>1</ItemType>
      <ItemName>טונה בהירה במים</ItemName>
      <ManufacturerName>ויליגר</ManufacturerName>
      <ManufactureCountry>ישראל</ManufactureCountry>
      <ManufacturerItemDescription>טונה בהירהבמיםפוסידון 108 גר</ManufacturerItemDescription>
      <UnitQty>גרמים</UnitQty>
      <Quantity>108.00</Quantity>
      <UnitOfMeasure>100 גרם</UnitOfMeasure>
      <bIsWeighted>0</bIsWeighted>
      <QtyInPackage>1</QtyInPackage>
      <ItemPrice>5.90</ItemPrice>
      <UnitOfMeasurePrice>5.4630</UnitOfMeasurePrice>
      <AllowDiscount>1</AllowDiscount>
      <ItemStatus>1</ItemStatus>
      <ItemId>4726</ItemId>
    </Item>
    <Item>
      <PriceUpdateDate>2015-08-12 10:25:03</PriceUpdateDate>
      <ItemCode>7290000453019</ItemCode>
      <ItemType>1</ItemType>
      <ItemName>שמרים לחים אינסטנט</ItemName>
      <ManufacturerName>שטראוס גרופ</ManufacturerName>
      <ManufactureCountry>ישראל</ManufactureCountry>
      <ManufacturerItemDescription>שמרים לחים אינסטנט                   50</ManufacturerItemDescription>
      <UnitQty>גרמים</UnitQty>
      <Quantity>50.00</Quantity>
      <UnitOfMeasure>100 גרם</UnitOfMeasure>
      <bIsWeighted>0</bIsWeighted>
      <QtyInPackage>1</QtyInPackage>
      <ItemPrice>4.70</ItemPrice>
      <UnitOfMeasurePrice>9.4000</UnitOfMeasurePrice>
      <AllowDiscount>1</AllowDiscount>
      <ItemStatus>1</ItemStatus>
      <ItemId>4730</ItemId>
    </Item>
    <Item>
      <PriceUpdateDate>2015-01-01 00:00:00</PriceUpdateDate>
      <ItemCode>7290004554781</ItemCode>
      <ItemType>1</ItemType>
      <ItemName>אסקימו לימון</ItemName>
      <ManufacturerName>שטראוס גלידות</ManufacturerName>
      <ManufactureCountry>ישראל</ManufactureCountry>
      <ManufacturerItemDescription>שלגון אסקימו לימון יח                  .</ManufacturerItemDescription>
      <UnitQty>גרמים</UnitQty>
      <Quantity>84.00</Quantity>
      <UnitOfMeasure>100 גרם</UnitOfMeasure>
      <bIsWeighted>0</bIsWeighted>
      <QtyInPackage>1</QtyInPackage>
      <ItemPrice>2.90</ItemPrice>
      <UnitOfMeasurePrice>3.4524</UnitOfMeasurePrice>
      <AllowDiscount>1</AllowDiscount>
      <ItemStatus>1</ItemStatus>
      <ItemId>4749</ItemId>
    </Item>
    <Item>
      <PriceUpdateDate>2015-10-04 10:19:16</PriceUpdateDate>
      <ItemCode>7290000045573</ItemCode>
      <ItemType>1</ItemType>
      <ItemName>גבינה מותכת נעמה</ItemName>
      <ManufacturerName>תנובה מרכז שיתופי לש</ManufacturerName>
      <ManufactureCountry>ישראל</ManufactureCountry>
      <ManufacturerItemDescription>גבינה מותכת נעמה 200 גרם</ManufacturerItemDescription>
      <UnitQty>גרמים</UnitQty>
      <Quantity>200.00</Quantity>
      <UnitOfMeasure>100 גרם</UnitOfMeasure>
      <bIsWeighted>0</bIsWeighted>
      <QtyInPackage>1</QtyInPackage>
      <ItemPrice>14.40</ItemPrice>
      <UnitOfMeasurePrice>7.2000</UnitOfMeasurePrice>
      <AllowDiscount>1</AllowDiscount>
      <ItemStatus>1</ItemStatus>
      <ItemId>4751</ItemId>
    </Item>
    <Item>
      <PriceUpdateDate>2015-01-01 00:00:00</PriceUpdateDate>
      <ItemCode>7290000045580</ItemCode>
      <ItemType>1</ItemType>
      <ItemName>גבינה מותכת חורש</ItemName>
      <ManufacturerName>תנובה מרכז שיתופי לש</ManufacturerName>
      <ManufactureCountry>ישראל</ManufactureCountry>
      <ManufacturerItemDescription>גבינה מותכת חורש 240 גרם</ManufacturerItemDescription>
      <UnitQty>גרמים</UnitQty>
      <Quantity>240.00</Quantity>
      <UnitOfMeasure>100 גרם</UnitOfMeasure>
      <bIsWeighted>0</bIsWeighted>
      <QtyInPackage>1</QtyInPackage>
      <ItemPrice>19.50</ItemPrice>
      <UnitOfMeasurePrice>8.1250</UnitOfMeasurePrice>
      <AllowDiscount>1</AllowDiscount>
      <ItemStatus>1</ItemStatus>
      <ItemId>4752</ItemId>
    </Item>
    <Item>
      <PriceUpdateDate>2015-10-04 10:16:42</PriceUpdateDate>
      <ItemCode>7290004584351</ItemCode>
      <ItemType>1</ItemType>
      <ItemName>סימפוניה טבעי    5%</ItemName>
      <ManufacturerName>שטראוס גרופ</ManufacturerName>
      <ManufactureCountry>ישראל</ManufactureCountry>
      <ManufacturerItemDescription>סימפוניה בטעם טבעי 200 גרם           5%</ManufacturerItemDescription>
      <UnitQty>גרמים</UnitQty>
      <Quantity>200.00</Quantity>
      <UnitOfMeasure>100 גרם</UnitOfMeasure>
      <bIsWeighted>0</bIsWeighted>
      <QtyInPackage>1</QtyInPackage>
      <ItemPrice>12.70</ItemPrice>
      <UnitOfMeasurePrice>6.3500</UnitOfMeasurePrice>
      <AllowDiscount>1</AllowDiscount>
      <ItemStatus>1</ItemStatus>
      <ItemId>4761</ItemId>
    </Item>
    <Item>
      <PriceUpdateDate>2015-12-18 12:01:20</PriceUpdateDate>
      <ItemCode>7290011378769</ItemCode>
      <ItemType>1</ItemType>
      <ItemName>מאגדת חטיף חלבה וניל</ItemName>
      <ManufacturerName>רושדי תעשיות מזון בע</ManufacturerName>
      <ManufactureCountry>לא ידוע</ManufactureCountry>
      <ManufacturerItemDescription>מאגדת חטיף חלבה וניל</ManufacturerItemDescription>
      <UnitQty>גרמים</UnitQty>
      <Quantity>120.00</Quantity>
      <UnitOfMeasure>100 גרם</UnitOfMeasure>
      <bIsWeighted>0</bIsWeighted>
      <QtyInPackage>1</QtyInPackage>
      <ItemPrice>13.90</ItemPrice>
      <UnitOfMeasurePrice>11.5833</UnitOfMeasurePrice>
      <AllowDiscount>1</AllowDiscount>
      <ItemStatus>1</ItemStatus>
      <ItemId>84811</ItemId>
    </Item>
    <Item>
      <PriceUpdateDate>2015-08-12 10:25:03</PriceUpdateDate>
      <ItemCode>7290004584528</ItemCode>
      <ItemType>1</ItemType>
      <ItemName>דנונה ביו      1.7%</ItemName>
      <ManufacturerName>שטראוס גרופ</ManufacturerName>
      <ManufactureCountry>ישראל</ManufactureCountry>
      <ManufacturerItemDescription>יוגורט דנונה בי 200  1.7% גרם</ManufacturerItemDescription>
      <UnitQty>גרמים</UnitQty>
      <Quantity>200.00</Quantity>
      <UnitOfMeasure>100 גרם</UnitOfMeasure>
      <bIsWeighted>0</bIsWeighted>
      <QtyInPackage>1</QtyInPackage>
      <ItemPrice>3.80</ItemPrice>
      <UnitOfMeasurePrice>1.9000</UnitOfMeasurePrice>
      <AllowDiscount>1</AllowDiscount>
      <ItemStatus>1</ItemStatus>
      <ItemId>4762</ItemId>
    </Item>
    <Item>
      <PriceUpdateDate>2015-08-12 10:25:03</PriceUpdateDate>
      <ItemCode>7290004585907</ItemCode>
      <ItemType>1</ItemType>
      <ItemName>דני וניל</ItemName>
      <ManufacturerName>שטראוס גרופ</ManufacturerName>
      <ManufactureCountry>ישראל</ManufactureCountry>
      <ManufacturerItemDescription>דני וניל125 גר                         .</ManufacturerItemDescription>
      <UnitQty>גרמים</UnitQty>
      <Quantity>125.00</Quantity>
      <UnitOfMeasure>100 גרם</UnitOfMeasure>
      <bIsWeighted>0</bIsWeighted>
      <QtyInPackage>1</QtyInPackage>
      <ItemPrice>2.90</ItemPrice>
      <UnitOfMeasurePrice>2.3200</UnitOfMeasurePrice>
      <AllowDiscount>1</AllowDiscount>
      <ItemStatus>1</ItemStatus>
      <ItemId>4767</ItemId>
    </Item>
    <Item>
      <PriceUpdateDate>2015-10-04 10:16:56</PriceUpdateDate>
      <ItemCode>7290000461625</ItemCode>
      <ItemType>1</ItemType>
      <ItemName>בייגלה שמיניות</ItemName>
      <ManufacturerName>אתר בייגל - Food</ManufacturerName>
      <ManufactureCountry>ישראל</ManufactureCountry>
      <ManufacturerItemDescription>בייגלה שמיניות 400 גר                  .</ManufacturerItemDescription>
      <UnitQty>גרמים</UnitQty>
      <Quantity>400.00</Quantity>
      <UnitOfMeasure>100 גרם</UnitOfMeasure>
      <bIsWeighted>0</bIsWeighted>
      <QtyInPackage>1</QtyInPackage>
      <ItemPrice>11.80</ItemPrice>
      <UnitOfMeasurePrice>2.9500</UnitOfMeasurePrice>
      <AllowDiscount>1</AllowDiscount>
      <ItemStatus>1</ItemStatus>
      <ItemId>4783</ItemId>
    </Item>
    <Item>
      <PriceUpdateDate>2015-10-04 10:16:56</PriceUpdateDate>
      <ItemCode>7290000461724</ItemCode>
      <ItemType>1</ItemType>
      <ItemName>בייגלה גדול שומשום</ItemName>
      <ManufacturerName>אתר בייגל - Food</ManufacturerName>
      <ManufactureCountry>ישראל</ManufactureCountry>
      <ManufacturerItemDescription>ביגלה גדול שומשום400 גר                .</ManufacturerItemDescription>
      <UnitQty>גרמים</UnitQty>
      <Quantity>400.00</Quantity>
      <UnitOfMeasure>100 גרם</UnitOfMeasure>
      <bIsWeighted>0</bIsWeighted>
      <QtyInPackage>1</QtyInPackage>
      <ItemPrice>15.30</ItemPrice>
      <UnitOfMeasurePrice>3.8250</UnitOfMeasurePrice>
      <AllowDiscount>1</AllowDiscount>
      <ItemStatus>1</ItemStatus>
      <ItemId>4788</ItemId>
    </Item>
    <Item>
      <PriceUpdateDate>2015-01-01 00:00:00</PriceUpdateDate>
      <ItemCode>46214731552</ItemCode>
      <ItemType>1</ItemType>
      <ItemName>עוגיות שוקולד ציפס</ItemName>
      <ManufacturerName>י. מרבה ישראל בע"מ</ManufacturerName>
      <ManufactureCountry>הולנד</ManufactureCountry>
      <ManufacturerItemDescription>עוגיות שוקולד ציפס 225 גר</ManufacturerItemDescription>
      <UnitQty>גרמים</UnitQty>
      <Quantity>225.00</Quantity>
      <UnitOfMeasure>100 גרם</UnitOfMeasure>
      <bIsWeighted>0</bIsWeighted>
      <QtyInPackage>1</QtyInPackage>
      <ItemPrice>11.90</ItemPrice>
      <UnitOfMeasurePrice>5.2889</UnitOfMeasurePrice>
      <AllowDiscount>1</AllowDiscount>
      <ItemStatus>1</ItemStatus>
      <ItemId>4797</ItemId>
    </Item>
    <Item>
      <PriceUpdateDate>2015-10-04 10:19:16</PriceUpdateDate>
      <ItemCode>7290000046327</ItemCode>
      <ItemType>1</ItemType>
      <ItemName>גבינה גילבוע פרוס</ItemName>
      <ManufacturerName>תנובה מרכז שיתופי לש</ManufacturerName>
      <ManufactureCountry>ישראל</ManufactureCountry>
      <ManufacturerItemDescription>גבינהקשה גלבוע פרוס200גר               .</ManufacturerItemDescription>
      <UnitQty>גרמים</UnitQty>
      <Quantity>200.00</Quantity>
      <UnitOfMeasure>100 גרם</UnitOfMeasure>
      <bIsWeighted>0</bIsWeighted>
      <QtyInPackage>1</QtyInPackage>
      <ItemPrice>12.70</ItemPrice>
      <UnitOfMeasurePrice>6.3500</UnitOfMeasurePrice>
      <AllowDiscount>1</AllowDiscount>
      <ItemStatus>1</ItemStatus>
      <ItemId>4804</ItemId>
    </Item>
    <Item>
      <PriceUpdateDate>2015-10-04 10:17:51</PriceUpdateDate>
      <ItemCode>7290000469638</ItemCode>
      <ItemType>1</ItemType>
      <ItemName>לגיהוץ מריטו ספריי</ItemName>
      <ManufacturerName>BOLTON MANITOBA S.P.</ManufacturerName>
      <ManufactureCountry>לא ידוע</ManufactureCountry>
      <ManufacturerItemDescription>לגיהוץ מריטו ספריי 500 סמק</ManufacturerItemDescription>
      <UnitQty>מיליליטרים</UnitQty>
      <Quantity>500.00</Quantity>
      <UnitOfMeasure>100 מ"ל</UnitOfMeasure>
      <bIsWeighted>0</bIsWeighted>
      <QtyInPackage>1</QtyInPackage>
      <ItemPrice>22.70</ItemPrice>
      <UnitOfMeasurePrice>4.5400</UnitOfMeasurePrice>
      <AllowDiscount>1</AllowDiscount>
      <ItemStatus>1</ItemStatus>
      <ItemId>4873</ItemId>
    </Item>
    <Item>
      <PriceUpdateDate>2015-11-17 15:10:44</PriceUpdateDate>
      <ItemCode>7290004737900</ItemCode>
      <ItemType>1</ItemType>
      <ItemName>חלב מרוכז הולנדי</ItemName>
      <ManufacturerName>ו איי בי קאנו</ManufacturerName>
      <ManufactureCountry>ליטא</ManufactureCountry>
      <ManufacturerItemDescription>חלב מרוכז הולנדי 397 גר.קופסא</ManufacturerItemDescription>
      <UnitQty>גרמים</UnitQty>
      <Quantity>397.00</Quantity>
      <UnitOfMeasure>100 גרם</UnitOfMeasure>
      <bIsWeighted>0</bIsWeighted>
      <QtyInPackage>1</QtyInPackage>
      <ItemPrice>9.90</ItemPrice>
      <UnitOfMeasurePrice>2.4937</UnitOfMeasurePrice>
      <AllowDiscount>1</AllowDiscount>
      <ItemStatus>1</ItemStatus>
      <ItemId>4896</ItemId>
    </Item>
    <Item>
      <PriceUpdateDate>2015-10-04 10:17:40</PriceUpdateDate>
      <ItemCode>7290012116612</ItemCode>
      <ItemType>1</ItemType>
      <ItemName>מברשות שיניים</ItemName>
      <ManufacturerName>z.h. plastic</ManufacturerName>
      <ManufactureCountry>סין</ManufactureCountry>
      <ManufacturerItemDescription>אורביטול מברשת שיניים               1/4</ManufacturerItemDescription>
      <UnitQty>Unknown </UnitQty>
      <Quantity>0.00</Quantity>
      <UnitOfMeasure>Unknown </UnitOfMeasure>
      <bIsWeighted>0</bIsWeighted>
      <QtyInPackage>1</QtyInPackage>
      <ItemPrice>21.70</ItemPrice>
      <UnitOfMeasurePrice>0.0000</UnitOfMeasurePrice>
      <AllowDiscount>1</AllowDiscount>
      <ItemStatus>1</ItemStatus>
      <ItemId>84609</ItemId>
    </Item>
    <Item>
      <PriceUpdateDate>2015-10-04 10:19:20</PriceUpdateDate>
      <ItemCode>7290014758162</ItemCode>
      <ItemType>1</ItemType>
      <ItemName>חלב עיזים מלא  3.6%</ItemName>
      <ManufacturerName>תנובה מרכז שיתופי לש</ManufacturerName>
      <ManufactureCountry>ישראל</ManufactureCountry>
      <ManufacturerItemDescription>חלב עיזים מלא 1 3.6% ליטר</ManufacturerItemDescription>
      <UnitQty>ליטרים</UnitQty>
      <Quantity>1.00</Quantity>
      <UnitOfMeasure>ליטר</UnitOfMeasure>
      <bIsWeighted>0</bIsWeighted>
      <QtyInPackage>1</QtyInPackage>
      <ItemPrice>15.40</ItemPrice>
      <UnitOfMeasurePrice>15.4000</UnitOfMeasurePrice>
      <AllowDiscount>1</AllowDiscount>
      <ItemStatus>1</ItemStatus>
      <ItemId>90417</ItemId>
    </Item>
    <Item>
      <PriceUpdateDate>2016-02-11 13:05:56</PriceUpdateDate>
      <ItemCode>7290000474021</ItemCode>
      <ItemType>1</ItemType>
      <ItemName>חלב1 3% ל.שקית מהדרי</ItemName>
      <ManufacturerName>טרה</ManufacturerName>
      <ManufactureCountry>ישראל</ManufactureCountry>
      <ManufacturerItemDescription>חלב1 3% ל.שקית מהדרין פיקוח</ManufacturerItemDescription>
      <UnitQty>ליטרים</UnitQty>
      <Quantity>1.00</Quantity>
      <UnitOfMeasure>ליטר</UnitOfMeasure>
      <bIsWeighted>0</bIsWeighted>
      <QtyInPackage>1</QtyInPackage>
      <ItemPrice>5.00</ItemPrice>
      <UnitOfMeasurePrice>5.0000</UnitOfMeasurePrice>
      <AllowDiscount>1</AllowDiscount>
      <ItemStatus>1</ItemStatus>
      <ItemId>4906</ItemId>
    </Item>
    <Item>
      <PriceUpdateDate>2016-02-11 13:05:56</PriceUpdateDate>
      <ItemCode>7290000474076</ItemCode>
      <ItemType>1</ItemType>
      <ItemName>חלב 3% בקרטון</ItemName>
      <ManufacturerName>טרה</ManufacturerName>
      <ManufactureCountry>ישראל</ManufactureCountry>
      <ManufacturerItemDescription>חלב1 3% ל.קרטון מהדרין פיקוח</ManufacturerItemDescription>
      <UnitQty>ליטרים</UnitQty>
      <Quantity>1.00</Quantity>
      <UnitOfMeasure>ליטר</UnitOfMeasure>
      <bIsWeighted>0</bIsWeighted>
      <QtyInPackage>1</QtyInPackage>
      <ItemPrice>5.70</ItemPrice>
      <UnitOfMeasurePrice>5.7000</UnitOfMeasurePrice>
      <AllowDiscount>1</AllowDiscount>
      <ItemStatus>1</ItemStatus>
      <ItemId>4907</ItemId>
    </Item>
    <Item>
      <PriceUpdateDate>2016-02-11 13:05:56</PriceUpdateDate>
      <ItemCode>7290000474090</ItemCode>
      <ItemType>1</ItemType>
      <ItemName>חלב 1% בקרטון</ItemName>
      <ManufacturerName>טרה</ManufacturerName>
      <ManufactureCountry>ישראל</ManufactureCountry>
      <ManufacturerItemDescription>חלב1 1% ל.קרטון פיקוח</ManufacturerItemDescription>
      <UnitQty>ליטרים</UnitQty>
      <Quantity>1.00</Quantity>
      <UnitOfMeasure>ליטר</UnitOfMeasure>
      <bIsWeighted>0</bIsWeighted>
      <QtyInPackage>1</QtyInPackage>
      <ItemPrice>5.40</ItemPrice>
      <UnitOfMeasurePrice>5.4000</UnitOfMeasurePrice>
      <AllowDiscount>1</AllowDiscount>
      <ItemStatus>1</ItemStatus>
      <ItemId>4908</ItemId>
    </Item>
    <Item>
      <PriceUpdateDate>2016-02-11 13:05:56</PriceUpdateDate>
      <ItemCode>7290000474502</ItemCode>
      <ItemType>1</ItemType>
      <ItemName>גבינה לבנה       5%</ItemName>
      <ManufacturerName>טרה</ManufacturerName>
      <ManufactureCountry>ישראל</ManufactureCountry>
      <ManufacturerItemDescription>גבינה לבנה250 5% גר  פיקוח</ManufacturerItemDescription>
      <UnitQty>גרמים</UnitQty>
      <Quantity>250.00</Quantity>
      <UnitOfMeasure>100 גרם</UnitOfMeasure>
      <bIsWeighted>0</bIsWeighted>
      <QtyInPackage>1</QtyInPackage>
      <ItemPrice>4.60</ItemPrice>
      <UnitOfMeasurePrice>1.8400</UnitOfMeasurePrice>
      <AllowDiscount>1</AllowDiscount>
      <ItemStatus>1</ItemStatus>
      <ItemId>4917</ItemId>
    </Item>
    <Item>
      <PriceUpdateDate>2015-10-04 10:16:34</PriceUpdateDate>
      <ItemCode>7290004792527</ItemCode>
      <ItemType>1</ItemType>
      <ItemName>שקיות יסמין להקפאה</ItemName>
      <ManufacturerName>אשפלסט תעשיות בע"מ</ManufacturerName>
      <ManufactureCountry>ישראל</ManufactureCountry>
      <ManufacturerItemDescription>שקיות יסמין להקפאה</ManufacturerItemDescription>
      <UnitQty>Unknown </UnitQty>
      <Quantity>0.00</Quantity>
      <UnitOfMeasure>Unknown </UnitOfMeasure>
      <bIsWeighted>0</bIsWeighted>
      <QtyInPackage>1</QtyInPackage>
      <ItemPrice>17.70</ItemPrice>
      <UnitOfMeasurePrice>0.0000</UnitOfMeasurePrice>
      <AllowDiscount>1</AllowDiscount>
      <ItemStatus>1</ItemStatus>
      <ItemId>4934</ItemId>
    </Item>
    <Item>
      <PriceUpdateDate>2015-08-12 10:24:36</PriceUpdateDate>
      <ItemCode>7290000480107</ItemCode>
      <ItemType>1</ItemType>
      <ItemName>קוואקר ש.שועל פחית</ItemName>
      <ManufacturerName>שטראוס גרופ</ManufacturerName>
      <ManufactureCountry>ישראל</ManufactureCountry>
      <ManufacturerItemDescription>קוואקר ש.שועל פחית</ManufacturerItemDescription>
      <UnitQty>גרמים</UnitQty>
      <Quantity>500.00</Quantity>
      <UnitOfMeasure>100 גרם</UnitOfMeasure>
      <bIsWeighted>0</bIsWeighted>
      <QtyInPackage>1</QtyInPackage>
      <ItemPrice>15.70</ItemPrice>
      <UnitOfMeasurePrice>3.1400</UnitOfMeasurePrice>
      <AllowDiscount>1</AllowDiscount>
      <ItemStatus>1</ItemStatus>
      <ItemId>4946</ItemId>
    </Item>
    <Item>
      <PriceUpdateDate>2015-10-04 10:17:04</PriceUpdateDate>
      <ItemCode>7290000480329</ItemCode>
      <ItemType>1</ItemType>
      <ItemName>ממתיק הרמזית</ItemName>
      <ManufacturerName> HERMES</ManufacturerName>
      <ManufactureCountry>שוויץ</ManufactureCountry>
      <ManufacturerItemDescription>ממתיק הרמזית 800 טבליות              X12</ManufacturerItemDescription>
      <UnitQty>Unknown </UnitQty>
      <Quantity>0.00</Quantity>
      <UnitOfMeasure>Unknown </UnitOfMeasure>
      <bIsWeighted>0</bIsWeighted>
      <QtyInPackage>1</QtyInPackage>
      <ItemPrice>27.60</ItemPrice>
      <UnitOfMeasurePrice>0.0000</UnitOfMeasurePrice>
      <AllowDiscount>1</AllowDiscount>
      <ItemStatus>1</ItemStatus>
      <ItemId>4949</ItemId>
    </Item>
    <Item>
      <PriceUpdateDate>2015-08-12 10:25:03</PriceUpdateDate>
      <ItemCode>7290000480442</ItemCode>
      <ItemType>1</ItemType>
      <ItemName>קוואקר ש.שועל שקית</ItemName>
      <ManufacturerName>שטראוס גרופ</ManufacturerName>
      <ManufactureCountry>ישראל</ManufactureCountry>
      <ManufacturerItemDescription>קוואקר ש.שועל שקית</ManufacturerItemDescription>
      <UnitQty>גרמים</UnitQty>
      <Quantity>500.00</Quantity>
      <UnitOfMeasure>100 גרם</UnitOfMeasure>
      <bIsWeighted>0</bIsWeighted>
      <QtyInPackage>1</QtyInPackage>
      <ItemPrice>14.90</ItemPrice>
      <UnitOfMeasurePrice>2.9800</UnitOfMeasurePrice>
      <AllowDiscount>1</AllowDiscount>
      <ItemStatus>1</ItemStatus>
      <ItemId>4951</ItemId>
    </Item>
    <Item>
      <PriceUpdateDate>2016-02-11 07:45:26</PriceUpdateDate>
      <ItemCode>7290000048185</ItemCode>
      <ItemType>1</ItemType>
      <ItemName>גבינה 5% גבוה</ItemName>
      <ManufacturerName>תנובה מרכז שיתופי לש</ManufacturerName>
      <ManufactureCountry>ישראל</ManufactureCountry>
      <ManufacturerItemDescription>גבינה למריחה 250 5%גרם גבוה</ManufacturerItemDescription>
      <UnitQty>גרמים</UnitQty>
      <Quantity>250.00</Quantity>
      <UnitOfMeasure>100 גרם</UnitOfMeasure>
      <bIsWeighted>0</bIsWeighted>
      <QtyInPackage>1</QtyInPackage>
      <ItemPrice>4.60</ItemPrice>
      <UnitOfMeasurePrice>1.8400</UnitOfMeasurePrice>
      <AllowDiscount>1</AllowDiscount>
      <ItemStatus>1</ItemStatus>
      <ItemId>4964</ItemId>
    </Item>
    <Item>
      <PriceUpdateDate>2016-02-11 07:45:26</PriceUpdateDate>
      <ItemCode>7290000048192</ItemCode>
      <ItemType>1</ItemType>
      <ItemName>גבינה            9%</ItemName>
      <ManufacturerName>תנובה מרכז שיתופי לש</ManufacturerName>
      <ManufactureCountry>ישראל</ManufactureCountry>
      <ManufacturerItemDescription>גבינה למריחה 250 9%גרם</ManufacturerItemDescription>
      <UnitQty>גרמים</UnitQty>
      <Quantity>250.00</Quantity>
      <UnitOfMeasure>100 גרם</UnitOfMeasure>
      <bIsWeighted>0</bIsWeighted>
      <QtyInPackage>1</QtyInPackage>
      <ItemPrice>4.60</ItemPrice>
      <UnitOfMeasurePrice>1.8400</UnitOfMeasurePrice>
      <AllowDiscount>1</AllowDiscount>
      <ItemStatus>1</ItemStatus>
      <ItemId>4965</ItemId>
    </Item>
    <Item>
      <PriceUpdateDate>2015-10-04 10:17:51</PriceUpdateDate>
      <ItemCode>7290000482019</ItemCode>
      <ItemType>1</ItemType>
      <ItemName>שקיות קוקי לצליה</ItemName>
      <ManufacturerName>ש.שסטוביץ</ManufacturerName>
      <ManufactureCountry>ישראל</ManufactureCountry>
      <ManufacturerItemDescription>קוקי לצליה 10 שקיות</ManufacturerItemDescription>
      <UnitQty>Unknown </UnitQty>
      <Quantity>0.00</Quantity>
      <UnitOfMeasure>Unknown </UnitOfMeasure>
      <bIsWeighted>0</bIsWeighted>
      <QtyInPackage>1</QtyInPackage>
      <ItemPrice>14.20</ItemPrice>
      <UnitOfMeasurePrice>0.0000</UnitOfMeasurePrice>
      <AllowDiscount>1</AllowDiscount>
      <ItemStatus>1</ItemStatus>
      <ItemId>4968</ItemId>
    </Item>
    <Item>
      <PriceUpdateDate>2015-10-04 10:17:51</PriceUpdateDate>
      <ItemCode>7290000482033</ItemCode>
      <ItemType>1</ItemType>
      <ItemName>שקיות קוקי ענק</ItemName>
      <ManufacturerName>ש.שסטוביץ</ManufacturerName>
      <ManufactureCountry>ישראל</ManufactureCountry>
      <ManufacturerItemDescription>קוקי ענק                              5</ManufacturerItemDescription>
      <UnitQty>Unknown </UnitQty>
      <Quantity>0.00</Quantity>
      <UnitOfMeasure>Unknown </UnitOfMeasure>
      <bIsWeighted>0</bIsWeighted>
      <QtyInPackage>1</QtyInPackage>
      <ItemPrice>14.20</ItemPrice>
      <UnitOfMeasurePrice>0.0000</UnitOfMeasurePrice>
      <AllowDiscount>1</AllowDiscount>
      <ItemStatus>1</ItemStatus>
      <ItemId>4970</ItemId>
    </Item>
    <Item>
      <PriceUpdateDate>2015-10-04 10:19:17</PriceUpdateDate>
      <ItemCode>7290000048437</ItemCode>
      <ItemType>1</ItemType>
      <ItemName>צפתית5% פיראוס</ItemName>
      <ManufacturerName>תנובה מרכז שיתופי לש</ManufacturerName>
      <ManufactureCountry>ישראל</ManufactureCountry>
      <ManufacturerItemDescription>גבינה צפתית 5% פיראוס200 גר            .</ManufacturerItemDescription>
      <UnitQty>גרמים</UnitQty>
      <Quantity>200.00</Quantity>
      <UnitOfMeasure>100 גרם</UnitOfMeasure>
      <bIsWeighted>0</bIsWeighted>
      <QtyInPackage>1</QtyInPackage>
      <ItemPrice>16.10</ItemPrice>
      <UnitOfMeasurePrice>8.0500</UnitOfMeasurePrice>
      <AllowDiscount>1</AllowDiscount>
      <ItemStatus>1</ItemStatus>
      <ItemId>4995</ItemId>
    </Item>
    <Item>
      <PriceUpdateDate>2015-09-17 14:02:28</PriceUpdateDate>
      <ItemCode>7290014534681</ItemCode>
      <ItemType>1</ItemType>
      <ItemName>לה פסטה 64 בורג 400</ItemName>
      <ManufacturerName>,</ManufacturerName>
      <ManufactureCountry>לא ידוע</ManufactureCountry>
      <ManufacturerItemDescription>לה פסטה 64 בורג 400 גר</ManufacturerItemDescription>
      <UnitQty>גרמים</UnitQty>
      <Quantity>400.00</Quantity>
      <UnitOfMeasure>100 גרם</UnitOfMeasure>
      <bIsWeighted>0</bIsWeighted>
      <QtyInPackage>1</QtyInPackage>
      <ItemPrice>4.00</ItemPrice>
      <UnitOfMeasurePrice>1.0000</UnitOfMeasurePrice>
      <AllowDiscount>1</AllowDiscount>
      <ItemStatus>1</ItemStatus>
      <ItemId>106131</ItemId>
    </Item>
    <Item>
      <PriceUpdateDate>2016-06-06 12:13:02</PriceUpdateDate>
      <ItemCode>7290005008184</ItemCode>
      <ItemType>1</ItemType>
      <ItemName>סבון נוזלי שקדים</ItemName>
      <ManufacturerName>COLGATE ($) -PALMOLI</ManufacturerName>
      <ManufactureCountry>טורקיה</ManufactureCountry>
      <ManufacturerItemDescription>פלמוליב סבון נוזלי שקדים            500</ManufacturerItemDescription>
      <UnitQty>מיליליטרים</UnitQty>
      <Quantity>500.00</Quantity>
      <UnitOfMeasure>100 מ"ל</UnitOfMeasure>
      <bIsWeighted>0</bIsWeighted>
      <QtyInPackage>1</QtyInPackage>
      <ItemPrice>22.90</ItemPrice>
      <UnitOfMeasurePrice>4.5800</UnitOfMeasurePrice>
      <AllowDiscount>1</AllowDiscount>
      <ItemStatus>1</ItemStatus>
      <ItemId>5287</ItemId>
    </Item>
    <Item>
      <PriceUpdateDate>2015-10-04 10:16:34</PriceUpdateDate>
      <ItemCode>5010182997253</ItemCode>
      <ItemType>1</ItemType>
      <ItemName>רייד קוטל חרקים</ItemName>
      <ManufacturerName>SC Jonson</ManufacturerName>
      <ManufactureCountry>הולנד</ManufactureCountry>
      <ManufacturerItemDescription>רייד מקס קוטל חרקים 300 מל</ManufacturerItemDescription>
      <UnitQty>מיליליטרים</UnitQty>
      <Quantity>300.00</Quantity>
      <UnitOfMeasure>100 מ"ל</UnitOfMeasure>
      <bIsWeighted>0</bIsWeighted>
      <QtyInPackage>1</QtyInPackage>
      <ItemPrice>18.70</ItemPrice>
      <UnitOfMeasurePrice>6.2333</UnitOfMeasurePrice>
      <AllowDiscount>1</AllowDiscount>
      <ItemStatus>1</ItemStatus>
      <ItemId>5306</ItemId>
    </Item>
    <Item>
      <PriceUpdateDate>2015-10-04 10:16:34</PriceUpdateDate>
      <ItemCode>5010182997680</ItemCode>
      <ItemType>1</ItemType>
      <ItemName>רייד קוטל נמלים</ItemName>
      <ManufacturerName>SC Jonson</ManufacturerName>
      <ManufactureCountry>הולנד</ManufactureCountry>
      <ManufacturerItemDescription>רייד קוטל נמלים 300 מל אדום</ManufacturerItemDescription>
      <UnitQty>מיליליטרים</UnitQty>
      <Quantity>300.00</Quantity>
      <UnitOfMeasure>100 מ"ל</UnitOfMeasure>
      <bIsWeighted>0</bIsWeighted>
      <QtyInPackage>1</QtyInPackage>
      <ItemPrice>18.70</ItemPrice>
      <UnitOfMeasurePrice>6.2333</UnitOfMeasurePrice>
      <AllowDiscount>1</AllowDiscount>
      <ItemStatus>1</ItemStatus>
      <ItemId>5310</ItemId>
    </Item>
    <Item>
      <PriceUpdateDate>2015-10-04 10:18:04</PriceUpdateDate>
      <ItemCode>5010677551281</ItemCode>
      <ItemType>1</ItemType>
      <ItemName>בקרדי בריזר לימון .</ItemName>
      <ManufacturerName>טמפו</ManufacturerName>
      <ManufactureCountry>גרמניה</ManufactureCountry>
      <ManufacturerItemDescription>בקרדי בריזר לימון 275 מל</ManufacturerItemDescription>
      <UnitQty>מיליליטרים</UnitQty>
      <Quantity>275.00</Quantity>
      <UnitOfMeasure>100 מ"ל</UnitOfMeasure>
      <bIsWeighted>0</bIsWeighted>
      <QtyInPackage>1</QtyInPackage>
      <ItemPrice>15.70</ItemPrice>
      <UnitOfMeasurePrice>5.7091</UnitOfMeasurePrice>
      <AllowDiscount>1</AllowDiscount>
      <ItemStatus>1</ItemStatus>
      <ItemId>5322</ItemId>
    </Item>
    <Item>
      <PriceUpdateDate>2015-10-04 10:18:04</PriceUpdateDate>
      <ItemCode>5010677552387</ItemCode>
      <ItemType>1</ItemType>
      <ItemName>בקרדי בריזר אננס .</ItemName>
      <ManufacturerName>טמפו</ManufacturerName>
      <ManufactureCountry>גרמניה</ManufactureCountry>
      <ManufacturerItemDescription>בקרדי בריזר אננס 275 מל</ManufacturerItemDescription>
      <UnitQty>מיליליטרים</UnitQty>
      <Quantity>275.00</Quantity>
      <UnitOfMeasure>100 מ"ל</UnitOfMeasure>
      <bIsWeighted>0</bIsWeighted>
      <QtyInPackage>1</QtyInPackage>
      <ItemPrice>15.70</ItemPrice>
      <UnitOfMeasurePrice>5.7091</UnitOfMeasurePrice>
      <AllowDiscount>1</AllowDiscount>
      <ItemStatus>1</ItemStatus>
      <ItemId>5323</ItemId>
    </Item>
    <Item>
      <PriceUpdateDate>2015-10-04 10:18:04</PriceUpdateDate>
      <ItemCode>5010677554398</ItemCode>
      <ItemType>1</ItemType>
      <ItemName>בקרדי בריזר אבטיח .</ItemName>
      <ManufacturerName>טמפו</ManufacturerName>
      <ManufactureCountry>גרמניה</ManufactureCountry>
      <ManufacturerItemDescription>בקרדי בריזר אבטיח 275 מל</ManufacturerItemDescription>
      <UnitQty>מיליליטרים</UnitQty>
      <Quantity>275.00</Quantity>
      <UnitOfMeasure>100 מ"ל</UnitOfMeasure>
      <bIsWeighted>0</bIsWeighted>
      <QtyInPackage>1</QtyInPackage>
      <ItemPrice>15.70</ItemPrice>
      <UnitOfMeasurePrice>5.7091</UnitOfMeasurePrice>
      <AllowDiscount>1</AllowDiscount>
      <ItemStatus>1</ItemStatus>
      <ItemId>5325</ItemId>
    </Item>
    <Item>
      <PriceUpdateDate>2015-01-01 00:00:00</PriceUpdateDate>
      <ItemCode>5014271370422</ItemCode>
      <ItemType>1</ItemType>
      <ItemName>מעדן אפרסק         .</ItemName>
      <ManufacturerName>סאנט דלפור</ManufacturerName>
      <ManufactureCountry>צרפת</ManufactureCountry>
      <ManufacturerItemDescription>מעדן אפרסק 284 גר</ManufacturerItemDescription>
      <UnitQty>גרמים</UnitQty>
      <Quantity>284.00</Quantity>
      <UnitOfMeasure>100 גרם</UnitOfMeasure>
      <bIsWeighted>0</bIsWeighted>
      <QtyInPackage>1</QtyInPackage>
      <ItemPrice>19.90</ItemPrice>
      <UnitOfMeasurePrice>7.0070</UnitOfMeasurePrice>
      <AllowDiscount>1</AllowDiscount>
      <ItemStatus>1</ItemStatus>
      <ItemId>5345</ItemId>
    </Item>
    <Item>
      <PriceUpdateDate>2015-10-04 10:18:27</PriceUpdateDate>
      <ItemCode>5029053510811</ItemCode>
      <ItemType>1</ItemType>
      <ItemName>קוטקס תחבושות נורמל</ItemName>
      <ManufacturerName>KC Turkey</ManufacturerName>
      <ManufactureCountry>טורקיה</ManufactureCountry>
      <ManufacturerItemDescription>קוטקס תחבושות נורמל+כנפ.28יח</ManufacturerItemDescription>
      <UnitQty>Unknown </UnitQty>
      <Quantity>0.00</Quantity>
      <UnitOfMeasure>Unknown </UnitOfMeasure>
      <bIsWeighted>0</bIsWeighted>
      <QtyInPackage>1</QtyInPackage>
      <ItemPrice>22.70</ItemPrice>
      <UnitOfMeasurePrice>0.0000</UnitOfMeasurePrice>
      <AllowDiscount>1</AllowDiscount>
      <ItemStatus>1</ItemStatus>
      <ItemId>5370</ItemId>
    </Item>
    <Item>
      <PriceUpdateDate>2015-01-01 00:00:00</PriceUpdateDate>
      <ItemCode>5029053510828</ItemCode>
      <ItemType>1</ItemType>
      <ItemName>קוטקס תחבושות סופר</ItemName>
      <ManufacturerName>KC Turkey</ManufacturerName>
      <ManufactureCountry>טורקיה</ManufactureCountry>
      <ManufacturerItemDescription>קוטקס תחבושות סופר+כנפ.24יח            .</ManufacturerItemDescription>
      <UnitQty>Unknown </UnitQty>
      <Quantity>0.00</Quantity>
      <UnitOfMeasure>Unknown </UnitOfMeasure>
      <bIsWeighted>0</bIsWeighted>
      <QtyInPackage>1</QtyInPackage>
      <ItemPrice>22.90</ItemPrice>
      <UnitOfMeasurePrice>0.0000</UnitOfMeasurePrice>
      <AllowDiscount>1</AllowDiscount>
      <ItemStatus>1</ItemStatus>
      <ItemId>5371</ItemId>
    </Item>
    <Item>
      <PriceUpdateDate>2015-10-04 10:16:43</PriceUpdateDate>
      <ItemCode>7290000504025</ItemCode>
      <ItemType>1</ItemType>
      <ItemName>ממתיק סוכרזית פיטריה</ItemName>
      <ManufacturerName>שטראוס גרופ</ManufacturerName>
      <ManufactureCountry>ישראל</ManufactureCountry>
      <ManufacturerItemDescription>ממתיק סוכרזית פיטריה300טבליו</ManufacturerItemDescription>
      <UnitQty>גרמים</UnitQty>
      <Quantity>25.00</Quantity>
      <UnitOfMeasure>100 גרם</UnitOfMeasure>
      <bIsWeighted>0</bIsWeighted>
      <QtyInPackage>1</QtyInPackage>
      <ItemPrice>9.80</ItemPrice>
      <UnitOfMeasurePrice>39.2000</UnitOfMeasurePrice>
      <AllowDiscount>1</AllowDiscount>
      <ItemStatus>1</ItemStatus>
      <ItemId>5385</ItemId>
    </Item>
    <Item>
      <PriceUpdateDate>2015-10-04 10:16:43</PriceUpdateDate>
      <ItemCode>7290000504278</ItemCode>
      <ItemType>1</ItemType>
      <ItemName>סוכרזית פטנט700 טבל.</ItemName>
      <ManufacturerName>שטראוס גרופ</ManufacturerName>
      <ManufactureCountry>ישראל</ManufactureCountry>
      <ManufacturerItemDescription>ממתיק סוכרזית פטנט700טב70 .גר          .</ManufacturerItemDescription>
      <UnitQty>גרמים</UnitQty>
      <Quantity>57.00</Quantity>
      <UnitOfMeasure>100 גרם</UnitOfMeasure>
      <bIsWeighted>0</bIsWeighted>
      <QtyInPackage>1</QtyInPackage>
      <ItemPrice>18.50</ItemPrice>
      <UnitOfMeasurePrice>32.4561</UnitOfMeasurePrice>
      <AllowDiscount>1</AllowDiscount>
      <ItemStatus>1</ItemStatus>
      <ItemId>5389</ItemId>
    </Item>
    <Item>
      <PriceUpdateDate>2015-08-03 07:55:58</PriceUpdateDate>
      <ItemCode>7290005068058</ItemCode>
      <ItemType>1</ItemType>
      <ItemName>תירס קל 550 גר</ItemName>
      <ManufacturerName>ויטה פרי גליל</ManufacturerName>
      <ManufactureCountry>ישראל</ManufactureCountry>
      <ManufacturerItemDescription>תירס קל 550 גר</ManufacturerItemDescription>
      <UnitQty>גרמים</UnitQty>
      <Quantity>550.00</Quantity>
      <UnitOfMeasure>100 גרם</UnitOfMeasure>
      <bIsWeighted>0</bIsWeighted>
      <QtyInPackage>1</QtyInPackage>
      <ItemPrice>8.40</ItemPrice>
      <UnitOfMeasurePrice>1.5273</UnitOfMeasurePrice>
      <AllowDiscount>1</AllowDiscount>
      <ItemStatus>1</ItemStatus>
      <ItemId>5405</ItemId>
    </Item>
    <Item>
      <PriceUpdateDate>2015-08-03 07:55:58</PriceUpdateDate>
      <ItemCode>7290005068447</ItemCode>
      <ItemType>1</ItemType>
      <ItemName>תירס קל פתח קל</ItemName>
      <ManufacturerName>ויטה פרי גליל</ManufacturerName>
      <ManufactureCountry>ישראל</ManufactureCountry>
      <ManufacturerItemDescription>תירס קל ואקום פתח-קל12 אנ</ManufacturerItemDescription>
      <UnitQty>גרמים</UnitQty>
      <Quantity>340.00</Quantity>
      <UnitOfMeasure>100 גרם</UnitOfMeasure>
      <bIsWeighted>0</bIsWeighted>
      <QtyInPackage>1</QtyInPackage>
      <ItemPrice>7.70</ItemPrice>
      <UnitOfMeasurePrice>2.2647</UnitOfMeasurePrice>
      <AllowDiscount>1</AllowDiscount>
      <ItemStatus>1</ItemStatus>
      <ItemId>5406</ItemId>
    </Item>
    <Item>
      <PriceUpdateDate>2015-10-04 10:18:00</PriceUpdateDate>
      <ItemCode>4009300526438</ItemCode>
      <ItemType>1</ItemType>
      <ItemName>תה ירוק קלאסי 30 גרם</ItemName>
      <ManufacturerName>TEEKANNE GMBH &amp; CO.</ManufacturerName>
      <ManufactureCountry>גרמניה</ManufactureCountry>
      <ManufacturerItemDescription>תה ירוק קלאסי 30 גרם</ManufacturerItemDescription>
      <UnitQty>גרמים</UnitQty>
      <Quantity>30.00</Quantity>
      <UnitOfMeasure>100 גרם</UnitOfMeasure>
      <bIsWeighted>0</bIsWeighted>
      <QtyInPackage>1</QtyInPackage>
      <ItemPrice>19.50</ItemPrice>
      <UnitOfMeasurePrice>65.0000</UnitOfMeasurePrice>
      <AllowDiscount>1</AllowDiscount>
      <ItemStatus>1</ItemStatus>
      <ItemId>99419</ItemId>
    </Item>
    <Item>
      <PriceUpdateDate>2015-10-04 10:16:43</PriceUpdateDate>
      <ItemCode>7290005174551</ItemCode>
      <ItemType>1</ItemType>
      <ItemName>סלט חומוס יום יום</ItemName>
      <ManufacturerName>שטראוס גרופ</ManufacturerName>
      <ManufactureCountry>ישראל</ManufactureCountry>
      <ManufacturerItemDescription>סלט חומוס יום יום 125  גר              .</ManufacturerItemDescription>
      <UnitQty>גרמים</UnitQty>
      <Quantity>125.00</Quantity>
      <UnitOfMeasure>100 גרם</UnitOfMeasure>
      <bIsWeighted>0</bIsWeighted>
      <QtyInPackage>1</QtyInPackage>
      <ItemPrice>5.50</ItemPrice>
      <UnitOfMeasurePrice>4.4000</UnitOfMeasurePrice>
      <AllowDiscount>1</AllowDiscount>
      <ItemStatus>1</ItemStatus>
      <ItemId>5448</ItemId>
    </Item>
    <Item>
      <PriceUpdateDate>2015-10-04 10:16:43</PriceUpdateDate>
      <ItemCode>7290005174575</ItemCode>
      <ItemType>1</ItemType>
      <ItemName>סלט טחינה יום יום</ItemName>
      <ManufacturerName>שטראוס גרופ</ManufacturerName>
      <ManufactureCountry>ישראל</ManufactureCountry>
      <ManufacturerItemDescription>סלט טחינה יום יום 125 גר               .</ManufacturerItemDescription>
      <UnitQty>גרמים</UnitQty>
      <Quantity>125.00</Quantity>
      <UnitOfMeasure>100 גרם</UnitOfMeasure>
      <bIsWeighted>0</bIsWeighted>
      <QtyInPackage>1</QtyInPackage>
      <ItemPrice>5.50</ItemPrice>
      <UnitOfMeasurePrice>4.4000</UnitOfMeasurePrice>
      <AllowDiscount>1</AllowDiscount>
      <ItemStatus>1</ItemStatus>
      <ItemId>5450</ItemId>
    </Item>
    <Item>
      <PriceUpdateDate>2016-03-14 08:07:53</PriceUpdateDate>
      <ItemCode>835811005322</ItemCode>
      <ItemType>1</ItemType>
      <ItemName>פחם דרום אמריקאי משו</ItemName>
      <ManufacturerName>BRICAPER</ManufacturerName>
      <ManufactureCountry>דרום אמריקה</ManufactureCountry>
      <ManufacturerItemDescription>פחם דרום אמריקאי משובח</ManufacturerItemDescription>
      <UnitQty>קילוגרמים</UnitQty>
      <Quantity>2.00</Quantity>
      <UnitOfMeasure>ק"ג</UnitOfMeasure>
      <bIsWeighted>0</bIsWeighted>
      <QtyInPackage>1</QtyInPackage>
      <ItemPrice>20.90</ItemPrice>
      <UnitOfMeasurePrice>10.4500</UnitOfMeasurePrice>
      <AllowDiscount>1</AllowDiscount>
      <ItemStatus>1</ItemStatus>
      <ItemId>93073</ItemId>
    </Item>
    <Item>
      <PriceUpdateDate>2015-10-04 10:16:43</PriceUpdateDate>
      <ItemCode>7290005199622</ItemCode>
      <ItemType>1</ItemType>
      <ItemName>ביסקוויט מריר 200 גר</ItemName>
      <ManufacturerName>שטראוס גרופ</ManufacturerName>
      <ManufactureCountry>ישראל</ManufactureCountry>
      <ManufacturerItemDescription>ביסקוויט מריר  200 גר</ManufacturerItemDescription>
      <UnitQty>גרמים</UnitQty>
      <Quantity>200.00</Quantity>
      <UnitOfMeasure>100 גרם</UnitOfMeasure>
      <bIsWeighted>0</bIsWeighted>
      <QtyInPackage>1</QtyInPackage>
      <ItemPrice>15.20</ItemPrice>
      <UnitOfMeasurePrice>7.6000</UnitOfMeasurePrice>
      <AllowDiscount>1</AllowDiscount>
      <ItemStatus>1</ItemStatus>
      <ItemId>5479</ItemId>
    </Item>
    <Item>
      <PriceUpdateDate>2015-08-12 10:25:03</PriceUpdateDate>
      <ItemCode>7290005199738</ItemCode>
      <ItemType>1</ItemType>
      <ItemName>מסטיק מאסט ציקלטס</ItemName>
      <ManufacturerName>שטראוס גרופ</ManufacturerName>
      <ManufactureCountry>ישראל</ManufactureCountry>
      <ManufacturerItemDescription>מסטיק מאסט ריח פה פפרמינט28 גר</ManufacturerItemDescription>
      <UnitQty>Unknown </UnitQty>
      <Quantity>0.00</Quantity>
      <UnitOfMeasure>Unknown </UnitOfMeasure>
      <bIsWeighted>0</bIsWeighted>
      <QtyInPackage>1</QtyInPackage>
      <ItemPrice>4.50</ItemPrice>
      <UnitOfMeasurePrice>0.0000</UnitOfMeasurePrice>
      <AllowDiscount>1</AllowDiscount>
      <ItemStatus>1</ItemStatus>
      <ItemId>5480</ItemId>
    </Item>
    <Item>
      <PriceUpdateDate>2015-08-12 10:24:35</PriceUpdateDate>
      <ItemCode>7290005200786</ItemCode>
      <ItemType>1</ItemType>
      <ItemName>תפוציפס שמנת ובצל</ItemName>
      <ManufacturerName>שטראוס גרופ</ManufacturerName>
      <ManufactureCountry>ישראל</ManufactureCountry>
      <ManufacturerItemDescription>תפוציפס טעם שמנת ובצל50 גר</ManufacturerItemDescription>
      <UnitQty>גרמים</UnitQty>
      <Quantity>50.00</Quantity>
      <UnitOfMeasure>100 גרם</UnitOfMeasure>
      <bIsWeighted>0</bIsWeighted>
      <QtyInPackage>1</QtyInPackage>
      <ItemPrice>4.20</ItemPrice>
      <UnitOfMeasurePrice>8.4000</UnitOfMeasurePrice>
      <AllowDiscount>1</AllowDiscount>
      <ItemStatus>1</ItemStatus>
      <ItemId>5486</ItemId>
    </Item>
    <Item>
      <PriceUpdateDate>2015-10-04 10:16:43</PriceUpdateDate>
      <ItemCode>7290005200908</ItemCode>
      <ItemType>1</ItemType>
      <ItemName>שוקולד פרה קראנצ</ItemName>
      <ManufacturerName>שטראוס גרופ</ManufacturerName>
      <ManufactureCountry>ישראל</ManufactureCountry>
      <ManufacturerItemDescription>ביסקויט קראנצ שוקולד 100 גרם</ManufacturerItemDescription>
      <UnitQty>גרמים</UnitQty>
      <Quantity>100.00</Quantity>
      <UnitOfMeasure>100 גרם</UnitOfMeasure>
      <bIsWeighted>0</bIsWeighted>
      <QtyInPackage>1</QtyInPackage>
      <ItemPrice>6.40</ItemPrice>
      <UnitOfMeasurePrice>6.4000</UnitOfMeasurePrice>
      <AllowDiscount>1</AllowDiscount>
      <ItemStatus>1</ItemStatus>
      <ItemId>5487</ItemId>
    </Item>
    <Item>
      <PriceUpdateDate>2015-08-03 07:56:01</PriceUpdateDate>
      <ItemCode>7290003423909</ItemCode>
      <ItemType>1</ItemType>
      <ItemName>קוקיז אנד קרים</ItemName>
      <ManufacturerName>הרשי</ManufacturerName>
      <ManufactureCountry>לא ידוע</ManufactureCountry>
      <ManufacturerItemDescription>קוקיז אנד קרים 43 גרם</ManufacturerItemDescription>
      <UnitQty>גרמים</UnitQty>
      <Quantity>43.00</Quantity>
      <UnitOfMeasure>100 גרם</UnitOfMeasure>
      <bIsWeighted>0</bIsWeighted>
      <QtyInPackage>1</QtyInPackage>
      <ItemPrice>5.30</ItemPrice>
      <UnitOfMeasurePrice>12.3256</UnitOfMeasurePrice>
      <AllowDiscount>1</AllowDiscount>
      <ItemStatus>1</ItemStatus>
      <ItemId>94363</ItemId>
    </Item>
    <Item>
      <PriceUpdateDate>2015-10-04 10:19:14</PriceUpdateDate>
      <ItemCode>5201184021934</ItemCode>
      <ItemType>1</ItemType>
      <ItemName>נר זיקוק</ItemName>
      <ManufacturerName>יושלם</ManufacturerName>
      <ManufactureCountry>יושלם</ManufactureCountry>
      <ManufacturerItemDescription>נר זיקוק</ManufacturerItemDescription>
      <UnitQty>Unknown </UnitQty>
      <Quantity>0.00</Quantity>
      <UnitOfMeasure>Unknown </UnitOfMeasure>
      <bIsWeighted>0</bIsWeighted>
      <QtyInPackage>1</QtyInPackage>
      <ItemPrice>5.90</ItemPrice>
      <UnitOfMeasurePrice>0.0000</UnitOfMeasurePrice>
      <AllowDiscount>1</AllowDiscount>
      <ItemStatus>1</ItemStatus>
      <ItemId>5501</ItemId>
    </Item>
    <Item>
      <PriceUpdateDate>2015-01-01 00:00:00</PriceUpdateDate>
      <ItemCode>5201184066508</ItemCode>
      <ItemType>1</ItemType>
      <ItemName>נר מספר 8</ItemName>
      <ManufacturerName>שמחה</ManufacturerName>
      <ManufactureCountry>סין</ManufactureCountry>
      <ManufacturerItemDescription>נר מספר</ManufacturerItemDescription>
      <UnitQty>Unknown </UnitQty>
      <Quantity>0.00</Quantity>
      <UnitOfMeasure>Unknown </UnitOfMeasure>
      <bIsWeighted>0</bIsWeighted>
      <QtyInPackage>1</QtyInPackage>
      <ItemPrice>3.40</ItemPrice>
      <UnitOfMeasurePrice>0.0000</UnitOfMeasurePrice>
      <AllowDiscount>1</AllowDiscount>
      <ItemStatus>1</ItemStatus>
      <ItemId>5515</ItemId>
    </Item>
    <Item>
      <PriceUpdateDate>2015-08-12 10:25:04</PriceUpdateDate>
      <ItemCode>7290005201882</ItemCode>
      <ItemType>1</ItemType>
      <ItemName>קפה טורקי בצלופן</ItemName>
      <ManufacturerName>שטראוס גרופ</ManufacturerName>
      <ManufactureCountry>ישראל</ManufactureCountry>
      <ManufacturerItemDescription>קפה טורקי בצלופן 200 גרם</ManufacturerItemDescription>
      <UnitQty>גרמים</UnitQty>
      <Quantity>200.00</Quantity>
      <UnitOfMeasure>100 גרם</UnitOfMeasure>
      <bIsWeighted>0</bIsWeighted>
      <QtyInPackage>1</QtyInPackage>
      <ItemPrice>18.70</ItemPrice>
      <UnitOfMeasurePrice>9.3500</UnitOfMeasurePrice>
      <AllowDiscount>1</AllowDiscount>
      <ItemStatus>1</ItemStatus>
      <ItemId>5525</ItemId>
    </Item>
    <Item>
      <PriceUpdateDate>2016-03-15 07:44:34</PriceUpdateDate>
      <ItemCode>7290000521008</ItemCode>
      <ItemType>1</ItemType>
      <ItemName>יין של סגל אדום</ItemName>
      <ManufacturerName>ברקן סגל</ManufacturerName>
      <ManufactureCountry>ישראל</ManufactureCountry>
      <ManufacturerItemDescription>יין של סגל אדום יבש750 מל</ManufacturerItemDescription>
      <UnitQty>מיליליטרים</UnitQty>
      <Quantity>750.00</Quantity>
      <UnitOfMeasure>100 מ"ל</UnitOfMeasure>
      <bIsWeighted>0</bIsWeighted>
      <QtyInPackage>1</QtyInPackage>
      <ItemPrice>25.60</ItemPrice>
      <UnitOfMeasurePrice>3.4133</UnitOfMeasurePrice>
      <AllowDiscount>1</AllowDiscount>
      <ItemStatus>1</ItemStatus>
      <ItemId>5549</ItemId>
    </Item>
    <Item>
      <PriceUpdateDate>2015-10-04 10:18:04</PriceUpdateDate>
      <ItemCode>7290000521015</ItemCode>
      <ItemType>1</ItemType>
      <ItemName>יין של סגל לבן יבש</ItemName>
      <ManufacturerName>ברקן סגל</ManufacturerName>
      <ManufactureCountry>ישראל</ManufactureCountry>
      <ManufacturerItemDescription>יין של סגל לבן יבש 750 מל</ManufacturerItemDescription>
      <UnitQty>מיליליטרים</UnitQty>
      <Quantity>750.00</Quantity>
      <UnitOfMeasure>100 מ"ל</UnitOfMeasure>
      <bIsWeighted>0</bIsWeighted>
      <QtyInPackage>1</QtyInPackage>
      <ItemPrice>25.60</ItemPrice>
      <UnitOfMeasurePrice>3.4133</UnitOfMeasurePrice>
      <AllowDiscount>1</AllowDiscount>
      <ItemStatus>1</ItemStatus>
      <ItemId>5550</ItemId>
    </Item>
    <Item>
      <PriceUpdateDate>2016-03-15 07:44:34</PriceUpdateDate>
      <ItemCode>7290000521022</ItemCode>
      <ItemType>1</ItemType>
      <ItemName>יין של סגל לבן ח.יבש</ItemName>
      <ManufacturerName>ברקן סגל</ManufacturerName>
      <ManufactureCountry>ישראל</ManufactureCountry>
      <ManufacturerItemDescription>יין של סגל לבן חצי יבש 750 מל</ManufacturerItemDescription>
      <UnitQty>מיליליטרים</UnitQty>
      <Quantity>750.00</Quantity>
      <UnitOfMeasure>100 מ"ל</UnitOfMeasure>
      <bIsWeighted>0</bIsWeighted>
      <QtyInPackage>1</QtyInPackage>
      <ItemPrice>25.60</ItemPrice>
      <UnitOfMeasurePrice>3.4133</UnitOfMeasurePrice>
      <AllowDiscount>1</AllowDiscount>
      <ItemStatus>1</ItemStatus>
      <ItemId>5551</ItemId>
    </Item>
    <Item>
      <PriceUpdateDate>2015-01-01 00:00:00</PriceUpdateDate>
      <ItemCode>7290000523125</ItemCode>
      <ItemType>1</ItemType>
      <ItemName>מלח ים יבש 250 גר</ItemName>
      <ManufacturerName>ויסוצקי</ManufacturerName>
      <ManufactureCountry>ישראל</ManufactureCountry>
      <ManufacturerItemDescription>מלח ים יבש 250 גר                      .</ManufacturerItemDescription>
      <UnitQty>גרמים</UnitQty>
      <Quantity>250.00</Quantity>
      <UnitOfMeasure>100 גרם</UnitOfMeasure>
      <bIsWeighted>0</bIsWeighted>
      <QtyInPackage>1</QtyInPackage>
      <ItemPrice>6.40</ItemPrice>
      <UnitOfMeasurePrice>2.5600</UnitOfMeasurePrice>
      <AllowDiscount>1</AllowDiscount>
      <ItemStatus>1</ItemStatus>
      <ItemId>5623</ItemId>
    </Item>
    <Item>
      <PriceUpdateDate>2015-07-26 09:40:13</PriceUpdateDate>
      <ItemCode>7290000523224</ItemCode>
      <ItemType>1</ItemType>
      <ItemName>מלח ים יבש</ItemName>
      <ManufacturerName>מלח הארץ אילת בע"מ</ManufacturerName>
      <ManufactureCountry>ישראל</ManufactureCountry>
      <ManufacturerItemDescription>מלח ים יבש 500 גר                      .</ManufacturerItemDescription>
      <UnitQty>גרמים</UnitQty>
      <Quantity>500.00</Quantity>
      <UnitOfMeasure>100 גרם</UnitOfMeasure>
      <bIsWeighted>0</bIsWeighted>
      <QtyInPackage>1</QtyInPackage>
      <ItemPrice>8.40</ItemPrice>
      <UnitOfMeasurePrice>1.6800</UnitOfMeasurePrice>
      <AllowDiscount>1</AllowDiscount>
      <ItemStatus>1</ItemStatus>
      <ItemId>5628</ItemId>
    </Item>
    <Item>
      <PriceUpdateDate>2015-10-04 10:18:44</PriceUpdateDate>
      <ItemCode>7290000523514</ItemCode>
      <ItemType>1</ItemType>
      <ItemName>מלח ים יבש מופחת</ItemName>
      <ManufacturerName>מלח הארץ אילת בע"מ</ManufacturerName>
      <ManufactureCountry>ישראל</ManufactureCountry>
      <ManufacturerItemDescription>מלח ים יבש מופחת נתרן250 גר            .</ManufacturerItemDescription>
      <UnitQty>גרמים</UnitQty>
      <Quantity>250.00</Quantity>
      <UnitOfMeasure>100 גרם</UnitOfMeasure>
      <bIsWeighted>0</bIsWeighted>
      <QtyInPackage>1</QtyInPackage>
      <ItemPrice>11.80</ItemPrice>
      <UnitOfMeasurePrice>4.7200</UnitOfMeasurePrice>
      <AllowDiscount>1</AllowDiscount>
      <ItemStatus>1</ItemStatus>
      <ItemId>5631</ItemId>
    </Item>
    <Item>
      <PriceUpdateDate>2015-10-04 10:18:44</PriceUpdateDate>
      <ItemCode>7290000523521</ItemCode>
      <ItemType>1</ItemType>
      <ItemName>מלח ים מועשר ביוד</ItemName>
      <ManufacturerName>מלח הארץ אילת בע"מ</ManufacturerName>
      <ManufactureCountry>ישראל</ManufactureCountry>
      <ManufacturerItemDescription>מלח ים מועשר ביוד 250 גר               "</ManufacturerItemDescription>
      <UnitQty>גרמים</UnitQty>
      <Quantity>250.00</Quantity>
      <UnitOfMeasure>100 גרם</UnitOfMeasure>
      <bIsWeighted>0</bIsWeighted>
      <QtyInPackage>1</QtyInPackage>
      <ItemPrice>6.80</ItemPrice>
      <UnitOfMeasurePrice>2.7200</UnitOfMeasurePrice>
      <AllowDiscount>1</AllowDiscount>
      <ItemStatus>1</ItemStatus>
      <ItemId>5632</ItemId>
    </Item>
    <Item>
      <PriceUpdateDate>2015-10-04 10:16:43</PriceUpdateDate>
      <ItemCode>7290000525969</ItemCode>
      <ItemType>1</ItemType>
      <ItemName>מיץ תפוזים סחוט</ItemName>
      <ManufacturerName>שטראוס גרופ</ManufacturerName>
      <ManufactureCountry>ישראל</ManufactureCountry>
      <ManufacturerItemDescription>מיץ סחוט תפוזים 1 ל                    .</ManufacturerItemDescription>
      <UnitQty>ליטרים</UnitQty>
      <Quantity>1.00</Quantity>
      <UnitOfMeasure>ליטר</UnitOfMeasure>
      <bIsWeighted>0</bIsWeighted>
      <QtyInPackage>1</QtyInPackage>
      <ItemPrice>15.70</ItemPrice>
      <UnitOfMeasurePrice>15.7000</UnitOfMeasurePrice>
      <AllowDiscount>1</AllowDiscount>
      <ItemStatus>1</ItemStatus>
      <ItemId>5645</ItemId>
    </Item>
    <Item>
      <PriceUpdateDate>2015-07-30 12:18:38</PriceUpdateDate>
      <ItemCode>5410126716016</ItemCode>
      <ItemType>1</ItemType>
      <ItemName>ביסקוויט בטעם קרמל</ItemName>
      <ManufacturerName>לוטוס ביקרי נ.וי.</ManufacturerName>
      <ManufactureCountry>בלגיה</ManufactureCountry>
      <ManufacturerItemDescription>ביסקוויט טעם קרמל250 גר                .</ManufacturerItemDescription>
      <UnitQty>גרמים</UnitQty>
      <Quantity>250.00</Quantity>
      <UnitOfMeasure>100 גרם</UnitOfMeasure>
      <bIsWeighted>0</bIsWeighted>
      <QtyInPackage>1</QtyInPackage>
      <ItemPrice>11.90</ItemPrice>
      <UnitOfMeasurePrice>4.7600</UnitOfMeasurePrice>
      <AllowDiscount>1</AllowDiscount>
      <ItemStatus>1</ItemStatus>
      <ItemId>5851</ItemId>
    </Item>
    <Item>
      <PriceUpdateDate>2015-10-04 10:18:12</PriceUpdateDate>
      <ItemCode>5410228141266</ItemCode>
      <ItemType>1</ItemType>
      <ItemName>בירה סטלה בקבוק</ItemName>
      <ManufacturerName>קרלסברג יבוא יצוא</ManufacturerName>
      <ManufactureCountry>ישראל</ManufactureCountry>
      <ManufacturerItemDescription>בירה סטלה ארטואה בקבוק 330 מ"ל</ManufacturerItemDescription>
      <UnitQty>מיליליטרים</UnitQty>
      <Quantity>330.00</Quantity>
      <UnitOfMeasure>100 מ"ל</UnitOfMeasure>
      <bIsWeighted>0</bIsWeighted>
      <QtyInPackage>1</QtyInPackage>
      <ItemPrice>10.70</ItemPrice>
      <UnitOfMeasurePrice>3.2424</UnitOfMeasurePrice>
      <AllowDiscount>1</AllowDiscount>
      <ItemStatus>1</ItemStatus>
      <ItemId>5852</ItemId>
    </Item>
    <Item>
      <PriceUpdateDate>2015-10-04 10:17:33</PriceUpdateDate>
      <ItemCode>7290005418709</ItemCode>
      <ItemType>1</ItemType>
      <ItemName>פרו בוט.ק.לחות+הזנה</ItemName>
      <ManufacturerName>אמיליה קוסמטיקס</ManufacturerName>
      <ManufactureCountry>ישראל</ManufactureCountry>
      <ManufacturerItemDescription>קרם לחות במרקם גל לקיבוע          GO C</ManufacturerItemDescription>
      <UnitQty>מיליליטרים</UnitQty>
      <Quantity>400.00</Quantity>
      <UnitOfMeasure>100 מ"ל</UnitOfMeasure>
      <bIsWeighted>0</bIsWeighted>
      <QtyInPackage>1</QtyInPackage>
      <ItemPrice>26.00</ItemPrice>
      <UnitOfMeasurePrice>6.5000</UnitOfMeasurePrice>
      <AllowDiscount>1</AllowDiscount>
      <ItemStatus>1</ItemStatus>
      <ItemId>5884</ItemId>
    </Item>
    <Item>
      <PriceUpdateDate>2015-10-07 14:27:21</PriceUpdateDate>
      <ItemCode>7290005418907</ItemCode>
      <ItemType>1</ItemType>
      <ItemName>גיל אקסטרים שפיצים</ItemName>
      <ManufacturerName>אמיליה קוסמטיקס</ManufacturerName>
      <ManufactureCountry>לא ידוע</ManufactureCountry>
      <ManufacturerItemDescription>גל לעיצוב שפיצים 500מל</ManufacturerItemDescription>
      <UnitQty>מיליליטרים</UnitQty>
      <Quantity>500.00</Quantity>
      <UnitOfMeasure>100 מ"ל</UnitOfMeasure>
      <bIsWeighted>0</bIsWeighted>
      <QtyInPackage>1</QtyInPackage>
      <ItemPrice>16.20</ItemPrice>
      <UnitOfMeasurePrice>3.2400</UnitOfMeasurePrice>
      <AllowDiscount>1</AllowDiscount>
      <ItemStatus>1</ItemStatus>
      <ItemId>5890</ItemId>
    </Item>
    <Item>
      <PriceUpdateDate>2015-10-04 10:17:33</PriceUpdateDate>
      <ItemCode>7290005423420</ItemCode>
      <ItemType>1</ItemType>
      <ItemName>משמיד עש מבושם 2 יח</ItemName>
      <ManufacturerName>סנו</ManufacturerName>
      <ManufactureCountry>איטליה</ManufactureCountry>
      <ManufacturerItemDescription>משמיד עש מבושם 2 יח                    .</ManufacturerItemDescription>
      <UnitQty>Unknown </UnitQty>
      <Quantity>0.00</Quantity>
      <UnitOfMeasure>Unknown </UnitOfMeasure>
      <bIsWeighted>0</bIsWeighted>
      <QtyInPackage>1</QtyInPackage>
      <ItemPrice>23.60</ItemPrice>
      <UnitOfMeasurePrice>0.0000</UnitOfMeasurePrice>
      <AllowDiscount>1</AllowDiscount>
      <ItemStatus>1</ItemStatus>
      <ItemId>5901</ItemId>
    </Item>
    <Item>
      <PriceUpdateDate>2015-10-04 10:17:33</PriceUpdateDate>
      <ItemCode>7290005423505</ItemCode>
      <ItemType>1</ItemType>
      <ItemName>מי פה אורביטול</ItemName>
      <ManufacturerName>קוסמופארם</ManufacturerName>
      <ManufactureCountry>ישראל</ManufactureCountry>
      <ManufacturerItemDescription>אורביטול מי פה להלבנה500 מל            .</ManufacturerItemDescription>
      <UnitQty>מיליליטרים</UnitQty>
      <Quantity>500.00</Quantity>
      <UnitOfMeasure>100 מ"ל</UnitOfMeasure>
      <bIsWeighted>0</bIsWeighted>
      <QtyInPackage>1</QtyInPackage>
      <ItemPrice>22.70</ItemPrice>
      <UnitOfMeasurePrice>4.5400</UnitOfMeasurePrice>
      <AllowDiscount>1</AllowDiscount>
      <ItemStatus>1</ItemStatus>
      <ItemId>5903</ItemId>
    </Item>
    <Item>
      <PriceUpdateDate>2015-10-04 10:17:33</PriceUpdateDate>
      <ItemCode>7290005423543</ItemCode>
      <ItemType>1</ItemType>
      <ItemName>אורביטול משחה מלבינה</ItemName>
      <ManufacturerName>טרופיקל דגיל</ManufacturerName>
      <ManufactureCountry>ישראל</ManufactureCountry>
      <ManufacturerItemDescription>אורביטול מש.שיניים מלבינה          145</ManufacturerItemDescription>
      <UnitQty>גרמים</UnitQty>
      <Quantity>145.00</Quantity>
      <UnitOfMeasure>100 גרם</UnitOfMeasure>
      <bIsWeighted>0</bIsWeighted>
      <QtyInPackage>1</QtyInPackage>
      <ItemPrice>11.80</ItemPrice>
      <UnitOfMeasurePrice>8.1379</UnitOfMeasurePrice>
      <AllowDiscount>1</AllowDiscount>
      <ItemStatus>1</ItemStatus>
      <ItemId>5904</ItemId>
    </Item>
    <Item>
      <PriceUpdateDate>2015-10-04 10:16:47</PriceUpdateDate>
      <ItemCode>7290012697081</ItemCode>
      <ItemType>1</ItemType>
      <ItemName>סטיוויה 100 שקיות</ItemName>
      <ManufacturerName>סוכרזית בע"מ</ManufacturerName>
      <ManufactureCountry>ישראל</ManufactureCountry>
      <ManufacturerItemDescription>סטיוויה 100 שקיות</ManufacturerItemDescription>
      <UnitQty>גרמים</UnitQty>
      <Quantity>100.00</Quantity>
      <UnitOfMeasure>100 גרם</UnitOfMeasure>
      <bIsWeighted>0</bIsWeighted>
      <QtyInPackage>1</QtyInPackage>
      <ItemPrice>33.50</ItemPrice>
      <UnitOfMeasurePrice>33.5000</UnitOfMeasurePrice>
      <AllowDiscount>1</AllowDiscount>
      <ItemStatus>1</ItemStatus>
      <ItemId>79624</ItemId>
    </Item>
    <Item>
      <PriceUpdateDate>2015-10-04 10:17:33</PriceUpdateDate>
      <ItemCode>7290005423635</ItemCode>
      <ItemType>1</ItemType>
      <ItemName>ריצפז דוחה תיקנים</ItemName>
      <ManufacturerName>סנו</ManufacturerName>
      <ManufactureCountry>ישראל</ManufactureCountry>
      <ManufacturerItemDescription>ריצפז דוחה תיקנים 2 ל</ManufacturerItemDescription>
      <UnitQty>ליטרים</UnitQty>
      <Quantity>2.00</Quantity>
      <UnitOfMeasure>ליטר</UnitOfMeasure>
      <bIsWeighted>0</bIsWeighted>
      <QtyInPackage>1</QtyInPackage>
      <ItemPrice>26.60</ItemPrice>
      <UnitOfMeasurePrice>13.3000</UnitOfMeasurePrice>
      <AllowDiscount>1</AllowDiscount>
      <ItemStatus>1</ItemStatus>
      <ItemId>5907</ItemId>
    </Item>
    <Item>
      <PriceUpdateDate>2015-10-04 10:17:33</PriceUpdateDate>
      <ItemCode>7290005423734</ItemCode>
      <ItemType>1</ItemType>
      <ItemName>מרכך כביסה אולטראפרש</ItemName>
      <ManufacturerName>סנו</ManufacturerName>
      <ManufactureCountry>לא ידוע</ManufactureCountry>
      <ManufacturerItemDescription>מרכך כביסה מקסימה אולטראפרש           4</ManufacturerItemDescription>
      <UnitQty>ליטרים</UnitQty>
      <Quantity>4.00</Quantity>
      <UnitOfMeasure>ליטר</UnitOfMeasure>
      <bIsWeighted>0</bIsWeighted>
      <QtyInPackage>1</QtyInPackage>
      <ItemPrice>21.70</ItemPrice>
      <UnitOfMeasurePrice>5.4250</UnitOfMeasurePrice>
      <AllowDiscount>1</AllowDiscount>
      <ItemStatus>1</ItemStatus>
      <ItemId>5909</ItemId>
    </Item>
    <Item>
      <PriceUpdateDate>2015-10-04 10:17:33</PriceUpdateDate>
      <ItemCode>7290005423833</ItemCode>
      <ItemType>1</ItemType>
      <ItemName>לרצפה פוליויקס פרקט</ItemName>
      <ManufacturerName>סנו</ManufacturerName>
      <ManufactureCountry>ישראל</ManufactureCountry>
      <ManufacturerItemDescription>לרצפה פוליויקס פרקט 2 ל                .</ManufacturerItemDescription>
      <UnitQty>ליטרים</UnitQty>
      <Quantity>2.00</Quantity>
      <UnitOfMeasure>ליטר</UnitOfMeasure>
      <bIsWeighted>0</bIsWeighted>
      <QtyInPackage>1</QtyInPackage>
      <ItemPrice>35.50</ItemPrice>
      <UnitOfMeasurePrice>17.7500</UnitOfMeasurePrice>
      <AllowDiscount>1</AllowDiscount>
      <ItemStatus>1</ItemStatus>
      <ItemId>5910</ItemId>
    </Item>
    <Item>
      <PriceUpdateDate>2016-01-17 13:33:10</PriceUpdateDate>
      <ItemCode>7290005425196</ItemCode>
      <ItemType>1</ItemType>
      <ItemName>אבק.כביסה מקסימה סנס</ItemName>
      <ManufacturerName>סנו</ManufacturerName>
      <ManufactureCountry>ישראל</ManufactureCountry>
      <ManufacturerItemDescription>אבק.כביסה מקסימה סנסטיב2.5 קג</ManufacturerItemDescription>
      <UnitQty>קילוגרמים</UnitQty>
      <Quantity>2.50</Quantity>
      <UnitOfMeasure>ק"ג</UnitOfMeasure>
      <bIsWeighted>0</bIsWeighted>
      <QtyInPackage>1</QtyInPackage>
      <ItemPrice>25.60</ItemPrice>
      <UnitOfMeasurePrice>10.2400</UnitOfMeasurePrice>
      <AllowDiscount>1</AllowDiscount>
      <ItemStatus>1</ItemStatus>
      <ItemId>5931</ItemId>
    </Item>
    <Item>
      <PriceUpdateDate>2015-01-01 00:00:00</PriceUpdateDate>
      <ItemCode>7290005425646</ItemCode>
      <ItemType>1</ItemType>
      <ItemName>לחלונות סנוקליר אקדח</ItemName>
      <ManufacturerName>סנו</ManufacturerName>
      <ManufactureCountry>ישראל</ManufactureCountry>
      <ManufacturerItemDescription>סנוקליר חלונות 1 ל</ManufacturerItemDescription>
      <UnitQty>ליטרים</UnitQty>
      <Quantity>1.00</Quantity>
      <UnitOfMeasure>ליטר</UnitOfMeasure>
      <bIsWeighted>0</bIsWeighted>
      <QtyInPackage>1</QtyInPackage>
      <ItemPrice>11.90</ItemPrice>
      <UnitOfMeasurePrice>11.9000</UnitOfMeasurePrice>
      <AllowDiscount>1</AllowDiscount>
      <ItemStatus>1</ItemStatus>
      <ItemId>5934</ItemId>
    </Item>
    <Item>
      <PriceUpdateDate>2015-10-04 10:17:34</PriceUpdateDate>
      <ItemCode>7290005426230</ItemCode>
      <ItemType>1</ItemType>
      <ItemName>מטלית הפלא לרצפה</ItemName>
      <ManufacturerName>N.S.</ManufacturerName>
      <ManufactureCountry>סין</ManufactureCountry>
      <ManufacturerItemDescription>מטלית הפלא לרצפה סנו סושי</ManufacturerItemDescription>
      <UnitQty>Unknown </UnitQty>
      <Quantity>0.00</Quantity>
      <UnitOfMeasure>Unknown </UnitOfMeasure>
      <bIsWeighted>0</bIsWeighted>
      <QtyInPackage>1</QtyInPackage>
      <ItemPrice>10.80</ItemPrice>
      <UnitOfMeasurePrice>0.0000</UnitOfMeasurePrice>
      <AllowDiscount>1</AllowDiscount>
      <ItemStatus>1</ItemStatus>
      <ItemId>5943</ItemId>
    </Item>
    <Item>
      <PriceUpdateDate>2015-10-04 10:17:34</PriceUpdateDate>
      <ItemCode>7290005426568</ItemCode>
      <ItemType>1</ItemType>
      <ItemName>קרמה לחות לשיער רגיל</ItemName>
      <ManufacturerName>קוסמופארם</ManufacturerName>
      <ManufactureCountry>לא ידוע</ManufactureCountry>
      <ManufacturerItemDescription>קרמה לחות ללא שטיפה לשיער רגיל</ManufacturerItemDescription>
      <UnitQty>מיליליטרים</UnitQty>
      <Quantity>400.00</Quantity>
      <UnitOfMeasure>100 מ"ל</UnitOfMeasure>
      <bIsWeighted>0</bIsWeighted>
      <QtyInPackage>1</QtyInPackage>
      <ItemPrice>20.70</ItemPrice>
      <UnitOfMeasurePrice>5.1750</UnitOfMeasurePrice>
      <AllowDiscount>1</AllowDiscount>
      <ItemStatus>1</ItemStatus>
      <ItemId>5948</ItemId>
    </Item>
    <Item>
      <PriceUpdateDate>2015-10-04 10:17:34</PriceUpdateDate>
      <ItemCode>7290005426964</ItemCode>
      <ItemType>1</ItemType>
      <ItemName>סנובון לאסלה כחול</ItemName>
      <ManufacturerName>סנו</ManufacturerName>
      <ManufactureCountry>ישראל</ManufactureCountry>
      <ManufacturerItemDescription>סנובון לאסלה כחול אפרסק             3\1</ManufacturerItemDescription>
      <UnitQty>גרמים</UnitQty>
      <Quantity>165.00</Quantity>
      <UnitOfMeasure>100 גרם</UnitOfMeasure>
      <bIsWeighted>0</bIsWeighted>
      <QtyInPackage>3</QtyInPackage>
      <ItemPrice>18.70</ItemPrice>
      <UnitOfMeasurePrice>11.3333</UnitOfMeasurePrice>
      <AllowDiscount>1</AllowDiscount>
      <ItemStatus>1</ItemStatus>
      <ItemId>5953</ItemId>
    </Item>
    <Item>
      <PriceUpdateDate>2015-01-01 00:00:00</PriceUpdateDate>
      <ItemCode>5201184011775</ItemCode>
      <ItemType>1</ItemType>
      <ItemName>זר יומהולדת פרחים</ItemName>
      <ManufacturerName>H.PARTY</ManufacturerName>
      <ManufactureCountry>לא ידוע</ManufactureCountry>
      <ManufacturerItemDescription>זר יומהולדת פרחים</ManufacturerItemDescription>
      <UnitQty>Unknown </UnitQty>
      <Quantity>0.00</Quantity>
      <UnitOfMeasure>Unknown </UnitOfMeasure>
      <bIsWeighted>0</bIsWeighted>
      <QtyInPackage>1</QtyInPackage>
      <ItemPrice>9.90</ItemPrice>
      <UnitOfMeasurePrice>0.0000</UnitOfMeasurePrice>
      <AllowDiscount>1</AllowDiscount>
      <ItemStatus>1</ItemStatus>
      <ItemId>76482</ItemId>
    </Item>
    <Item>
      <PriceUpdateDate>2015-10-04 10:17:34</PriceUpdateDate>
      <ItemCode>7290005427558</ItemCode>
      <ItemType>1</ItemType>
      <ItemName>תחליב רחצה כיף דבש</ItemName>
      <ManufacturerName>קוסמופארם</ManufacturerName>
      <ManufactureCountry>ישראל</ManufactureCountry>
      <ManufacturerItemDescription>תחליב רחצה כיף חלב דבש 750 מל</ManufacturerItemDescription>
      <UnitQty>מיליליטרים</UnitQty>
      <Quantity>750.00</Quantity>
      <UnitOfMeasure>100 מ"ל</UnitOfMeasure>
      <bIsWeighted>0</bIsWeighted>
      <QtyInPackage>1</QtyInPackage>
      <ItemPrice>12.80</ItemPrice>
      <UnitOfMeasurePrice>1.7067</UnitOfMeasurePrice>
      <AllowDiscount>1</AllowDiscount>
      <ItemStatus>1</ItemStatus>
      <ItemId>5966</ItemId>
    </Item>
    <Item>
      <PriceUpdateDate>2015-10-04 10:17:34</PriceUpdateDate>
      <ItemCode>7290005428982</ItemCode>
      <ItemType>1</ItemType>
      <ItemName>בייבי כיף קרם גוף לת</ItemName>
      <ManufacturerName>קוסמופארם</ManufacturerName>
      <ManufactureCountry>ישראל</ManufactureCountry>
      <ManufacturerItemDescription>בייבי כיף קרם גוף לתינוק500 מל</ManufacturerItemDescription>
      <UnitQty>מיליליטרים</UnitQty>
      <Quantity>500.00</Quantity>
      <UnitOfMeasure>100 מ"ל</UnitOfMeasure>
      <bIsWeighted>0</bIsWeighted>
      <QtyInPackage>1</QtyInPackage>
      <ItemPrice>24.70</ItemPrice>
      <UnitOfMeasurePrice>4.9400</UnitOfMeasurePrice>
      <AllowDiscount>1</AllowDiscount>
      <ItemStatus>1</ItemStatus>
      <ItemId>5973</ItemId>
    </Item>
    <Item>
      <PriceUpdateDate>2015-01-01 00:00:00</PriceUpdateDate>
      <ItemCode>7290005430602</ItemCode>
      <ItemType>1</ItemType>
      <ItemName>מסיר כתמים אוקסיגין</ItemName>
      <ManufacturerName>סנו</ManufacturerName>
      <ManufactureCountry>ישראל</ManufactureCountry>
      <ManufacturerItemDescription>מסיר כתמים אוקסיגן 750 מרסס</ManufacturerItemDescription>
      <UnitQty>מיליליטרים</UnitQty>
      <Quantity>750.00</Quantity>
      <UnitOfMeasure>100 מ"ל</UnitOfMeasure>
      <bIsWeighted>0</bIsWeighted>
      <QtyInPackage>1</QtyInPackage>
      <ItemPrice>21.80</ItemPrice>
      <UnitOfMeasurePrice>2.9067</UnitOfMeasurePrice>
      <AllowDiscount>1</AllowDiscount>
      <ItemStatus>1</ItemStatus>
      <ItemId>5979</ItemId>
    </Item>
    <Item>
      <PriceUpdateDate>2015-10-04 10:18:46</PriceUpdateDate>
      <ItemCode>7290005559709</ItemCode>
      <ItemType>1</ItemType>
      <ItemName>בורקס פיצה</ItemName>
      <ManufacturerName>מעדנות</ManufacturerName>
      <ManufactureCountry>ישראל</ManufactureCountry>
      <ManufacturerItemDescription>בורקס פיצה 700 גרם</ManufacturerItemDescription>
      <UnitQty>גרמים</UnitQty>
      <Quantity>700.00</Quantity>
      <UnitOfMeasure>100 גרם</UnitOfMeasure>
      <bIsWeighted>0</bIsWeighted>
      <QtyInPackage>1</QtyInPackage>
      <ItemPrice>27.70</ItemPrice>
      <UnitOfMeasurePrice>3.9571</UnitOfMeasurePrice>
      <AllowDiscount>1</AllowDiscount>
      <ItemStatus>1</ItemStatus>
      <ItemId>6142</ItemId>
    </Item>
    <Item>
      <PriceUpdateDate>2015-10-04 10:18:46</PriceUpdateDate>
      <ItemCode>7290005559907</ItemCode>
      <ItemType>1</ItemType>
      <ItemName>פיצה משפחתית גבינה</ItemName>
      <ManufacturerName>מעדנות</ManufacturerName>
      <ManufactureCountry>ישראל</ManufactureCountry>
      <ManufacturerItemDescription>פיצה משפחתית גבינה 500 גרם</ManufacturerItemDescription>
      <UnitQty>גרמים</UnitQty>
      <Quantity>500.00</Quantity>
      <UnitOfMeasure>100 גרם</UnitOfMeasure>
      <bIsWeighted>0</bIsWeighted>
      <QtyInPackage>1</QtyInPackage>
      <ItemPrice>25.60</ItemPrice>
      <UnitOfMeasurePrice>5.1200</UnitOfMeasurePrice>
      <AllowDiscount>1</AllowDiscount>
      <ItemStatus>1</ItemStatus>
      <ItemId>6145</ItemId>
    </Item>
    <Item>
      <PriceUpdateDate>2015-01-01 00:00:00</PriceUpdateDate>
      <ItemCode>7290005559914</ItemCode>
      <ItemType>1</ItemType>
      <ItemName>פיצה משפחתית זיתים</ItemName>
      <ManufacturerName>מעדנות</ManufacturerName>
      <ManufactureCountry>ישראל</ManufactureCountry>
      <ManufacturerItemDescription>פיצה משפחתית זיתים 550 גרם</ManufacturerItemDescription>
      <UnitQty>גרמים</UnitQty>
      <Quantity>550.00</Quantity>
      <UnitOfMeasure>100 גרם</UnitOfMeasure>
      <bIsWeighted>0</bIsWeighted>
      <QtyInPackage>1</QtyInPackage>
      <ItemPrice>26.60</ItemPrice>
      <UnitOfMeasurePrice>4.8364</UnitOfMeasurePrice>
      <AllowDiscount>1</AllowDiscount>
      <ItemStatus>1</ItemStatus>
      <ItemId>6146</ItemId>
    </Item>
    <Item>
      <PriceUpdateDate>2015-10-04 10:18:46</PriceUpdateDate>
      <ItemCode>7290005559990</ItemCode>
      <ItemType>1</ItemType>
      <ItemName>בצק פילאס תורכי</ItemName>
      <ManufacturerName>מעדנות</ManufacturerName>
      <ManufactureCountry>ישראל</ManufactureCountry>
      <ManufacturerItemDescription>בצק פילאס תורכי</ManufacturerItemDescription>
      <UnitQty>גרמים</UnitQty>
      <Quantity>600.00</Quantity>
      <UnitOfMeasure>100 גרם</UnitOfMeasure>
      <bIsWeighted>0</bIsWeighted>
      <QtyInPackage>1</QtyInPackage>
      <ItemPrice>25.40</ItemPrice>
      <UnitOfMeasurePrice>4.2333</UnitOfMeasurePrice>
      <AllowDiscount>1</AllowDiscount>
      <ItemStatus>1</ItemStatus>
      <ItemId>6150</ItemId>
    </Item>
    <Item>
      <PriceUpdateDate>2015-10-04 10:18:33</PriceUpdateDate>
      <ItemCode>7290002015116</ItemCode>
      <ItemType>1</ItemType>
      <ItemName>מלפפון בחומץ 9-7</ItemName>
      <ManufacturerName>בני דרום</ManufacturerName>
      <ManufactureCountry>ישראל</ManufactureCountry>
      <ManufacturerItemDescription>מלפפון בחומץ 9-7 א2</ManufacturerItemDescription>
      <UnitQty>קילוגרמים</UnitQty>
      <Quantity>0.64</Quantity>
      <UnitOfMeasure>ק"ג</UnitOfMeasure>
      <bIsWeighted>0</bIsWeighted>
      <QtyInPackage>1</QtyInPackage>
      <ItemPrice>6.40</ItemPrice>
      <UnitOfMeasurePrice>10.0000</UnitOfMeasurePrice>
      <AllowDiscount>1</AllowDiscount>
      <ItemStatus>1</ItemStatus>
      <ItemId>77330</ItemId>
    </Item>
    <Item>
      <PriceUpdateDate>2015-10-04 10:16:43</PriceUpdateDate>
      <ItemCode>7290005591761</ItemCode>
      <ItemType>1</ItemType>
      <ItemName>דבש מפרחי בר 400 גר</ItemName>
      <ManufacturerName>שטראוס גרופ</ManufacturerName>
      <ManufactureCountry>ישראל</ManufactureCountry>
      <ManufacturerItemDescription>דבש פרחי בר400 גר.בק"לחיץ</ManufacturerItemDescription>
      <UnitQty>גרמים</UnitQty>
      <Quantity>400.00</Quantity>
      <UnitOfMeasure>100 גרם</UnitOfMeasure>
      <bIsWeighted>0</bIsWeighted>
      <QtyInPackage>1</QtyInPackage>
      <ItemPrice>28.10</ItemPrice>
      <UnitOfMeasurePrice>7.0250</UnitOfMeasurePrice>
      <AllowDiscount>1</AllowDiscount>
      <ItemStatus>1</ItemStatus>
      <ItemId>6164</ItemId>
    </Item>
    <Item>
      <PriceUpdateDate>2015-10-04 10:18:12</PriceUpdateDate>
      <ItemCode>7290005604133</ItemCode>
      <ItemType>1</ItemType>
      <ItemName>משקל פריגת מנגו 1.5</ItemName>
      <ManufacturerName>פריגת</ManufacturerName>
      <ManufactureCountry>ישראל</ManufactureCountry>
      <ManufacturerItemDescription>משקל פריגת מנגו 1.5 ליטר</ManufacturerItemDescription>
      <UnitQty>ליטרים</UnitQty>
      <Quantity>1.50</Quantity>
      <UnitOfMeasure>ליטר</UnitOfMeasure>
      <bIsWeighted>0</bIsWeighted>
      <QtyInPackage>1</QtyInPackage>
      <ItemPrice>6.80</ItemPrice>
      <UnitOfMeasurePrice>4.5333</UnitOfMeasurePrice>
      <AllowDiscount>1</AllowDiscount>
      <ItemStatus>1</ItemStatus>
      <ItemId>6177</ItemId>
    </Item>
    <Item>
      <PriceUpdateDate>2015-01-01 00:00:00</PriceUpdateDate>
      <ItemCode>7290000560540</ItemCode>
      <ItemType>1</ItemType>
      <ItemName>ג"ל גילוח לעור רגיש</ItemName>
      <ManufacturerName>אנרג'ייזר</ManufacturerName>
      <ManufactureCountry>ארצות הברית</ManufactureCountry>
      <ManufacturerItemDescription>אדג גל גילוח לעור רגיש200 מל</ManufacturerItemDescription>
      <UnitQty>מיליליטרים</UnitQty>
      <Quantity>200.00</Quantity>
      <UnitOfMeasure>100 מ"ל</UnitOfMeasure>
      <bIsWeighted>0</bIsWeighted>
      <QtyInPackage>1</QtyInPackage>
      <ItemPrice>21.90</ItemPrice>
      <UnitOfMeasurePrice>10.9500</UnitOfMeasurePrice>
      <AllowDiscount>1</AllowDiscount>
      <ItemStatus>1</ItemStatus>
      <ItemId>6183</ItemId>
    </Item>
    <Item>
      <PriceUpdateDate>2015-10-04 10:18:34</PriceUpdateDate>
      <ItemCode>7290002015123</ItemCode>
      <ItemType>1</ItemType>
      <ItemName>מלפפון בחומץ  10-12</ItemName>
      <ManufacturerName>בני דרום</ManufacturerName>
      <ManufactureCountry>ישראל</ManufactureCountry>
      <ManufacturerItemDescription>מלפפון בחומץ 560 10-12 גרם</ManufacturerItemDescription>
      <UnitQty>קילוגרמים</UnitQty>
      <Quantity>0.64</Quantity>
      <UnitOfMeasure>ק"ג</UnitOfMeasure>
      <bIsWeighted>0</bIsWeighted>
      <QtyInPackage>1</QtyInPackage>
      <ItemPrice>7.10</ItemPrice>
      <UnitOfMeasurePrice>11.0937</UnitOfMeasurePrice>
      <AllowDiscount>1</AllowDiscount>
      <ItemStatus>1</ItemStatus>
      <ItemId>77331</ItemId>
    </Item>
    <Item>
      <PriceUpdateDate>2016-06-07 07:38:39</PriceUpdateDate>
      <ItemCode>7290106578821</ItemCode>
      <ItemType>1</ItemType>
      <ItemName>עוגת הבית שמרים שוקו</ItemName>
      <ManufacturerName>אסם</ManufacturerName>
      <ManufactureCountry>לא ידוע</ManufactureCountry>
      <ManufacturerItemDescription>עוגת הבית שמרים שוקולד קלאסית</ManufacturerItemDescription>
      <UnitQty>גרמים</UnitQty>
      <Quantity>350.00</Quantity>
      <UnitOfMeasure>100 גרם</UnitOfMeasure>
      <bIsWeighted>0</bIsWeighted>
      <QtyInPackage>1</QtyInPackage>
      <ItemPrice>21.80</ItemPrice>
      <UnitOfMeasurePrice>6.2286</UnitOfMeasurePrice>
      <AllowDiscount>1</AllowDiscount>
      <ItemStatus>1</ItemStatus>
      <ItemId>95792</ItemId>
    </Item>
    <Item>
      <PriceUpdateDate>2015-10-04 10:18:50</PriceUpdateDate>
      <ItemCode>7290005651427</ItemCode>
      <ItemType>1</ItemType>
      <ItemName>מעדן בשר לכלבים</ItemName>
      <ManufacturerName>FIDELE SAS</ManufacturerName>
      <ManufactureCountry>צרפת</ManufactureCountry>
      <ManufacturerItemDescription>מעדן בשר לכלבים שלישיהX3 גר          415</ManufacturerItemDescription>
      <UnitQty>קילוגרמים</UnitQty>
      <Quantity>1.25</Quantity>
      <UnitOfMeasure>ק"ג</UnitOfMeasure>
      <bIsWeighted>0</bIsWeighted>
      <QtyInPackage>1</QtyInPackage>
      <ItemPrice>19.70</ItemPrice>
      <UnitOfMeasurePrice>15.7600</UnitOfMeasurePrice>
      <AllowDiscount>1</AllowDiscount>
      <ItemStatus>1</ItemStatus>
      <ItemId>6204</ItemId>
    </Item>
    <Item>
      <PriceUpdateDate>2015-10-04 10:17:52</PriceUpdateDate>
      <ItemCode>7290005680052</ItemCode>
      <ItemType>1</ItemType>
      <ItemName>אובה סופר פלוס 1/32</ItemName>
      <ManufacturerName>CILAG GMBH INTERNATI</ManufacturerName>
      <ManufactureCountry>יוון</ManufactureCountry>
      <ManufacturerItemDescription>אובה סופר פלוס                     1/32</ManufacturerItemDescription>
      <UnitQty>Unknown </UnitQty>
      <Quantity>0.00</Quantity>
      <UnitOfMeasure>Unknown </UnitOfMeasure>
      <bIsWeighted>0</bIsWeighted>
      <QtyInPackage>1</QtyInPackage>
      <ItemPrice>32.60</ItemPrice>
      <UnitOfMeasurePrice>0.0000</UnitOfMeasurePrice>
      <AllowDiscount>1</AllowDiscount>
      <ItemStatus>1</ItemStatus>
      <ItemId>6224</ItemId>
    </Item>
    <Item>
      <PriceUpdateDate>2015-08-03 07:56:00</PriceUpdateDate>
      <ItemCode>5701932026964</ItemCode>
      <ItemType>1</ItemType>
      <ItemName>פופקורן עם מלח 600 ג</ItemName>
      <ManufacturerName>פופז</ManufacturerName>
      <ManufactureCountry>לא ידוע</ManufactureCountry>
      <ManufacturerItemDescription>פופקורן עם מלח 600 גר                  .</ManufacturerItemDescription>
      <UnitQty>גרמים</UnitQty>
      <Quantity>600.00</Quantity>
      <UnitOfMeasure>100 גרם</UnitOfMeasure>
      <bIsWeighted>0</bIsWeighted>
      <QtyInPackage>1</QtyInPackage>
      <ItemPrice>19.90</ItemPrice>
      <UnitOfMeasurePrice>3.3167</UnitOfMeasurePrice>
      <AllowDiscount>1</AllowDiscount>
      <ItemStatus>1</ItemStatus>
      <ItemId>6232</ItemId>
    </Item>
    <Item>
      <PriceUpdateDate>2015-08-03 07:56:00</PriceUpdateDate>
      <ItemCode>5701932026971</ItemCode>
      <ItemType>1</ItemType>
      <ItemName>פופקורן בטעם חמאה 60</ItemName>
      <ManufacturerName>פופז</ManufacturerName>
      <ManufactureCountry>לא ידוע</ManufactureCountry>
      <ManufacturerItemDescription>פופקורן בטעם חמאה 600 גר               .</ManufacturerItemDescription>
      <UnitQty>גרמים</UnitQty>
      <Quantity>600.00</Quantity>
      <UnitOfMeasure>100 גרם</UnitOfMeasure>
      <bIsWeighted>0</bIsWeighted>
      <QtyInPackage>1</QtyInPackage>
      <ItemPrice>19.90</ItemPrice>
      <UnitOfMeasurePrice>3.3167</UnitOfMeasurePrice>
      <AllowDiscount>1</AllowDiscount>
      <ItemStatus>1</ItemStatus>
      <ItemId>6233</ItemId>
    </Item>
    <Item>
      <PriceUpdateDate>2015-10-04 10:19:17</PriceUpdateDate>
      <ItemCode>7290000571386</ItemCode>
      <ItemType>1</ItemType>
      <ItemName>יוגורט מחלב כבשים</ItemName>
      <ManufacturerName>תנובה מרכז שיתופי לש</ManufacturerName>
      <ManufactureCountry>ישראל</ManufactureCountry>
      <ManufacturerItemDescription>יוגורט יוגורמה מחלב כבשים           850</ManufacturerItemDescription>
      <UnitQty>גרמים</UnitQty>
      <Quantity>850.00</Quantity>
      <UnitOfMeasure>100 גרם</UnitOfMeasure>
      <bIsWeighted>0</bIsWeighted>
      <QtyInPackage>1</QtyInPackage>
      <ItemPrice>26.60</ItemPrice>
      <UnitOfMeasurePrice>3.1294</UnitOfMeasurePrice>
      <AllowDiscount>1</AllowDiscount>
      <ItemStatus>1</ItemStatus>
      <ItemId>6246</ItemId>
    </Item>
    <Item>
      <PriceUpdateDate>2015-10-04 10:19:17</PriceUpdateDate>
      <ItemCode>7290000571393</ItemCode>
      <ItemType>1</ItemType>
      <ItemName>יוגורמה יוגורט מחלב</ItemName>
      <ManufacturerName>תנובה מרכז שיתופי לש</ManufacturerName>
      <ManufactureCountry>ישראל</ManufactureCountry>
      <ManufacturerItemDescription>יוגורמה יוגורט מחלב כבשים140 ג</ManufacturerItemDescription>
      <UnitQty>גרמים</UnitQty>
      <Quantity>140.00</Quantity>
      <UnitOfMeasure>100 גרם</UnitOfMeasure>
      <bIsWeighted>0</bIsWeighted>
      <QtyInPackage>1</QtyInPackage>
      <ItemPrice>6.20</ItemPrice>
      <UnitOfMeasurePrice>4.4286</UnitOfMeasurePrice>
      <AllowDiscount>1</AllowDiscount>
      <ItemStatus>1</ItemStatus>
      <ItemId>6247</ItemId>
    </Item>
    <Item>
      <PriceUpdateDate>2016-01-28 11:44:31</PriceUpdateDate>
      <ItemCode>7290000572208</ItemCode>
      <ItemType>1</ItemType>
      <ItemName>חלבה אחוה</ItemName>
      <ManufacturerName>אחווה</ManufacturerName>
      <ManufactureCountry>ישראל</ManufactureCountry>
      <ManufacturerItemDescription>חלבה אחוה 100 גר</ManufacturerItemDescription>
      <UnitQty>גרמים</UnitQty>
      <Quantity>100.00</Quantity>
      <UnitOfMeasure>100 גרם</UnitOfMeasure>
      <bIsWeighted>0</bIsWeighted>
      <QtyInPackage>1</QtyInPackage>
      <ItemPrice>4.50</ItemPrice>
      <UnitOfMeasurePrice>4.5000</UnitOfMeasurePrice>
      <AllowDiscount>1</AllowDiscount>
      <ItemStatus>1</ItemStatus>
      <ItemId>6249</ItemId>
    </Item>
    <Item>
      <PriceUpdateDate>2016-05-20 06:34:19</PriceUpdateDate>
      <ItemCode>7290000574035</ItemCode>
      <ItemType>1</ItemType>
      <ItemName>לחם אחיד פרוס</ItemName>
      <ManufacturerName>דגנית עין בר</ManufacturerName>
      <ManufactureCountry>ישראל</ManufactureCountry>
      <ManufacturerItemDescription>לחם אחיד פרוס 750 גר                   .</ManufacturerItemDescription>
      <UnitQty>גרמים</UnitQty>
      <Quantity>750.00</Quantity>
      <UnitOfMeasure>100 גרם</UnitOfMeasure>
      <bIsWeighted>0</bIsWeighted>
      <QtyInPackage>1</QtyInPackage>
      <ItemPrice>6.70</ItemPrice>
      <UnitOfMeasurePrice>0.8933</UnitOfMeasurePrice>
      <AllowDiscount>1</AllowDiscount>
      <ItemStatus>1</ItemStatus>
      <ItemId>6307</ItemId>
    </Item>
    <Item>
      <PriceUpdateDate>2015-08-12 10:25:04</PriceUpdateDate>
      <ItemCode>7290005838002</ItemCode>
      <ItemType>1</ItemType>
      <ItemName>דניאלה מעדן גבינה</ItemName>
      <ManufacturerName>שטראוס גרופ</ManufacturerName>
      <ManufactureCountry>ישראל</ManufactureCountry>
      <ManufacturerItemDescription>דניאלה מעדן גבינה וניל 150 מל</ManufacturerItemDescription>
      <UnitQty>מיליליטרים</UnitQty>
      <Quantity>150.00</Quantity>
      <UnitOfMeasure>100 מ"ל</UnitOfMeasure>
      <bIsWeighted>0</bIsWeighted>
      <QtyInPackage>1</QtyInPackage>
      <ItemPrice>4.40</ItemPrice>
      <UnitOfMeasurePrice>2.9333</UnitOfMeasurePrice>
      <AllowDiscount>1</AllowDiscount>
      <ItemStatus>1</ItemStatus>
      <ItemId>6451</ItemId>
    </Item>
    <Item>
      <PriceUpdateDate>2015-10-04 10:16:43</PriceUpdateDate>
      <ItemCode>7290005839078</ItemCode>
      <ItemType>1</ItemType>
      <ItemName>מארז חסכון ביו   3%</ItemName>
      <ManufacturerName>שטראוס גרופ</ManufacturerName>
      <ManufactureCountry>ישראל</ManufactureCountry>
      <ManufacturerItemDescription>מארז חסכון ביו 1.200 3% גרם</ManufacturerItemDescription>
      <UnitQty>קילוגרמים</UnitQty>
      <Quantity>1.20</Quantity>
      <UnitOfMeasure>ק"ג</UnitOfMeasure>
      <bIsWeighted>0</bIsWeighted>
      <QtyInPackage>1</QtyInPackage>
      <ItemPrice>17.30</ItemPrice>
      <UnitOfMeasurePrice>14.4167</UnitOfMeasurePrice>
      <AllowDiscount>1</AllowDiscount>
      <ItemStatus>1</ItemStatus>
      <ItemId>6459</ItemId>
    </Item>
    <Item>
      <PriceUpdateDate>2015-10-04 10:16:43</PriceUpdateDate>
      <ItemCode>7290005839108</ItemCode>
      <ItemType>1</ItemType>
      <ItemName>סימפוניה 5% זיתים</ItemName>
      <ManufacturerName>שטראוס גרופ</ManufacturerName>
      <ManufactureCountry>ישראל</ManufactureCountry>
      <ManufacturerItemDescription>סימפוניה 5% זיתים200 גר                .</ManufacturerItemDescription>
      <UnitQty>גרמים</UnitQty>
      <Quantity>200.00</Quantity>
      <UnitOfMeasure>100 גרם</UnitOfMeasure>
      <bIsWeighted>0</bIsWeighted>
      <QtyInPackage>1</QtyInPackage>
      <ItemPrice>12.70</ItemPrice>
      <UnitOfMeasurePrice>6.3500</UnitOfMeasurePrice>
      <AllowDiscount>1</AllowDiscount>
      <ItemStatus>1</ItemStatus>
      <ItemId>6461</ItemId>
    </Item>
    <Item>
      <PriceUpdateDate>2015-06-15 14:25:24</PriceUpdateDate>
      <ItemCode>7290005839313</ItemCode>
      <ItemType>1</ItemType>
      <ItemName>מילקי טופ מגולגלת</ItemName>
      <ManufacturerName>שטראוס גרופ</ManufacturerName>
      <ManufactureCountry>ישראל</ManufactureCountry>
      <ManufacturerItemDescription>מילקי טופ מגולגלת 140 גר               "</ManufacturerItemDescription>
      <UnitQty>גרמים</UnitQty>
      <Quantity>140.00</Quantity>
      <UnitOfMeasure>100 גרם</UnitOfMeasure>
      <bIsWeighted>0</bIsWeighted>
      <QtyInPackage>1</QtyInPackage>
      <ItemPrice>5.00</ItemPrice>
      <UnitOfMeasurePrice>3.5714</UnitOfMeasurePrice>
      <AllowDiscount>1</AllowDiscount>
      <ItemStatus>1</ItemStatus>
      <ItemId>6463</ItemId>
    </Item>
    <Item>
      <PriceUpdateDate>2015-01-01 00:00:00</PriceUpdateDate>
      <ItemCode>7290005896828</ItemCode>
      <ItemType>1</ItemType>
      <ItemName>מים מינרלים סאן.1/6</ItemName>
      <ManufacturerName>טמפו</ManufacturerName>
      <ManufactureCountry>ישראל</ManufactureCountry>
      <ManufacturerItemDescription>סן בנדטו1.5 ל 1/6מים מינרלים</ManufacturerItemDescription>
      <UnitQty>ליטרים</UnitQty>
      <Quantity>9.00</Quantity>
      <UnitOfMeasure>ליטר</UnitOfMeasure>
      <bIsWeighted>0</bIsWeighted>
      <QtyInPackage>1</QtyInPackage>
      <ItemPrice>18.50</ItemPrice>
      <UnitOfMeasurePrice>2.0556</UnitOfMeasurePrice>
      <AllowDiscount>1</AllowDiscount>
      <ItemStatus>1</ItemStatus>
      <ItemId>6482</ItemId>
    </Item>
    <Item>
      <PriceUpdateDate>2016-03-15 15:38:06</PriceUpdateDate>
      <ItemCode>7290000591742</ItemCode>
      <ItemType>1</ItemType>
      <ItemName>קמח מצה לפסח</ItemName>
      <ManufacturerName>אם החיטה</ManufacturerName>
      <ManufactureCountry>ישראל</ManufactureCountry>
      <ManufacturerItemDescription>קמח מצה 500 גר    .פסח</ManufacturerItemDescription>
      <UnitQty>גרמים</UnitQty>
      <Quantity>500.00</Quantity>
      <UnitOfMeasure>100 גרם</UnitOfMeasure>
      <bIsWeighted>0</bIsWeighted>
      <QtyInPackage>1</QtyInPackage>
      <ItemPrice>6.90</ItemPrice>
      <UnitOfMeasurePrice>1.3800</UnitOfMeasurePrice>
      <AllowDiscount>1</AllowDiscount>
      <ItemStatus>1</ItemStatus>
      <ItemId>6537</ItemId>
    </Item>
    <Item>
      <PriceUpdateDate>2016-07-20 06:58:29</PriceUpdateDate>
      <ItemCode>7290005966033</ItemCode>
      <ItemType>1</ItemType>
      <ItemName>יין הר חרמון לבן</ItemName>
      <ManufacturerName>יקב רמת הגולן</ManufacturerName>
      <ManufactureCountry>לא ידוע</ManufactureCountry>
      <ManufacturerItemDescription>יין הר חרמון לבן 750 מ"ל</ManufacturerItemDescription>
      <UnitQty>מיליליטרים</UnitQty>
      <Quantity>750.00</Quantity>
      <UnitOfMeasure>100 מ"ל</UnitOfMeasure>
      <bIsWeighted>0</bIsWeighted>
      <QtyInPackage>1</QtyInPackage>
      <ItemPrice>39.90</ItemPrice>
      <UnitOfMeasurePrice>5.3200</UnitOfMeasurePrice>
      <AllowDiscount>1</AllowDiscount>
      <ItemStatus>1</ItemStatus>
      <ItemId>6559</ItemId>
    </Item>
    <Item>
      <PriceUpdateDate>2016-07-20 06:58:29</PriceUpdateDate>
      <ItemCode>7290005966088</ItemCode>
      <ItemType>1</ItemType>
      <ItemName>יין הר חרמון</ItemName>
      <ManufacturerName>יקב רמת הגולן</ManufacturerName>
      <ManufactureCountry>לא ידוע</ManufactureCountry>
      <ManufacturerItemDescription>יין הר חרמון אדום 750 מל</ManufacturerItemDescription>
      <UnitQty>מיליליטרים</UnitQty>
      <Quantity>750.00</Quantity>
      <UnitOfMeasure>100 מ"ל</UnitOfMeasure>
      <bIsWeighted>0</bIsWeighted>
      <QtyInPackage>1</QtyInPackage>
      <ItemPrice>39.90</ItemPrice>
      <UnitOfMeasurePrice>5.3200</UnitOfMeasurePrice>
      <AllowDiscount>1</AllowDiscount>
      <ItemStatus>1</ItemStatus>
      <ItemId>6561</ItemId>
    </Item>
    <Item>
      <PriceUpdateDate>2015-10-04 10:19:31</PriceUpdateDate>
      <ItemCode>7290005966903</ItemCode>
      <ItemType>1</ItemType>
      <ItemName>יין גולן שיאון אדום</ItemName>
      <ManufacturerName>יקב רמת הגולן</ManufacturerName>
      <ManufactureCountry>לא ידוע</ManufactureCountry>
      <ManufacturerItemDescription>יין גולן שיאון אדום 750   מל</ManufacturerItemDescription>
      <UnitQty>מיליליטרים</UnitQty>
      <Quantity>750.00</Quantity>
      <UnitOfMeasure>100 מ"ל</UnitOfMeasure>
      <bIsWeighted>0</bIsWeighted>
      <QtyInPackage>1</QtyInPackage>
      <ItemPrice>29.60</ItemPrice>
      <UnitOfMeasurePrice>3.9467</UnitOfMeasurePrice>
      <AllowDiscount>1</AllowDiscount>
      <ItemStatus>1</ItemStatus>
      <ItemId>6585</ItemId>
    </Item>
    <Item>
      <PriceUpdateDate>2016-03-16 15:08:32</PriceUpdateDate>
      <ItemCode>7290000243566</ItemCode>
      <ItemType>1</ItemType>
      <ItemName>שמן קנולה 750 מל</ItemName>
      <ManufacturerName>שמן תעשיות</ManufacturerName>
      <ManufactureCountry>ישראל</ManufactureCountry>
      <ManufacturerItemDescription>שמן קנולה בריאות 750 מ"ל</ManufacturerItemDescription>
      <UnitQty>מיליליטרים</UnitQty>
      <Quantity>750.00</Quantity>
      <UnitOfMeasure>100 מ"ל</UnitOfMeasure>
      <bIsWeighted>0</bIsWeighted>
      <QtyInPackage>1</QtyInPackage>
      <ItemPrice>13.70</ItemPrice>
      <UnitOfMeasurePrice>1.8267</UnitOfMeasurePrice>
      <AllowDiscount>1</AllowDiscount>
      <ItemStatus>1</ItemStatus>
      <ItemId>87282</ItemId>
    </Item>
    <Item>
      <PriceUpdateDate>2015-01-01 00:00:00</PriceUpdateDate>
      <ItemCode>7290000060163</ItemCode>
      <ItemType>1</ItemType>
      <ItemName>אטריות מובחר דקות</ItemName>
      <ManufacturerName>אסם</ManufacturerName>
      <ManufactureCountry>ישראל</ManufactureCountry>
      <ManufacturerItemDescription>אטריות מובחר דקות 400 גר               .</ManufacturerItemDescription>
      <UnitQty>גרמים</UnitQty>
      <Quantity>400.00</Quantity>
      <UnitOfMeasure>100 גרם</UnitOfMeasure>
      <bIsWeighted>0</bIsWeighted>
      <QtyInPackage>1</QtyInPackage>
      <ItemPrice>7.30</ItemPrice>
      <UnitOfMeasurePrice>1.8250</UnitOfMeasurePrice>
      <AllowDiscount>1</AllowDiscount>
      <ItemStatus>1</ItemStatus>
      <ItemId>6672</ItemId>
    </Item>
    <Item>
      <PriceUpdateDate>2015-01-01 00:00:00</PriceUpdateDate>
      <ItemCode>7290000060200</ItemCode>
      <ItemType>1</ItemType>
      <ItemName>פתיתים אפויים קוסקוס</ItemName>
      <ManufacturerName>אסם</ManufacturerName>
      <ManufactureCountry>ישראל</ManufactureCountry>
      <ManufacturerItemDescription>פתיתים אפויים קוסקוס 500 גרם</ManufacturerItemDescription>
      <UnitQty>גרמים</UnitQty>
      <Quantity>500.00</Quantity>
      <UnitOfMeasure>100 גרם</UnitOfMeasure>
      <bIsWeighted>0</bIsWeighted>
      <QtyInPackage>1</QtyInPackage>
      <ItemPrice>7.90</ItemPrice>
      <UnitOfMeasurePrice>1.5800</UnitOfMeasurePrice>
      <AllowDiscount>1</AllowDiscount>
      <ItemStatus>1</ItemStatus>
      <ItemId>6675</ItemId>
    </Item>
    <Item>
      <PriceUpdateDate>2015-01-01 00:00:00</PriceUpdateDate>
      <ItemCode>7290000060781</ItemCode>
      <ItemType>1</ItemType>
      <ItemName>פסטה אסם מסולסלים</ItemName>
      <ManufacturerName>זארה</ManufacturerName>
      <ManufactureCountry>איטליה</ManufactureCountry>
      <ManufacturerItemDescription>פסטה אסם מסולסלים 500 גר               .</ManufacturerItemDescription>
      <UnitQty>גרמים</UnitQty>
      <Quantity>500.00</Quantity>
      <UnitOfMeasure>100 גרם</UnitOfMeasure>
      <bIsWeighted>0</bIsWeighted>
      <QtyInPackage>1</QtyInPackage>
      <ItemPrice>5.90</ItemPrice>
      <UnitOfMeasurePrice>1.1800</UnitOfMeasurePrice>
      <AllowDiscount>1</AllowDiscount>
      <ItemStatus>1</ItemStatus>
      <ItemId>6709</ItemId>
    </Item>
    <Item>
      <PriceUpdateDate>2015-01-01 00:00:00</PriceUpdateDate>
      <ItemCode>7290000060842</ItemCode>
      <ItemType>1</ItemType>
      <ItemName>פסטה צדפים גדולים</ItemName>
      <ManufacturerName>זארה</ManufacturerName>
      <ManufactureCountry>איטליה</ManufactureCountry>
      <ManufacturerItemDescription>פסטה אסם צדפים גדולים500 גר            .</ManufacturerItemDescription>
      <UnitQty>גרמים</UnitQty>
      <Quantity>500.00</Quantity>
      <UnitOfMeasure>100 גרם</UnitOfMeasure>
      <bIsWeighted>0</bIsWeighted>
      <QtyInPackage>1</QtyInPackage>
      <ItemPrice>5.90</ItemPrice>
      <UnitOfMeasurePrice>1.1800</UnitOfMeasurePrice>
      <AllowDiscount>1</AllowDiscount>
      <ItemStatus>1</ItemStatus>
      <ItemId>6714</ItemId>
    </Item>
    <Item>
      <PriceUpdateDate>2015-01-01 00:00:00</PriceUpdateDate>
      <ItemCode>7290000060880</ItemCode>
      <ItemType>1</ItemType>
      <ItemName>ספגטי</ItemName>
      <ManufacturerName>זארה</ManufacturerName>
      <ManufactureCountry>לא ידוע</ManufactureCountry>
      <ManufacturerItemDescription>פסטה אסם ספגטי 500  גר</ManufacturerItemDescription>
      <UnitQty>גרמים</UnitQty>
      <Quantity>500.00</Quantity>
      <UnitOfMeasure>100 גרם</UnitOfMeasure>
      <bIsWeighted>0</bIsWeighted>
      <QtyInPackage>1</QtyInPackage>
      <ItemPrice>5.90</ItemPrice>
      <UnitOfMeasurePrice>1.1800</UnitOfMeasurePrice>
      <AllowDiscount>1</AllowDiscount>
      <ItemStatus>1</ItemStatus>
      <ItemId>6717</ItemId>
    </Item>
    <Item>
      <PriceUpdateDate>2015-01-01 00:00:00</PriceUpdateDate>
      <ItemCode>7290000060903</ItemCode>
      <ItemType>1</ItemType>
      <ItemName>פתיתים אפויים אורז50</ItemName>
      <ManufacturerName>אסם</ManufacturerName>
      <ManufactureCountry>ישראל</ManufactureCountry>
      <ManufacturerItemDescription>פתיתים אפויים אורז500 גר          .290/5</ManufacturerItemDescription>
      <UnitQty>גרמים</UnitQty>
      <Quantity>500.00</Quantity>
      <UnitOfMeasure>100 גרם</UnitOfMeasure>
      <bIsWeighted>0</bIsWeighted>
      <QtyInPackage>1</QtyInPackage>
      <ItemPrice>7.90</ItemPrice>
      <UnitOfMeasurePrice>1.5800</UnitOfMeasurePrice>
      <AllowDiscount>1</AllowDiscount>
      <ItemStatus>1</ItemStatus>
      <ItemId>6718</ItemId>
    </Item>
    <Item>
      <PriceUpdateDate>2015-01-01 00:00:00</PriceUpdateDate>
      <ItemCode>7290000060958</ItemCode>
      <ItemType>1</ItemType>
      <ItemName>אטריות מובחר בינונית</ItemName>
      <ManufacturerName>אסם</ManufacturerName>
      <ManufactureCountry>ישראל</ManufactureCountry>
      <ManufacturerItemDescription>אטריות מובחר בינוניות 400 גר           .</ManufacturerItemDescription>
      <UnitQty>גרמים</UnitQty>
      <Quantity>400.00</Quantity>
      <UnitOfMeasure>100 גרם</UnitOfMeasure>
      <bIsWeighted>0</bIsWeighted>
      <QtyInPackage>1</QtyInPackage>
      <ItemPrice>7.30</ItemPrice>
      <UnitOfMeasurePrice>1.8250</UnitOfMeasurePrice>
      <AllowDiscount>1</AllowDiscount>
      <ItemStatus>1</ItemStatus>
      <ItemId>6722</ItemId>
    </Item>
    <Item>
      <PriceUpdateDate>2015-01-01 00:00:00</PriceUpdateDate>
      <ItemCode>7290000060965</ItemCode>
      <ItemType>1</ItemType>
      <ItemName>אטריות מובחר רחבות</ItemName>
      <ManufacturerName>אסם</ManufacturerName>
      <ManufactureCountry>ישראל</ManufactureCountry>
      <ManufacturerItemDescription>אטריות מובחר רחבות 400 גר              .</ManufacturerItemDescription>
      <UnitQty>גרמים</UnitQty>
      <Quantity>400.00</Quantity>
      <UnitOfMeasure>100 גרם</UnitOfMeasure>
      <bIsWeighted>0</bIsWeighted>
      <QtyInPackage>1</QtyInPackage>
      <ItemPrice>7.30</ItemPrice>
      <UnitOfMeasurePrice>1.8250</UnitOfMeasurePrice>
      <AllowDiscount>1</AllowDiscount>
      <ItemStatus>1</ItemStatus>
      <ItemId>6723</ItemId>
    </Item>
    <Item>
      <PriceUpdateDate>2015-01-01 00:00:00</PriceUpdateDate>
      <ItemCode>7290000060972</ItemCode>
      <ItemType>1</ItemType>
      <ItemName>אטריות דקיקות 400 גר</ItemName>
      <ManufacturerName>זארה</ManufacturerName>
      <ManufactureCountry>איטליה</ManufactureCountry>
      <ManufacturerItemDescription>אטריות דקיקות 400 גר          219/14   .</ManufacturerItemDescription>
      <UnitQty>גרמים</UnitQty>
      <Quantity>400.00</Quantity>
      <UnitOfMeasure>100 גרם</UnitOfMeasure>
      <bIsWeighted>0</bIsWeighted>
      <QtyInPackage>1</QtyInPackage>
      <ItemPrice>7.30</ItemPrice>
      <UnitOfMeasurePrice>1.8250</UnitOfMeasurePrice>
      <AllowDiscount>1</AllowDiscount>
      <ItemStatus>1</ItemStatus>
      <ItemId>6724</ItemId>
    </Item>
    <Item>
      <PriceUpdateDate>2015-10-04 10:17:48</PriceUpdateDate>
      <ItemCode>7290000061061</ItemCode>
      <ItemType>1</ItemType>
      <ItemName>קרקר בצל אסם</ItemName>
      <ManufacturerName>אסם</ManufacturerName>
      <ManufactureCountry>ישראל</ManufactureCountry>
      <ManufacturerItemDescription>קרקר בצל 250 גר</ManufacturerItemDescription>
      <UnitQty>גרמים</UnitQty>
      <Quantity>250.00</Quantity>
      <UnitOfMeasure>100 גרם</UnitOfMeasure>
      <bIsWeighted>0</bIsWeighted>
      <QtyInPackage>1</QtyInPackage>
      <ItemPrice>11.80</ItemPrice>
      <UnitOfMeasurePrice>4.7200</UnitOfMeasurePrice>
      <AllowDiscount>1</AllowDiscount>
      <ItemStatus>1</ItemStatus>
      <ItemId>6727</ItemId>
    </Item>
    <Item>
      <PriceUpdateDate>2015-01-01 00:00:00</PriceUpdateDate>
      <ItemCode>7290006210197</ItemCode>
      <ItemType>1</ItemType>
      <ItemName>רוגלך בטעם שוקולד</ItemName>
      <ManufacturerName>בונזור</ManufacturerName>
      <ManufactureCountry>ישראל</ManufactureCountry>
      <ManufacturerItemDescription>רוגלך בטעם שוקולד</ManufacturerItemDescription>
      <UnitQty>קילוגרמים</UnitQty>
      <Quantity>1.00</Quantity>
      <UnitOfMeasure>ק"ג</UnitOfMeasure>
      <bIsWeighted>1</bIsWeighted>
      <QtyInPackage>לא ידוע</QtyInPackage>
      <ItemPrice>34.00</ItemPrice>
      <UnitOfMeasurePrice>34.0000</UnitOfMeasurePrice>
      <AllowDiscount>1</AllowDiscount>
      <ItemStatus>1</ItemStatus>
      <ItemId>6832</ItemId>
    </Item>
    <Item>
      <PriceUpdateDate>2015-01-01 00:00:00</PriceUpdateDate>
      <ItemCode>7290006210203</ItemCode>
      <ItemType>1</ItemType>
      <ItemName>בורקס תפוא</ItemName>
      <ManufacturerName>בונזור</ManufacturerName>
      <ManufactureCountry>ישראל</ManufactureCountry>
      <ManufacturerItemDescription>בורקס תפוא 1 .קג .לאפיה בסניף</ManufacturerItemDescription>
      <UnitQty>קילוגרמים</UnitQty>
      <Quantity>1.00</Quantity>
      <UnitOfMeasure>ק"ג</UnitOfMeasure>
      <bIsWeighted>1</bIsWeighted>
      <QtyInPackage>לא ידוע</QtyInPackage>
      <ItemPrice>34.00</ItemPrice>
      <UnitOfMeasurePrice>34.0000</UnitOfMeasurePrice>
      <AllowDiscount>1</AllowDiscount>
      <ItemStatus>1</ItemStatus>
      <ItemId>6833</ItemId>
    </Item>
    <Item>
      <PriceUpdateDate>2015-01-01 00:00:00</PriceUpdateDate>
      <ItemCode>7290006210210</ItemCode>
      <ItemType>1</ItemType>
      <ItemName>בורקיטס 1 קג</ItemName>
      <ManufacturerName>בונזור</ManufacturerName>
      <ManufactureCountry>ישראל</ManufactureCountry>
      <ManufacturerItemDescription>בורקיטס 1 קג                           .</ManufacturerItemDescription>
      <UnitQty>קילוגרמים</UnitQty>
      <Quantity>1.00</Quantity>
      <UnitOfMeasure>ק"ג</UnitOfMeasure>
      <bIsWeighted>1</bIsWeighted>
      <QtyInPackage>לא ידוע</QtyInPackage>
      <ItemPrice>34.00</ItemPrice>
      <UnitOfMeasurePrice>34.0000</UnitOfMeasurePrice>
      <AllowDiscount>1</AllowDiscount>
      <ItemStatus>1</ItemStatus>
      <ItemId>6834</ItemId>
    </Item>
    <Item>
      <PriceUpdateDate>2015-10-04 10:18:47</PriceUpdateDate>
      <ItemCode>7290006210258</ItemCode>
      <ItemType>1</ItemType>
      <ItemName>מאפה תפוחיות שמרים</ItemName>
      <ManufacturerName>בונזור</ManufacturerName>
      <ManufactureCountry>ישראל</ManufactureCountry>
      <ManufacturerItemDescription>מאפה תפוחיות שמרים1 קג.לאפיה</ManufacturerItemDescription>
      <UnitQty>קילוגרמים</UnitQty>
      <Quantity>1.00</Quantity>
      <UnitOfMeasure>ק"ג</UnitOfMeasure>
      <bIsWeighted>1</bIsWeighted>
      <QtyInPackage>1</QtyInPackage>
      <ItemPrice>33.70</ItemPrice>
      <UnitOfMeasurePrice>33.7000</UnitOfMeasurePrice>
      <AllowDiscount>1</AllowDiscount>
      <ItemStatus>1</ItemStatus>
      <ItemId>6838</ItemId>
    </Item>
    <Item>
      <PriceUpdateDate>2015-01-01 00:00:00</PriceUpdateDate>
      <ItemCode>7290006210319</ItemCode>
      <ItemType>1</ItemType>
      <ItemName>קרואסון ביס חמאהאפיה</ItemName>
      <ManufacturerName>בונזור</ManufacturerName>
      <ManufactureCountry>ישראל</ManufactureCountry>
      <ManufacturerItemDescription>עוגיות קרואסון ביס חמאה 1 ק"ג</ManufacturerItemDescription>
      <UnitQty>קילוגרמים</UnitQty>
      <Quantity>1.00</Quantity>
      <UnitOfMeasure>ק"ג</UnitOfMeasure>
      <bIsWeighted>1</bIsWeighted>
      <QtyInPackage>לא ידוע</QtyInPackage>
      <ItemPrice>34.00</ItemPrice>
      <UnitOfMeasurePrice>34.0000</UnitOfMeasurePrice>
      <AllowDiscount>1</AllowDiscount>
      <ItemStatus>1</ItemStatus>
      <ItemId>6844</ItemId>
    </Item>
    <Item>
      <PriceUpdateDate>2015-01-01 00:00:00</PriceUpdateDate>
      <ItemCode>7290006210340</ItemCode>
      <ItemType>1</ItemType>
      <ItemName>קוראסון שוקולד אפיה</ItemName>
      <ManufacturerName>בונזור</ManufacturerName>
      <ManufactureCountry>ישראל</ManufactureCountry>
      <ManufacturerItemDescription>קוראסון שוקולד 1 קג לאפיה</ManufacturerItemDescription>
      <UnitQty>קילוגרמים</UnitQty>
      <Quantity>1.00</Quantity>
      <UnitOfMeasure>ק"ג</UnitOfMeasure>
      <bIsWeighted>1</bIsWeighted>
      <QtyInPackage>1</QtyInPackage>
      <ItemPrice>34.00</ItemPrice>
      <UnitOfMeasurePrice>34.0000</UnitOfMeasurePrice>
      <AllowDiscount>1</AllowDiscount>
      <ItemStatus>1</ItemStatus>
      <ItemId>6847</ItemId>
    </Item>
    <Item>
      <PriceUpdateDate>2015-01-01 00:00:00</PriceUpdateDate>
      <ItemCode>7290006210357</ItemCode>
      <ItemType>1</ItemType>
      <ItemName>שנק פיצה ביס1 קג</ItemName>
      <ManufacturerName>בונזור</ManufacturerName>
      <ManufactureCountry>ישראל</ManufactureCountry>
      <ManufacturerItemDescription>שנק פיצה ביס1 קג       .לאפיה</ManufacturerItemDescription>
      <UnitQty>קילוגרמים</UnitQty>
      <Quantity>1.00</Quantity>
      <UnitOfMeasure>ק"ג</UnitOfMeasure>
      <bIsWeighted>1</bIsWeighted>
      <QtyInPackage>לא ידוע</QtyInPackage>
      <ItemPrice>34.00</ItemPrice>
      <UnitOfMeasurePrice>34.0000</UnitOfMeasurePrice>
      <AllowDiscount>1</AllowDiscount>
      <ItemStatus>1</ItemStatus>
      <ItemId>6848</ItemId>
    </Item>
    <Item>
      <PriceUpdateDate>2015-10-04 10:18:48</PriceUpdateDate>
      <ItemCode>7290006210449</ItemCode>
      <ItemType>1</ItemType>
      <ItemName>בורקס פילס קשקוול</ItemName>
      <ManufacturerName>בונזור</ManufacturerName>
      <ManufactureCountry>ישראל</ManufactureCountry>
      <ManufacturerItemDescription>בורקס פילס קשקוול קג אפיה</ManufacturerItemDescription>
      <UnitQty>קילוגרמים</UnitQty>
      <Quantity>1.00</Quantity>
      <UnitOfMeasure>ק"ג</UnitOfMeasure>
      <bIsWeighted>1</bIsWeighted>
      <QtyInPackage>1</QtyInPackage>
      <ItemPrice>39.60</ItemPrice>
      <UnitOfMeasurePrice>39.6000</UnitOfMeasurePrice>
      <AllowDiscount>1</AllowDiscount>
      <ItemStatus>1</ItemStatus>
      <ItemId>6854</ItemId>
    </Item>
    <Item>
      <PriceUpdateDate>2015-01-01 00:00:00</PriceUpdateDate>
      <ItemCode>7290006210524</ItemCode>
      <ItemType>1</ItemType>
      <ItemName>עוגיות קוקיס שוקולד</ItemName>
      <ManufacturerName>בונזור</ManufacturerName>
      <ManufactureCountry>לא ידוע</ManufactureCountry>
      <ManufacturerItemDescription>עוגיות קוקיס שוקולד לבן 1 ק"ג</ManufacturerItemDescription>
      <UnitQty>קילוגרמים</UnitQty>
      <Quantity>1.00</Quantity>
      <UnitOfMeasure>ק"ג</UnitOfMeasure>
      <bIsWeighted>1</bIsWeighted>
      <QtyInPackage>לא ידוע</QtyInPackage>
      <ItemPrice>48.00</ItemPrice>
      <UnitOfMeasurePrice>48.0000</UnitOfMeasurePrice>
      <AllowDiscount>1</AllowDiscount>
      <ItemStatus>1</ItemStatus>
      <ItemId>6861</ItemId>
    </Item>
    <Item>
      <PriceUpdateDate>2015-10-04 10:18:05</PriceUpdateDate>
      <ItemCode>7290006229069</ItemCode>
      <ItemType>1</ItemType>
      <ItemName>משקל גאמפ ענבים 1.5</ItemName>
      <ManufacturerName>טמפו</ManufacturerName>
      <ManufactureCountry>ישראל</ManufactureCountry>
      <ManufacturerItemDescription>משקל גאמפ ענבים 1.5 ליטר</ManufacturerItemDescription>
      <UnitQty>ליטרים</UnitQty>
      <Quantity>1.50</Quantity>
      <UnitOfMeasure>ליטר</UnitOfMeasure>
      <bIsWeighted>0</bIsWeighted>
      <QtyInPackage>1</QtyInPackage>
      <ItemPrice>5.90</ItemPrice>
      <UnitOfMeasurePrice>3.9333</UnitOfMeasurePrice>
      <AllowDiscount>1</AllowDiscount>
      <ItemStatus>1</ItemStatus>
      <ItemId>6909</ItemId>
    </Item>
    <Item>
      <PriceUpdateDate>2015-10-04 10:18:15</PriceUpdateDate>
      <ItemCode>7290006241504</ItemCode>
      <ItemType>1</ItemType>
      <ItemName>פריגת תפוזים קפוא</ItemName>
      <ManufacturerName>פריגת מצוננים</ManufacturerName>
      <ManufactureCountry>ישראל</ManufactureCountry>
      <ManufacturerItemDescription>פריגת תפוזים קפוא 340 מל               .</ManufacturerItemDescription>
      <UnitQty>מיליליטרים</UnitQty>
      <Quantity>340.00</Quantity>
      <UnitOfMeasure>100 מ"ל</UnitOfMeasure>
      <bIsWeighted>0</bIsWeighted>
      <QtyInPackage>1</QtyInPackage>
      <ItemPrice>11.00</ItemPrice>
      <UnitOfMeasurePrice>3.2353</UnitOfMeasurePrice>
      <AllowDiscount>1</AllowDiscount>
      <ItemStatus>1</ItemStatus>
      <ItemId>6920</ItemId>
    </Item>
    <Item>
      <PriceUpdateDate>2015-10-04 10:18:15</PriceUpdateDate>
      <ItemCode>7290006241535</ItemCode>
      <ItemType>1</ItemType>
      <ItemName>פריגת מנגו קפוא</ItemName>
      <ManufacturerName>פריגת מצוננים</ManufacturerName>
      <ManufactureCountry>ישראל</ManufactureCountry>
      <ManufacturerItemDescription>פריגת מנגו קפוא 340 מל                 .</ManufacturerItemDescription>
      <UnitQty>מיליליטרים</UnitQty>
      <Quantity>340.00</Quantity>
      <UnitOfMeasure>100 מ"ל</UnitOfMeasure>
      <bIsWeighted>0</bIsWeighted>
      <QtyInPackage>1</QtyInPackage>
      <ItemPrice>11.00</ItemPrice>
      <UnitOfMeasurePrice>3.2353</UnitOfMeasurePrice>
      <AllowDiscount>1</AllowDiscount>
      <ItemStatus>1</ItemStatus>
      <ItemId>6923</ItemId>
    </Item>
    <Item>
      <PriceUpdateDate>2015-07-26 09:40:14</PriceUpdateDate>
      <ItemCode>7290006251107</ItemCode>
      <ItemType>1</ItemType>
      <ItemName>תה מסאלה צ"אי 25 שקי</ItemName>
      <ManufacturerName>ויסוצקי</ManufacturerName>
      <ManufactureCountry>לא ידוע</ManufactureCountry>
      <ManufacturerItemDescription>תה מסאלה צ"אי 2/25 גר</ManufacturerItemDescription>
      <UnitQty>גרמים</UnitQty>
      <Quantity>50.00</Quantity>
      <UnitOfMeasure>100 גרם</UnitOfMeasure>
      <bIsWeighted>0</bIsWeighted>
      <QtyInPackage>1</QtyInPackage>
      <ItemPrice>19.90</ItemPrice>
      <UnitOfMeasurePrice>39.8000</UnitOfMeasurePrice>
      <AllowDiscount>1</AllowDiscount>
      <ItemStatus>1</ItemStatus>
      <ItemId>6942</ItemId>
    </Item>
    <Item>
      <PriceUpdateDate>2016-08-31 15:27:32</PriceUpdateDate>
      <ItemCode>7290006251275</ItemCode>
      <ItemType>1</ItemType>
      <ItemName>תה ירוק סיני 1.5/25</ItemName>
      <ManufacturerName>ויסוצקי</ManufacturerName>
      <ManufactureCountry>ישראל</ManufactureCountry>
      <ManufacturerItemDescription>תה ירוק סיני 1.5/25 גר</ManufacturerItemDescription>
      <UnitQty>גרמים</UnitQty>
      <Quantity>37.00</Quantity>
      <UnitOfMeasure>100 גרם</UnitOfMeasure>
      <bIsWeighted>0</bIsWeighted>
      <QtyInPackage>1</QtyInPackage>
      <ItemPrice>26.90</ItemPrice>
      <UnitOfMeasurePrice>72.7027</UnitOfMeasurePrice>
      <AllowDiscount>1</AllowDiscount>
      <ItemStatus>1</ItemStatus>
      <ItemId>6944</ItemId>
    </Item>
    <Item>
      <PriceUpdateDate>2016-02-14 08:55:37</PriceUpdateDate>
      <ItemCode>7290006271181</ItemCode>
      <ItemType>1</ItemType>
      <ItemName>גחנון אפוי 750 גרם</ItemName>
      <ManufacturerName>מעדנות</ManufacturerName>
      <ManufactureCountry>ישראל</ManufactureCountry>
      <ManufacturerItemDescription>גחנון אפוי 750 גרם</ManufacturerItemDescription>
      <UnitQty>גרמים</UnitQty>
      <Quantity>750.00</Quantity>
      <UnitOfMeasure>100 גרם</UnitOfMeasure>
      <bIsWeighted>0</bIsWeighted>
      <QtyInPackage>1</QtyInPackage>
      <ItemPrice>29.90</ItemPrice>
      <UnitOfMeasurePrice>3.9867</UnitOfMeasurePrice>
      <AllowDiscount>1</AllowDiscount>
      <ItemStatus>1</ItemStatus>
      <ItemId>6967</ItemId>
    </Item>
    <Item>
      <PriceUpdateDate>2016-05-04 07:07:16</PriceUpdateDate>
      <ItemCode>7290000630014</ItemCode>
      <ItemType>1</ItemType>
      <ItemName>עוף מס           2</ItemName>
      <ManufacturerName>בקר תנובה שותפות מוג</ManufacturerName>
      <ManufactureCountry>ישראל</ManufactureCountry>
      <ManufacturerItemDescription>עוף מס 2 קפוא לקג</ManufacturerItemDescription>
      <UnitQty>קילוגרמים</UnitQty>
      <Quantity>1.00</Quantity>
      <UnitOfMeasure>ק"ג</UnitOfMeasure>
      <bIsWeighted>1</bIsWeighted>
      <QtyInPackage>1</QtyInPackage>
      <ItemPrice>22.90</ItemPrice>
      <UnitOfMeasurePrice>22.9000</UnitOfMeasurePrice>
      <AllowDiscount>1</AllowDiscount>
      <ItemStatus>1</ItemStatus>
      <ItemId>6991</ItemId>
    </Item>
    <Item>
      <PriceUpdateDate>2016-05-04 07:07:16</PriceUpdateDate>
      <ItemCode>7290000631004</ItemCode>
      <ItemType>1</ItemType>
      <ItemName>כבד עוף</ItemName>
      <ManufacturerName>בקר תנובה שותפות מוג</ManufacturerName>
      <ManufactureCountry>ישראל</ManufactureCountry>
      <ManufacturerItemDescription>כבד עוף ארוז לק"ג .קפוא</ManufacturerItemDescription>
      <UnitQty>קילוגרמים</UnitQty>
      <Quantity>1.00</Quantity>
      <UnitOfMeasure>ק"ג</UnitOfMeasure>
      <bIsWeighted>1</bIsWeighted>
      <QtyInPackage>לא ידוע</QtyInPackage>
      <ItemPrice>15.90</ItemPrice>
      <UnitOfMeasurePrice>15.9000</UnitOfMeasurePrice>
      <AllowDiscount>1</AllowDiscount>
      <ItemStatus>1</ItemStatus>
      <ItemId>6999</ItemId>
    </Item>
    <Item>
      <PriceUpdateDate>2015-01-01 00:00:00</PriceUpdateDate>
      <ItemCode>7290000063102</ItemCode>
      <ItemType>1</ItemType>
      <ItemName>קמח תופח</ItemName>
      <ManufacturerName>אסם</ManufacturerName>
      <ManufactureCountry>ישראל</ManufactureCountry>
      <ManufacturerItemDescription>קמח תופח 350 גר             352        .</ManufacturerItemDescription>
      <UnitQty>גרמים</UnitQty>
      <Quantity>350.00</Quantity>
      <UnitOfMeasure>100 גרם</UnitOfMeasure>
      <bIsWeighted>0</bIsWeighted>
      <QtyInPackage>1</QtyInPackage>
      <ItemPrice>5.50</ItemPrice>
      <UnitOfMeasurePrice>1.5714</UnitOfMeasurePrice>
      <AllowDiscount>1</AllowDiscount>
      <ItemStatus>1</ItemStatus>
      <ItemId>7000</ItemId>
    </Item>
    <Item>
      <PriceUpdateDate>2015-08-12 10:24:38</PriceUpdateDate>
      <ItemCode>7290000063140</ItemCode>
      <ItemType>1</ItemType>
      <ItemName>שקדי מרק</ItemName>
      <ManufacturerName>אסם</ManufacturerName>
      <ManufactureCountry>ישראל</ManufactureCountry>
      <ManufacturerItemDescription>שקדי מרק 400 גרם</ManufacturerItemDescription>
      <UnitQty>גרמים</UnitQty>
      <Quantity>400.00</Quantity>
      <UnitOfMeasure>100 גרם</UnitOfMeasure>
      <bIsWeighted>0</bIsWeighted>
      <QtyInPackage>1</QtyInPackage>
      <ItemPrice>15.70</ItemPrice>
      <UnitOfMeasurePrice>3.9250</UnitOfMeasurePrice>
      <AllowDiscount>1</AllowDiscount>
      <ItemStatus>1</ItemStatus>
      <ItemId>7008</ItemId>
    </Item>
    <Item>
      <PriceUpdateDate>2015-01-01 00:00:00</PriceUpdateDate>
      <ItemCode>7290000063157</ItemCode>
      <ItemType>1</ItemType>
      <ItemName>קמח תופח מאליו</ItemName>
      <ManufacturerName>אסם</ManufacturerName>
      <ManufactureCountry>ישראל</ManufactureCountry>
      <ManufacturerItemDescription>קמח תופח מאליו 1 קג                    .</ManufacturerItemDescription>
      <UnitQty>קילוגרמים</UnitQty>
      <Quantity>1.00</Quantity>
      <UnitOfMeasure>ק"ג</UnitOfMeasure>
      <bIsWeighted>0</bIsWeighted>
      <QtyInPackage>1</QtyInPackage>
      <ItemPrice>9.90</ItemPrice>
      <UnitOfMeasurePrice>9.9000</UnitOfMeasurePrice>
      <AllowDiscount>1</AllowDiscount>
      <ItemStatus>1</ItemStatus>
      <ItemId>7010</ItemId>
    </Item>
    <Item>
      <PriceUpdateDate>2016-05-04 07:07:16</PriceUpdateDate>
      <ItemCode>7290000632216</ItemCode>
      <ItemType>1</ItemType>
      <ItemName>חזה עוף קפו</ItemName>
      <ManufacturerName>בקר תנובה שותפות מוג</ManufacturerName>
      <ManufactureCountry>ישראל</ManufactureCountry>
      <ManufacturerItemDescription>חזה עוף לקג קפוא</ManufacturerItemDescription>
      <UnitQty>קילוגרמים</UnitQty>
      <Quantity>1.00</Quantity>
      <UnitOfMeasure>ק"ג</UnitOfMeasure>
      <bIsWeighted>1</bIsWeighted>
      <QtyInPackage>1</QtyInPackage>
      <ItemPrice>31.90</ItemPrice>
      <UnitOfMeasurePrice>31.9000</UnitOfMeasurePrice>
      <AllowDiscount>1</AllowDiscount>
      <ItemStatus>1</ItemStatus>
      <ItemId>7017</ItemId>
    </Item>
    <Item>
      <PriceUpdateDate>2016-05-04 07:07:47</PriceUpdateDate>
      <ItemCode>7290000632407</ItemCode>
      <ItemType>1</ItemType>
      <ItemName>כרעיים עוף</ItemName>
      <ManufacturerName>בקר תנובה שותפות מוג</ManufacturerName>
      <ManufactureCountry>ישראל</ManufactureCountry>
      <ManufacturerItemDescription>כרעי עוף  לקג קפוא</ManufacturerItemDescription>
      <UnitQty>קילוגרמים</UnitQty>
      <Quantity>1.00</Quantity>
      <UnitOfMeasure>ק"ג</UnitOfMeasure>
      <bIsWeighted>1</bIsWeighted>
      <QtyInPackage>1</QtyInPackage>
      <ItemPrice>23.90</ItemPrice>
      <UnitOfMeasurePrice>23.9000</UnitOfMeasurePrice>
      <AllowDiscount>1</AllowDiscount>
      <ItemStatus>1</ItemStatus>
      <ItemId>7022</ItemId>
    </Item>
    <Item>
      <PriceUpdateDate>2015-01-01 00:00:00</PriceUpdateDate>
      <ItemCode>7290000632506</ItemCode>
      <ItemType>1</ItemType>
      <ItemName>ירך עוף</ItemName>
      <ManufacturerName>בקר תנובה שותפות מוג</ManufacturerName>
      <ManufactureCountry>ישראל</ManufactureCountry>
      <ManufacturerItemDescription>ירך פטם לקג קפוא</ManufacturerItemDescription>
      <UnitQty>קילוגרמים</UnitQty>
      <Quantity>1.00</Quantity>
      <UnitOfMeasure>ק"ג</UnitOfMeasure>
      <bIsWeighted>1</bIsWeighted>
      <QtyInPackage>1</QtyInPackage>
      <ItemPrice>23.90</ItemPrice>
      <UnitOfMeasurePrice>23.9000</UnitOfMeasurePrice>
      <AllowDiscount>1</AllowDiscount>
      <ItemStatus>1</ItemStatus>
      <ItemId>7024</ItemId>
    </Item>
    <Item>
      <PriceUpdateDate>2016-05-04 07:07:47</PriceUpdateDate>
      <ItemCode>7290000633824</ItemCode>
      <ItemType>1</ItemType>
      <ItemName>כנף עוף</ItemName>
      <ManufacturerName>בקר תנובה שותפות מוג</ManufacturerName>
      <ManufactureCountry>ישראל</ManufactureCountry>
      <ManufacturerItemDescription>כנפיים עוף לקג מגש קפוא</ManufacturerItemDescription>
      <UnitQty>קילוגרמים</UnitQty>
      <Quantity>1.00</Quantity>
      <UnitOfMeasure>ק"ג</UnitOfMeasure>
      <bIsWeighted>1</bIsWeighted>
      <QtyInPackage>1</QtyInPackage>
      <ItemPrice>12.90</ItemPrice>
      <UnitOfMeasurePrice>12.9000</UnitOfMeasurePrice>
      <AllowDiscount>1</AllowDiscount>
      <ItemStatus>1</ItemStatus>
      <ItemId>7028</ItemId>
    </Item>
    <Item>
      <PriceUpdateDate>2015-08-12 10:24:38</PriceUpdateDate>
      <ItemCode>7290000065335</ItemCode>
      <ItemType>1</ItemType>
      <ItemName>פירה תפוח אדמה+ירקות</ItemName>
      <ManufacturerName>אסם</ManufacturerName>
      <ManufactureCountry>ישראל</ManufactureCountry>
      <ManufacturerItemDescription>מנה חמה תפוחי אדמה וירקות            55</ManufacturerItemDescription>
      <UnitQty>גרמים</UnitQty>
      <Quantity>55.00</Quantity>
      <UnitOfMeasure>100 גרם</UnitOfMeasure>
      <bIsWeighted>0</bIsWeighted>
      <QtyInPackage>1</QtyInPackage>
      <ItemPrice>6.90</ItemPrice>
      <UnitOfMeasurePrice>12.5455</UnitOfMeasurePrice>
      <AllowDiscount>1</AllowDiscount>
      <ItemStatus>1</ItemStatus>
      <ItemId>7176</ItemId>
    </Item>
    <Item>
      <PriceUpdateDate>2015-08-12 10:24:38</PriceUpdateDate>
      <ItemCode>7290000065540</ItemCode>
      <ItemType>1</ItemType>
      <ItemName>מנה חמה אטריות מוקרם</ItemName>
      <ManufacturerName>אסם</ManufacturerName>
      <ManufactureCountry>ישראל</ManufactureCountry>
      <ManufacturerItemDescription>תבשיל מנה חמה בטעם עוף55 גר            .</ManufacturerItemDescription>
      <UnitQty>גרמים</UnitQty>
      <Quantity>55.00</Quantity>
      <UnitOfMeasure>100 גרם</UnitOfMeasure>
      <bIsWeighted>0</bIsWeighted>
      <QtyInPackage>1</QtyInPackage>
      <ItemPrice>6.90</ItemPrice>
      <UnitOfMeasurePrice>12.5455</UnitOfMeasurePrice>
      <AllowDiscount>1</AllowDiscount>
      <ItemStatus>1</ItemStatus>
      <ItemId>7181</ItemId>
    </Item>
    <Item>
      <PriceUpdateDate>2015-01-01 00:00:00</PriceUpdateDate>
      <ItemCode>7290000065557</ItemCode>
      <ItemType>1</ItemType>
      <ItemName>קוסקוס עם ירקות</ItemName>
      <ManufacturerName>אסם</ManufacturerName>
      <ManufactureCountry>ישראל</ManufactureCountry>
      <ManufacturerItemDescription>תבשיל מנה חמה קוסקוס+ירקות84גר</ManufacturerItemDescription>
      <UnitQty>גרמים</UnitQty>
      <Quantity>84.00</Quantity>
      <UnitOfMeasure>100 גרם</UnitOfMeasure>
      <bIsWeighted>0</bIsWeighted>
      <QtyInPackage>1</QtyInPackage>
      <ItemPrice>7.50</ItemPrice>
      <UnitOfMeasurePrice>8.9286</UnitOfMeasurePrice>
      <AllowDiscount>1</AllowDiscount>
      <ItemStatus>1</ItemStatus>
      <ItemId>7182</ItemId>
    </Item>
    <Item>
      <PriceUpdateDate>2015-08-12 10:24:39</PriceUpdateDate>
      <ItemCode>7290000066134</ItemCode>
      <ItemType>1</ItemType>
      <ItemName>ביסלי פאלפל</ItemName>
      <ManufacturerName>אסם</ManufacturerName>
      <ManufactureCountry>ישראל</ManufactureCountry>
      <ManufacturerItemDescription>ביסלי פלאפל 70 גר                 825  .</ManufacturerItemDescription>
      <UnitQty>גרמים</UnitQty>
      <Quantity>70.00</Quantity>
      <UnitOfMeasure>100 גרם</UnitOfMeasure>
      <bIsWeighted>0</bIsWeighted>
      <QtyInPackage>1</QtyInPackage>
      <ItemPrice>4.70</ItemPrice>
      <UnitOfMeasurePrice>6.7143</UnitOfMeasurePrice>
      <AllowDiscount>1</AllowDiscount>
      <ItemStatus>1</ItemStatus>
      <ItemId>7279</ItemId>
    </Item>
    <Item>
      <PriceUpdateDate>2015-08-12 10:24:39</PriceUpdateDate>
      <ItemCode>7290000066141</ItemCode>
      <ItemType>1</ItemType>
      <ItemName>ביסלי גריל</ItemName>
      <ManufacturerName>אסם</ManufacturerName>
      <ManufactureCountry>ישראל</ManufactureCountry>
      <ManufacturerItemDescription>ביסלי גריל 70 גר                 826   .</ManufacturerItemDescription>
      <UnitQty>גרמים</UnitQty>
      <Quantity>70.00</Quantity>
      <UnitOfMeasure>100 גרם</UnitOfMeasure>
      <bIsWeighted>0</bIsWeighted>
      <QtyInPackage>1</QtyInPackage>
      <ItemPrice>4.70</ItemPrice>
      <UnitOfMeasurePrice>6.7143</UnitOfMeasurePrice>
      <AllowDiscount>1</AllowDiscount>
      <ItemStatus>1</ItemStatus>
      <ItemId>7280</ItemId>
    </Item>
    <Item>
      <PriceUpdateDate>2015-08-12 10:24:39</PriceUpdateDate>
      <ItemCode>7290000066158</ItemCode>
      <ItemType>1</ItemType>
      <ItemName>ביסלי בצל</ItemName>
      <ManufacturerName>אסם</ManufacturerName>
      <ManufactureCountry>ישראל</ManufactureCountry>
      <ManufacturerItemDescription>ביסלי בצל 67 גר                 827    .</ManufacturerItemDescription>
      <UnitQty>גרמים</UnitQty>
      <Quantity>67.00</Quantity>
      <UnitOfMeasure>100 גרם</UnitOfMeasure>
      <bIsWeighted>0</bIsWeighted>
      <QtyInPackage>1</QtyInPackage>
      <ItemPrice>4.70</ItemPrice>
      <UnitOfMeasurePrice>7.0149</UnitOfMeasurePrice>
      <AllowDiscount>1</AllowDiscount>
      <ItemStatus>1</ItemStatus>
      <ItemId>7281</ItemId>
    </Item>
    <Item>
      <PriceUpdateDate>2015-08-12 10:24:39</PriceUpdateDate>
      <ItemCode>7290000066165</ItemCode>
      <ItemType>1</ItemType>
      <ItemName>ביסלי ברביקיו</ItemName>
      <ManufacturerName>אסם</ManufacturerName>
      <ManufactureCountry>ישראל</ManufactureCountry>
      <ManufacturerItemDescription>ביסלי ברביקיו 67 גרם</ManufacturerItemDescription>
      <UnitQty>גרמים</UnitQty>
      <Quantity>67.00</Quantity>
      <UnitOfMeasure>100 גרם</UnitOfMeasure>
      <bIsWeighted>0</bIsWeighted>
      <QtyInPackage>1</QtyInPackage>
      <ItemPrice>4.70</ItemPrice>
      <UnitOfMeasurePrice>7.0149</UnitOfMeasurePrice>
      <AllowDiscount>1</AllowDiscount>
      <ItemStatus>1</ItemStatus>
      <ItemId>7282</ItemId>
    </Item>
    <Item>
      <PriceUpdateDate>2015-08-12 10:24:39</PriceUpdateDate>
      <ItemCode>7290000066172</ItemCode>
      <ItemType>1</ItemType>
      <ItemName>ביסלי פיצה 70 גר</ItemName>
      <ManufacturerName>אסם</ManufacturerName>
      <ManufactureCountry>ישראל</ManufactureCountry>
      <ManufacturerItemDescription>ביסלי פיצה 70 גר                  829  .</ManufacturerItemDescription>
      <UnitQty>גרמים</UnitQty>
      <Quantity>70.00</Quantity>
      <UnitOfMeasure>100 גרם</UnitOfMeasure>
      <bIsWeighted>0</bIsWeighted>
      <QtyInPackage>1</QtyInPackage>
      <ItemPrice>4.70</ItemPrice>
      <UnitOfMeasurePrice>6.7143</UnitOfMeasurePrice>
      <AllowDiscount>1</AllowDiscount>
      <ItemStatus>1</ItemStatus>
      <ItemId>7283</ItemId>
    </Item>
    <Item>
      <PriceUpdateDate>2015-08-12 10:24:39</PriceUpdateDate>
      <ItemCode>7290000066196</ItemCode>
      <ItemType>1</ItemType>
      <ItemName>ביסלי גריל</ItemName>
      <ManufacturerName>אסם</ManufacturerName>
      <ManufactureCountry>ישראל</ManufactureCountry>
      <ManufacturerItemDescription>ביסלי גריל 200 גר                      .</ManufacturerItemDescription>
      <UnitQty>גרמים</UnitQty>
      <Quantity>200.00</Quantity>
      <UnitOfMeasure>100 גרם</UnitOfMeasure>
      <bIsWeighted>0</bIsWeighted>
      <QtyInPackage>1</QtyInPackage>
      <ItemPrice>8.90</ItemPrice>
      <UnitOfMeasurePrice>4.4500</UnitOfMeasurePrice>
      <AllowDiscount>1</AllowDiscount>
      <ItemStatus>1</ItemStatus>
      <ItemId>7285</ItemId>
    </Item>
    <Item>
      <PriceUpdateDate>2015-08-12 10:24:39</PriceUpdateDate>
      <ItemCode>7290000066219</ItemCode>
      <ItemType>1</ItemType>
      <ItemName>ביסלי ברביקיו</ItemName>
      <ManufacturerName>אסם</ManufacturerName>
      <ManufactureCountry>ישראל</ManufactureCountry>
      <ManufacturerItemDescription>ביסלי ברביקיו 190 גר                   .</ManufacturerItemDescription>
      <UnitQty>גרמים</UnitQty>
      <Quantity>190.00</Quantity>
      <UnitOfMeasure>100 גרם</UnitOfMeasure>
      <bIsWeighted>0</bIsWeighted>
      <QtyInPackage>1</QtyInPackage>
      <ItemPrice>8.90</ItemPrice>
      <UnitOfMeasurePrice>4.6842</UnitOfMeasurePrice>
      <AllowDiscount>1</AllowDiscount>
      <ItemStatus>1</ItemStatus>
      <ItemId>7287</ItemId>
    </Item>
    <Item>
      <PriceUpdateDate>2016-02-15 07:37:50</PriceUpdateDate>
      <ItemCode>7290000066226</ItemCode>
      <ItemType>1</ItemType>
      <ItemName>ביסלי פיצה</ItemName>
      <ManufacturerName>אסם</ManufacturerName>
      <ManufactureCountry>ישראל</ManufactureCountry>
      <ManufacturerItemDescription>ביסלי פיצה 200 גר                      .</ManufacturerItemDescription>
      <UnitQty>גרמים</UnitQty>
      <Quantity>200.00</Quantity>
      <UnitOfMeasure>100 גרם</UnitOfMeasure>
      <bIsWeighted>0</bIsWeighted>
      <QtyInPackage>1</QtyInPackage>
      <ItemPrice>8.90</ItemPrice>
      <UnitOfMeasurePrice>4.4500</UnitOfMeasurePrice>
      <AllowDiscount>1</AllowDiscount>
      <ItemStatus>1</ItemStatus>
      <ItemId>7288</ItemId>
    </Item>
    <Item>
      <PriceUpdateDate>2015-08-12 10:24:39</PriceUpdateDate>
      <ItemCode>7290000066264</ItemCode>
      <ItemType>1</ItemType>
      <ItemName>חטיף דובונים</ItemName>
      <ManufacturerName>אסם</ManufacturerName>
      <ManufactureCountry>ישראל</ManufactureCountry>
      <ManufacturerItemDescription>דובונים40 גר                           .</ManufacturerItemDescription>
      <UnitQty>גרמים</UnitQty>
      <Quantity>40.00</Quantity>
      <UnitOfMeasure>100 גרם</UnitOfMeasure>
      <bIsWeighted>0</bIsWeighted>
      <QtyInPackage>1</QtyInPackage>
      <ItemPrice>4.90</ItemPrice>
      <UnitOfMeasurePrice>12.2500</UnitOfMeasurePrice>
      <AllowDiscount>1</AllowDiscount>
      <ItemStatus>1</ItemStatus>
      <ItemId>7289</ItemId>
    </Item>
    <Item>
      <PriceUpdateDate>2015-01-01 00:00:00</PriceUpdateDate>
      <ItemCode>7290000066295</ItemCode>
      <ItemType>1</ItemType>
      <ItemName>במבה תות</ItemName>
      <ManufacturerName>אסם</ManufacturerName>
      <ManufactureCountry>ישראל</ManufactureCountry>
      <ManufacturerItemDescription>במבה תות 30 גר</ManufacturerItemDescription>
      <UnitQty>גרמים</UnitQty>
      <Quantity>30.00</Quantity>
      <UnitOfMeasure>100 גרם</UnitOfMeasure>
      <bIsWeighted>0</bIsWeighted>
      <QtyInPackage>1</QtyInPackage>
      <ItemPrice>3.00</ItemPrice>
      <UnitOfMeasurePrice>10.0000</UnitOfMeasurePrice>
      <AllowDiscount>1</AllowDiscount>
      <ItemStatus>1</ItemStatus>
      <ItemId>7333</ItemId>
    </Item>
    <Item>
      <PriceUpdateDate>2015-08-12 10:24:39</PriceUpdateDate>
      <ItemCode>7290000066318</ItemCode>
      <ItemType>1</ItemType>
      <ItemName>במבה 80 גרם</ItemName>
      <ManufacturerName>אסם</ManufacturerName>
      <ManufactureCountry>ישראל</ManufactureCountry>
      <ManufacturerItemDescription>במבה 80 גר .כשר             806/8</ManufacturerItemDescription>
      <UnitQty>גרמים</UnitQty>
      <Quantity>80.00</Quantity>
      <UnitOfMeasure>100 גרם</UnitOfMeasure>
      <bIsWeighted>0</bIsWeighted>
      <QtyInPackage>1</QtyInPackage>
      <ItemPrice>5.90</ItemPrice>
      <UnitOfMeasurePrice>7.3750</UnitOfMeasurePrice>
      <AllowDiscount>1</AllowDiscount>
      <ItemStatus>1</ItemStatus>
      <ItemId>7335</ItemId>
    </Item>
    <Item>
      <PriceUpdateDate>2015-01-01 00:00:00</PriceUpdateDate>
      <ItemCode>7290000066332</ItemCode>
      <ItemType>1</ItemType>
      <ItemName>אפרופו</ItemName>
      <ManufacturerName>אסם</ManufacturerName>
      <ManufactureCountry>ישראל</ManufactureCountry>
      <ManufacturerItemDescription>אפרופו50 גר.שקית</ManufacturerItemDescription>
      <UnitQty>גרמים</UnitQty>
      <Quantity>50.00</Quantity>
      <UnitOfMeasure>100 גרם</UnitOfMeasure>
      <bIsWeighted>0</bIsWeighted>
      <QtyInPackage>1</QtyInPackage>
      <ItemPrice>5.50</ItemPrice>
      <UnitOfMeasurePrice>11.0000</UnitOfMeasurePrice>
      <AllowDiscount>1</AllowDiscount>
      <ItemStatus>1</ItemStatus>
      <ItemId>7336</ItemId>
    </Item>
    <Item>
      <PriceUpdateDate>2015-10-04 10:17:48</PriceUpdateDate>
      <ItemCode>7290000066431</ItemCode>
      <ItemType>1</ItemType>
      <ItemName>חטיף פופקו תירס בדבש</ItemName>
      <ManufacturerName>אסם</ManufacturerName>
      <ManufactureCountry>ישראל</ManufactureCountry>
      <ManufacturerItemDescription>חטיף פופקו תירס חמאה ודבש 80 ג</ManufacturerItemDescription>
      <UnitQty>גרמים</UnitQty>
      <Quantity>80.00</Quantity>
      <UnitOfMeasure>100 גרם</UnitOfMeasure>
      <bIsWeighted>0</bIsWeighted>
      <QtyInPackage>1</QtyInPackage>
      <ItemPrice>5.50</ItemPrice>
      <UnitOfMeasurePrice>6.8750</UnitOfMeasurePrice>
      <AllowDiscount>1</AllowDiscount>
      <ItemStatus>1</ItemStatus>
      <ItemId>7339</ItemId>
    </Item>
    <Item>
      <PriceUpdateDate>2015-08-12 10:24:39</PriceUpdateDate>
      <ItemCode>7290000067599</ItemCode>
      <ItemType>1</ItemType>
      <ItemName>ספגטי בולונז</ItemName>
      <ManufacturerName>אסם</ManufacturerName>
      <ManufactureCountry>ישראל</ManufactureCountry>
      <ManufacturerItemDescription>מנה חמה ספגטי בולונז 65 גרם</ManufacturerItemDescription>
      <UnitQty>גרמים</UnitQty>
      <Quantity>65.00</Quantity>
      <UnitOfMeasure>100 גרם</UnitOfMeasure>
      <bIsWeighted>0</bIsWeighted>
      <QtyInPackage>1</QtyInPackage>
      <ItemPrice>6.90</ItemPrice>
      <UnitOfMeasurePrice>10.6154</UnitOfMeasurePrice>
      <AllowDiscount>1</AllowDiscount>
      <ItemStatus>1</ItemStatus>
      <ItemId>7470</ItemId>
    </Item>
    <Item>
      <PriceUpdateDate>2015-10-14 12:15:19</PriceUpdateDate>
      <ItemCode>7290006764072</ItemCode>
      <ItemType>1</ItemType>
      <ItemName>בירה גולדסטאר.500חוז</ItemName>
      <ManufacturerName>טמפו</ManufacturerName>
      <ManufactureCountry>ישראל</ManufactureCountry>
      <ManufacturerItemDescription>בירה גולדסטאר.500 מל בק חוזר</ManufacturerItemDescription>
      <UnitQty>מיליליטרים</UnitQty>
      <Quantity>500.00</Quantity>
      <UnitOfMeasure>100 מ"ל</UnitOfMeasure>
      <bIsWeighted>0</bIsWeighted>
      <QtyInPackage>1</QtyInPackage>
      <ItemPrice>7.70</ItemPrice>
      <UnitOfMeasurePrice>1.5400</UnitOfMeasurePrice>
      <AllowDiscount>1</AllowDiscount>
      <ItemStatus>1</ItemStatus>
      <ItemId>7475</ItemId>
    </Item>
    <Item>
      <PriceUpdateDate>2015-10-04 10:19:33</PriceUpdateDate>
      <ItemCode>7290006765765</ItemCode>
      <ItemType>1</ItemType>
      <ItemName>פפאיה מסוכרת</ItemName>
      <ManufacturerName>דין שיווק וקליה בע"מ</ManufacturerName>
      <ManufactureCountry>תאילנד</ManufactureCountry>
      <ManufacturerItemDescription>פפאיה מסוכרת 200 גרם</ManufacturerItemDescription>
      <UnitQty>גרמים</UnitQty>
      <Quantity>200.00</Quantity>
      <UnitOfMeasure>100 גרם</UnitOfMeasure>
      <bIsWeighted>0</bIsWeighted>
      <QtyInPackage>1</QtyInPackage>
      <ItemPrice>14.80</ItemPrice>
      <UnitOfMeasurePrice>7.4000</UnitOfMeasurePrice>
      <AllowDiscount>0</AllowDiscount>
      <ItemStatus>1</ItemStatus>
      <ItemId>7487</ItemId>
    </Item>
    <Item>
      <PriceUpdateDate>2015-10-04 10:17:34</PriceUpdateDate>
      <ItemCode>7290006788009</ItemCode>
      <ItemType>1</ItemType>
      <ItemName>שמפו 10 לשיער רגיל</ItemName>
      <ManufacturerName>אמיליה קוסמטיקס</ManufacturerName>
      <ManufactureCountry>ישראל</ManufactureCountry>
      <ManufacturerItemDescription>שמפו 10 לשיער רגיל 700 מל              .</ManufacturerItemDescription>
      <UnitQty>מיליליטרים</UnitQty>
      <Quantity>700.00</Quantity>
      <UnitOfMeasure>100 מ"ל</UnitOfMeasure>
      <bIsWeighted>0</bIsWeighted>
      <QtyInPackage>1</QtyInPackage>
      <ItemPrice>12.80</ItemPrice>
      <UnitOfMeasurePrice>1.8286</UnitOfMeasurePrice>
      <AllowDiscount>1</AllowDiscount>
      <ItemStatus>1</ItemStatus>
      <ItemId>7496</ItemId>
    </Item>
    <Item>
      <PriceUpdateDate>2015-10-04 10:17:35</PriceUpdateDate>
      <ItemCode>7290006788061</ItemCode>
      <ItemType>1</ItemType>
      <ItemName>מרכך 10 לשיער רגיל</ItemName>
      <ManufacturerName>אמיליה קוסמטיקס</ManufacturerName>
      <ManufactureCountry>ישראל</ManufactureCountry>
      <ManufacturerItemDescription>מרכך 10 לשיער רגיל 700 מל              .</ManufacturerItemDescription>
      <UnitQty>מיליליטרים</UnitQty>
      <Quantity>700.00</Quantity>
      <UnitOfMeasure>100 מ"ל</UnitOfMeasure>
      <bIsWeighted>0</bIsWeighted>
      <QtyInPackage>1</QtyInPackage>
      <ItemPrice>12.80</ItemPrice>
      <UnitOfMeasurePrice>1.8286</UnitOfMeasurePrice>
      <AllowDiscount>1</AllowDiscount>
      <ItemStatus>1</ItemStatus>
      <ItemId>7502</ItemId>
    </Item>
    <Item>
      <PriceUpdateDate>2015-01-01 00:00:00</PriceUpdateDate>
      <ItemCode>7290000068138</ItemCode>
      <ItemType>1</ItemType>
      <ItemName>פודינג וניל אינסטנט</ItemName>
      <ManufacturerName>אסם</ManufacturerName>
      <ManufactureCountry>ישראל</ManufactureCountry>
      <ManufacturerItemDescription>פודינג וניל 80 גרם</ManufacturerItemDescription>
      <UnitQty>גרמים</UnitQty>
      <Quantity>80.00</Quantity>
      <UnitOfMeasure>100 גרם</UnitOfMeasure>
      <bIsWeighted>0</bIsWeighted>
      <QtyInPackage>1</QtyInPackage>
      <ItemPrice>5.60</ItemPrice>
      <UnitOfMeasurePrice>7.0000</UnitOfMeasurePrice>
      <AllowDiscount>1</AllowDiscount>
      <ItemStatus>1</ItemStatus>
      <ItemId>7556</ItemId>
    </Item>
    <Item>
      <PriceUpdateDate>2015-01-01 00:00:00</PriceUpdateDate>
      <ItemCode>7290000068169</ItemCode>
      <ItemType>1</ItemType>
      <ItemName>פודינג בטעם שוקולד</ItemName>
      <ManufacturerName>אסם</ManufacturerName>
      <ManufactureCountry>ישראל</ManufactureCountry>
      <ManufacturerItemDescription>פודינג בטעם שוקולד 95 גרם</ManufacturerItemDescription>
      <UnitQty>גרמים</UnitQty>
      <Quantity>95.00</Quantity>
      <UnitOfMeasure>100 גרם</UnitOfMeasure>
      <bIsWeighted>0</bIsWeighted>
      <QtyInPackage>1</QtyInPackage>
      <ItemPrice>5.60</ItemPrice>
      <UnitOfMeasurePrice>5.8947</UnitOfMeasurePrice>
      <AllowDiscount>1</AllowDiscount>
      <ItemStatus>1</ItemStatus>
      <ItemId>7566</ItemId>
    </Item>
    <Item>
      <PriceUpdateDate>2016-05-11 08:01:50</PriceUpdateDate>
      <ItemCode>7290000068190</ItemCode>
      <ItemType>1</ItemType>
      <ItemName>גלי בזק תות שדה</ItemName>
      <ManufacturerName>אסם</ManufacturerName>
      <ManufactureCountry>ישראל</ManufactureCountry>
      <ManufacturerItemDescription>גלי בזק טעם תות שדה 90 גרם</ManufacturerItemDescription>
      <UnitQty>גרמים</UnitQty>
      <Quantity>90.00</Quantity>
      <UnitOfMeasure>100 גרם</UnitOfMeasure>
      <bIsWeighted>0</bIsWeighted>
      <QtyInPackage>1</QtyInPackage>
      <ItemPrice>8.00</ItemPrice>
      <UnitOfMeasurePrice>8.8889</UnitOfMeasurePrice>
      <AllowDiscount>1</AllowDiscount>
      <ItemStatus>1</ItemStatus>
      <ItemId>7568</ItemId>
    </Item>
    <Item>
      <PriceUpdateDate>2015-01-01 00:00:00</PriceUpdateDate>
      <ItemCode>7290000068343</ItemCode>
      <ItemType>1</ItemType>
      <ItemName>פריכוני אורז מלא</ItemName>
      <ManufacturerName>פרח תעשיות</ManufacturerName>
      <ManufactureCountry>ישראל</ManufactureCountry>
      <ManufacturerItemDescription>פריכוני אורז מלא 140 גר</ManufacturerItemDescription>
      <UnitQty>גרמים</UnitQty>
      <Quantity>140.00</Quantity>
      <UnitOfMeasure>100 גרם</UnitOfMeasure>
      <bIsWeighted>0</bIsWeighted>
      <QtyInPackage>1</QtyInPackage>
      <ItemPrice>7.80</ItemPrice>
      <UnitOfMeasurePrice>5.5714</UnitOfMeasurePrice>
      <AllowDiscount>1</AllowDiscount>
      <ItemStatus>1</ItemStatus>
      <ItemId>7587</ItemId>
    </Item>
    <Item>
      <PriceUpdateDate>2015-10-04 10:17:52</PriceUpdateDate>
      <ItemCode>7290000692210</ItemCode>
      <ItemType>1</ItemType>
      <ItemName>לניקוי כללי אגיקס</ItemName>
      <ManufacturerName>Colgate (Euro)-Palmo</ManufacturerName>
      <ManufactureCountry>יוון</ManufactureCountry>
      <ManufacturerItemDescription>לניקוי כללי אגיקס לבנדר 2 ל            .</ManufacturerItemDescription>
      <UnitQty>ליטרים</UnitQty>
      <Quantity>2.00</Quantity>
      <UnitOfMeasure>ליטר</UnitOfMeasure>
      <bIsWeighted>0</bIsWeighted>
      <QtyInPackage>1</QtyInPackage>
      <ItemPrice>25.60</ItemPrice>
      <UnitOfMeasurePrice>12.8000</UnitOfMeasurePrice>
      <AllowDiscount>1</AllowDiscount>
      <ItemStatus>1</ItemStatus>
      <ItemId>7705</ItemId>
    </Item>
    <Item>
      <PriceUpdateDate>2015-10-04 10:17:52</PriceUpdateDate>
      <ItemCode>7290000692302</ItemCode>
      <ItemType>1</ItemType>
      <ItemName>אגיקס לניקוי כללי</ItemName>
      <ManufacturerName>Colgate (Euro)-Palmo</ManufacturerName>
      <ManufactureCountry>יוון</ManufactureCountry>
      <ManufacturerItemDescription>לניקוי כללי אגיקס כחול 2 ל             .</ManufacturerItemDescription>
      <UnitQty>ליטרים</UnitQty>
      <Quantity>2.00</Quantity>
      <UnitOfMeasure>ליטר</UnitOfMeasure>
      <bIsWeighted>0</bIsWeighted>
      <QtyInPackage>1</QtyInPackage>
      <ItemPrice>25.60</ItemPrice>
      <UnitOfMeasurePrice>12.8000</UnitOfMeasurePrice>
      <AllowDiscount>1</AllowDiscount>
      <ItemStatus>1</ItemStatus>
      <ItemId>7709</ItemId>
    </Item>
    <Item>
      <PriceUpdateDate>2015-10-04 10:17:52</PriceUpdateDate>
      <ItemCode>7290000692456</ItemCode>
      <ItemType>1</ItemType>
      <ItemName>לניקוי חלונות אגקס</ItemName>
      <ManufacturerName>COLGATE (Greece)-PAL</ManufacturerName>
      <ManufactureCountry>ישראל</ManufactureCountry>
      <ManufacturerItemDescription>לניקוי חלונות אגקס כחול זוג</ManufacturerItemDescription>
      <UnitQty>ליטרים</UnitQty>
      <Quantity>1.50</Quantity>
      <UnitOfMeasure>ליטר</UnitOfMeasure>
      <bIsWeighted>0</bIsWeighted>
      <QtyInPackage>1</QtyInPackage>
      <ItemPrice>24.70</ItemPrice>
      <UnitOfMeasurePrice>16.4667</UnitOfMeasurePrice>
      <AllowDiscount>1</AllowDiscount>
      <ItemStatus>1</ItemStatus>
      <ItemId>7712</ItemId>
    </Item>
    <Item>
      <PriceUpdateDate>2015-01-01 00:00:00</PriceUpdateDate>
      <ItemCode>7290006983176</ItemCode>
      <ItemType>1</ItemType>
      <ItemName>לחמית עם שיפון</ItemName>
      <ManufacturerName>אסם</ManufacturerName>
      <ManufactureCountry>ישראל</ManufactureCountry>
      <ManufacturerItemDescription>לחמית עם שיפון 230 גרם</ManufacturerItemDescription>
      <UnitQty>גרמים</UnitQty>
      <Quantity>230.00</Quantity>
      <UnitOfMeasure>100 גרם</UnitOfMeasure>
      <bIsWeighted>0</bIsWeighted>
      <QtyInPackage>1</QtyInPackage>
      <ItemPrice>10.40</ItemPrice>
      <UnitOfMeasurePrice>4.5217</UnitOfMeasurePrice>
      <AllowDiscount>1</AllowDiscount>
      <ItemStatus>1</ItemStatus>
      <ItemId>7743</ItemId>
    </Item>
    <Item>
      <PriceUpdateDate>2015-01-01 00:00:00</PriceUpdateDate>
      <ItemCode>7290000070322</ItemCode>
      <ItemType>1</ItemType>
      <ItemName>מרק פטריות</ItemName>
      <ManufacturerName>אסם</ManufacturerName>
      <ManufactureCountry>לא ידוע</ManufactureCountry>
      <ManufacturerItemDescription>מרק פטריות 400 גרם</ManufacturerItemDescription>
      <UnitQty>גרמים</UnitQty>
      <Quantity>400.00</Quantity>
      <UnitOfMeasure>100 גרם</UnitOfMeasure>
      <bIsWeighted>0</bIsWeighted>
      <QtyInPackage>1</QtyInPackage>
      <ItemPrice>31.30</ItemPrice>
      <UnitOfMeasurePrice>7.8250</UnitOfMeasurePrice>
      <AllowDiscount>1</AllowDiscount>
      <ItemStatus>1</ItemStatus>
      <ItemId>7802</ItemId>
    </Item>
    <Item>
      <PriceUpdateDate>2015-10-04 10:16:34</PriceUpdateDate>
      <ItemCode>7290000720852</ItemCode>
      <ItemType>1</ItemType>
      <ItemName>מגבונים לחים</ItemName>
      <ManufacturerName>על בד</ManufacturerName>
      <ManufactureCountry>ישראל</ManufactureCountry>
      <ManufacturerItemDescription>פרשוואנס מגבונים לחים גמבו          32</ManufacturerItemDescription>
      <UnitQty>Unknown </UnitQty>
      <Quantity>0.00</Quantity>
      <UnitOfMeasure>Unknown </UnitOfMeasure>
      <bIsWeighted>0</bIsWeighted>
      <QtyInPackage>1</QtyInPackage>
      <ItemPrice>14.80</ItemPrice>
      <UnitOfMeasurePrice>0.0000</UnitOfMeasurePrice>
      <AllowDiscount>1</AllowDiscount>
      <ItemStatus>1</ItemStatus>
      <ItemId>7842</ItemId>
    </Item>
    <Item>
      <PriceUpdateDate>2015-08-12 10:24:39</PriceUpdateDate>
      <ItemCode>7290000072227</ItemCode>
      <ItemType>1</ItemType>
      <ItemName>רוטב סויה סגנון סיני</ItemName>
      <ManufacturerName>אסם</ManufacturerName>
      <ManufactureCountry>ישראל</ManufactureCountry>
      <ManufacturerItemDescription>רוטב סויה סגנון סיני 290 מל</ManufacturerItemDescription>
      <UnitQty>מיליליטרים</UnitQty>
      <Quantity>290.00</Quantity>
      <UnitOfMeasure>100 מ"ל</UnitOfMeasure>
      <bIsWeighted>0</bIsWeighted>
      <QtyInPackage>1</QtyInPackage>
      <ItemPrice>12.90</ItemPrice>
      <UnitOfMeasurePrice>4.4483</UnitOfMeasurePrice>
      <AllowDiscount>1</AllowDiscount>
      <ItemStatus>1</ItemStatus>
      <ItemId>7845</ItemId>
    </Item>
    <Item>
      <PriceUpdateDate>2015-08-12 10:24:39</PriceUpdateDate>
      <ItemCode>7290000072623</ItemCode>
      <ItemType>1</ItemType>
      <ItemName>קטשופ לחיץ רגיל</ItemName>
      <ManufacturerName>אסם</ManufacturerName>
      <ManufactureCountry>ישראל</ManufactureCountry>
      <ManufacturerItemDescription>קטשופ לחיץ רגיל 750 גרם</ManufacturerItemDescription>
      <UnitQty>גרמים</UnitQty>
      <Quantity>750.00</Quantity>
      <UnitOfMeasure>100 גרם</UnitOfMeasure>
      <bIsWeighted>0</bIsWeighted>
      <QtyInPackage>1</QtyInPackage>
      <ItemPrice>12.70</ItemPrice>
      <UnitOfMeasurePrice>1.6933</UnitOfMeasurePrice>
      <AllowDiscount>1</AllowDiscount>
      <ItemStatus>1</ItemStatus>
      <ItemId>7858</ItemId>
    </Item>
    <Item>
      <PriceUpdateDate>2016-06-07 07:33:06</PriceUpdateDate>
      <ItemCode>7290010154005</ItemCode>
      <ItemType>1</ItemType>
      <ItemName>סחוג תימני</ItemName>
      <ManufacturerName>תבליני ביטון</ManufacturerName>
      <ManufactureCountry>לא ידוע</ManufactureCountry>
      <ManufacturerItemDescription>סחוג תימני 250 גרם</ManufacturerItemDescription>
      <UnitQty>גרמים</UnitQty>
      <Quantity>250.00</Quantity>
      <UnitOfMeasure>100 גרם</UnitOfMeasure>
      <bIsWeighted>0</bIsWeighted>
      <QtyInPackage>1</QtyInPackage>
      <ItemPrice>16.00</ItemPrice>
      <UnitOfMeasurePrice>6.4000</UnitOfMeasurePrice>
      <AllowDiscount>1</AllowDiscount>
      <ItemStatus>1</ItemStatus>
      <ItemId>7939</ItemId>
    </Item>
    <Item>
      <PriceUpdateDate>2015-10-04 10:16:43</PriceUpdateDate>
      <ItemCode>72909768</ItemCode>
      <ItemType>1</ItemType>
      <ItemName>חטיף פסק זמן   PLAY</ItemName>
      <ManufacturerName>שטראוס גרופ</ManufacturerName>
      <ManufactureCountry>ישראל</ManufactureCountry>
      <ManufacturerItemDescription>חטיף פסק זמן 40 PLAY גרם</ManufacturerItemDescription>
      <UnitQty>גרמים</UnitQty>
      <Quantity>40.00</Quantity>
      <UnitOfMeasure>100 גרם</UnitOfMeasure>
      <bIsWeighted>0</bIsWeighted>
      <QtyInPackage>1</QtyInPackage>
      <ItemPrice>5.70</ItemPrice>
      <UnitOfMeasurePrice>14.2500</UnitOfMeasurePrice>
      <AllowDiscount>1</AllowDiscount>
      <ItemStatus>1</ItemStatus>
      <ItemId>8004</ItemId>
    </Item>
    <Item>
      <PriceUpdateDate>2015-08-12 10:24:49</PriceUpdateDate>
      <ItemCode>72909799</ItemCode>
      <ItemType>1</ItemType>
      <ItemName>חטיף קליק אוקיי</ItemName>
      <ManufacturerName>אתר צפת חטיפים - Foo</ManufacturerName>
      <ManufactureCountry>ישראל</ManufactureCountry>
      <ManufacturerItemDescription>חטיף קליק אוקיי 35 גר                  .</ManufacturerItemDescription>
      <UnitQty>Unknown </UnitQty>
      <Quantity>0.00</Quantity>
      <UnitOfMeasure>Unknown </UnitOfMeasure>
      <bIsWeighted>0</bIsWeighted>
      <QtyInPackage>1</QtyInPackage>
      <ItemPrice>5.90</ItemPrice>
      <UnitOfMeasurePrice>0.0000</UnitOfMeasurePrice>
      <AllowDiscount>1</AllowDiscount>
      <ItemStatus>1</ItemStatus>
      <ItemId>8005</ItemId>
    </Item>
    <Item>
      <PriceUpdateDate>2015-10-04 10:16:43</PriceUpdateDate>
      <ItemCode>72917275</ItemCode>
      <ItemType>1</ItemType>
      <ItemName>חטיף טורטית 40 גרם</ItemName>
      <ManufacturerName>שטראוס גרופ</ManufacturerName>
      <ManufactureCountry>לא ידוע</ManufactureCountry>
      <ManufacturerItemDescription>חטיף טורטית40 גר</ManufacturerItemDescription>
      <UnitQty>גרמים</UnitQty>
      <Quantity>40.00</Quantity>
      <UnitOfMeasure>100 גרם</UnitOfMeasure>
      <bIsWeighted>0</bIsWeighted>
      <QtyInPackage>1</QtyInPackage>
      <ItemPrice>5.70</ItemPrice>
      <UnitOfMeasurePrice>14.2500</UnitOfMeasurePrice>
      <AllowDiscount>1</AllowDiscount>
      <ItemStatus>1</ItemStatus>
      <ItemId>8015</ItemId>
    </Item>
    <Item>
      <PriceUpdateDate>2015-08-12 10:25:04</PriceUpdateDate>
      <ItemCode>72917329</ItemCode>
      <ItemType>1</ItemType>
      <ItemName>חטיף אגוזי</ItemName>
      <ManufacturerName>שטראוס גרופ</ManufacturerName>
      <ManufactureCountry>ישראל</ManufactureCountry>
      <ManufacturerItemDescription>חטיף אגוזי 45 גר                       .</ManufacturerItemDescription>
      <UnitQty>Unknown </UnitQty>
      <Quantity>0.00</Quantity>
      <UnitOfMeasure>Unknown </UnitOfMeasure>
      <bIsWeighted>0</bIsWeighted>
      <QtyInPackage>1</QtyInPackage>
      <ItemPrice>4.60</ItemPrice>
      <UnitOfMeasurePrice>0.0000</UnitOfMeasurePrice>
      <AllowDiscount>1</AllowDiscount>
      <ItemStatus>1</ItemStatus>
      <ItemId>8016</ItemId>
    </Item>
    <Item>
      <PriceUpdateDate>2015-08-12 10:25:04</PriceUpdateDate>
      <ItemCode>72917367</ItemCode>
      <ItemType>1</ItemType>
      <ItemName>חטיף טעמי</ItemName>
      <ManufacturerName>שטראוס גרופ</ManufacturerName>
      <ManufactureCountry>ישראל</ManufactureCountry>
      <ManufacturerItemDescription>חטיף טעמי 40 גרם</ManufacturerItemDescription>
      <UnitQty>Unknown </UnitQty>
      <Quantity>0.00</Quantity>
      <UnitOfMeasure>Unknown </UnitOfMeasure>
      <bIsWeighted>0</bIsWeighted>
      <QtyInPackage>1</QtyInPackage>
      <ItemPrice>4.60</ItemPrice>
      <UnitOfMeasurePrice>0.0000</UnitOfMeasurePrice>
      <AllowDiscount>1</AllowDiscount>
      <ItemStatus>1</ItemStatus>
      <ItemId>8017</ItemId>
    </Item>
    <Item>
      <PriceUpdateDate>2015-08-12 10:25:04</PriceUpdateDate>
      <ItemCode>72917589</ItemCode>
      <ItemType>1</ItemType>
      <ItemName>חטיף שוקולדה מקופלת</ItemName>
      <ManufacturerName>שטראוס גרופ</ManufacturerName>
      <ManufactureCountry>ישראל</ManufactureCountry>
      <ManufacturerItemDescription>חטיף שוק.מקופלת 25 גר                  .</ManufacturerItemDescription>
      <UnitQty>Unknown </UnitQty>
      <Quantity>0.00</Quantity>
      <UnitOfMeasure>Unknown </UnitOfMeasure>
      <bIsWeighted>0</bIsWeighted>
      <QtyInPackage>1</QtyInPackage>
      <ItemPrice>4.60</ItemPrice>
      <UnitOfMeasurePrice>0.0000</UnitOfMeasurePrice>
      <AllowDiscount>1</AllowDiscount>
      <ItemStatus>1</ItemStatus>
      <ItemId>8018</ItemId>
    </Item>
    <Item>
      <PriceUpdateDate>2015-10-04 10:16:43</PriceUpdateDate>
      <ItemCode>72917893</ItemCode>
      <ItemType>1</ItemType>
      <ItemName>פסק זמן חלב</ItemName>
      <ManufacturerName>שטראוס גרופ</ManufacturerName>
      <ManufactureCountry>ישראל</ManufactureCountry>
      <ManufacturerItemDescription>חטיף פסק זמן חלב45 גר                  .</ManufacturerItemDescription>
      <UnitQty>גרמים</UnitQty>
      <Quantity>45.00</Quantity>
      <UnitOfMeasure>100 גרם</UnitOfMeasure>
      <bIsWeighted>0</bIsWeighted>
      <QtyInPackage>1</QtyInPackage>
      <ItemPrice>5.70</ItemPrice>
      <UnitOfMeasurePrice>12.6667</UnitOfMeasurePrice>
      <AllowDiscount>1</AllowDiscount>
      <ItemStatus>1</ItemStatus>
      <ItemId>8020</ItemId>
    </Item>
    <Item>
      <PriceUpdateDate>2015-08-12 10:25:04</PriceUpdateDate>
      <ItemCode>72918388</ItemCode>
      <ItemType>1</ItemType>
      <ItemName>חטיף טוויסט</ItemName>
      <ManufacturerName>שטראוס גרופ</ManufacturerName>
      <ManufactureCountry>ישראל</ManufactureCountry>
      <ManufacturerItemDescription>חטיף טוויסט 28 גר                      .</ManufacturerItemDescription>
      <UnitQty>Unknown </UnitQty>
      <Quantity>0.00</Quantity>
      <UnitOfMeasure>Unknown </UnitOfMeasure>
      <bIsWeighted>0</bIsWeighted>
      <QtyInPackage>1</QtyInPackage>
      <ItemPrice>4.60</ItemPrice>
      <UnitOfMeasurePrice>0.0000</UnitOfMeasurePrice>
      <AllowDiscount>1</AllowDiscount>
      <ItemStatus>1</ItemStatus>
      <ItemId>8022</ItemId>
    </Item>
    <Item>
      <PriceUpdateDate>2015-08-12 10:25:04</PriceUpdateDate>
      <ItemCode>72940761</ItemCode>
      <ItemType>1</ItemType>
      <ItemName>מעדן מילקי שוקו</ItemName>
      <ManufacturerName>שטראוס גרופ</ManufacturerName>
      <ManufactureCountry>ישראל</ManufactureCountry>
      <ManufacturerItemDescription>מילקי שוקו170 גר                       .</ManufacturerItemDescription>
      <UnitQty>מיליליטרים</UnitQty>
      <Quantity>170.00</Quantity>
      <UnitOfMeasure>100 מ"ל</UnitOfMeasure>
      <bIsWeighted>0</bIsWeighted>
      <QtyInPackage>1</QtyInPackage>
      <ItemPrice>3.00</ItemPrice>
      <UnitOfMeasurePrice>1.7647</UnitOfMeasurePrice>
      <AllowDiscount>1</AllowDiscount>
      <ItemStatus>1</ItemStatus>
      <ItemId>8027</ItemId>
    </Item>
    <Item>
      <PriceUpdateDate>2016-02-11 07:45:26</PriceUpdateDate>
      <ItemCode>72963104</ItemCode>
      <ItemType>1</ItemType>
      <ItemName>חמאה 100 גרם פיקוח</ItemName>
      <ManufacturerName>תנובה מרכז שיתופי לש</ManufacturerName>
      <ManufactureCountry>ישראל</ManufactureCountry>
      <ManufacturerItemDescription>חמאה 100 גרם פיקוח</ManufacturerItemDescription>
      <UnitQty>גרמים</UnitQty>
      <Quantity>100.00</Quantity>
      <UnitOfMeasure>100 גרם</UnitOfMeasure>
      <bIsWeighted>0</bIsWeighted>
      <QtyInPackage>1</QtyInPackage>
      <ItemPrice>3.80</ItemPrice>
      <UnitOfMeasurePrice>3.8000</UnitOfMeasurePrice>
      <AllowDiscount>1</AllowDiscount>
      <ItemStatus>1</ItemStatus>
      <ItemId>8367</ItemId>
    </Item>
    <Item>
      <PriceUpdateDate>2015-08-03 07:56:02</PriceUpdateDate>
      <ItemCode>72963753</ItemCode>
      <ItemType>1</ItemType>
      <ItemName>שמנת של פעם     200</ItemName>
      <ManufacturerName>תנובה מרכז שיתופי לש</ManufacturerName>
      <ManufactureCountry>ישראל</ManufactureCountry>
      <ManufacturerItemDescription>שמנת של פעם200 מל                   27%.</ManufacturerItemDescription>
      <UnitQty>גרמים</UnitQty>
      <Quantity>200.00</Quantity>
      <UnitOfMeasure>100 גרם</UnitOfMeasure>
      <bIsWeighted>0</bIsWeighted>
      <QtyInPackage>1</QtyInPackage>
      <ItemPrice>4.20</ItemPrice>
      <UnitOfMeasurePrice>2.1000</UnitOfMeasurePrice>
      <AllowDiscount>1</AllowDiscount>
      <ItemStatus>1</ItemStatus>
      <ItemId>8370</ItemId>
    </Item>
    <Item>
      <PriceUpdateDate>2015-01-01 00:00:00</PriceUpdateDate>
      <ItemCode>72964422</ItemCode>
      <ItemType>1</ItemType>
      <ItemName>יוגורט200-4% מל</ItemName>
      <ManufacturerName>תנובה מרכז שיתופי לש</ManufacturerName>
      <ManufactureCountry>ישראל</ManufactureCountry>
      <ManufacturerItemDescription>יוגורט200-4% מל                        .</ManufacturerItemDescription>
      <UnitQty>גרמים</UnitQty>
      <Quantity>200.00</Quantity>
      <UnitOfMeasure>100 גרם</UnitOfMeasure>
      <bIsWeighted>0</bIsWeighted>
      <QtyInPackage>1</QtyInPackage>
      <ItemPrice>2.80</ItemPrice>
      <UnitOfMeasurePrice>1.4000</UnitOfMeasurePrice>
      <AllowDiscount>1</AllowDiscount>
      <ItemStatus>1</ItemStatus>
      <ItemId>8373</ItemId>
    </Item>
    <Item>
      <PriceUpdateDate>2015-08-12 10:25:04</PriceUpdateDate>
      <ItemCode>72991008</ItemCode>
      <ItemType>1</ItemType>
      <ItemName>חטיף פסק זמן מגדים</ItemName>
      <ManufacturerName>שטראוס גרופ</ManufacturerName>
      <ManufactureCountry>ישראל</ManufactureCountry>
      <ManufacturerItemDescription>חטיף פסק זמן חלב מגדים 45 גר           .</ManufacturerItemDescription>
      <UnitQty>Unknown </UnitQty>
      <Quantity>0.00</Quantity>
      <UnitOfMeasure>Unknown </UnitOfMeasure>
      <bIsWeighted>0</bIsWeighted>
      <QtyInPackage>1</QtyInPackage>
      <ItemPrice>5.80</ItemPrice>
      <UnitOfMeasurePrice>0.0000</UnitOfMeasurePrice>
      <AllowDiscount>1</AllowDiscount>
      <ItemStatus>1</ItemStatus>
      <ItemId>9162</ItemId>
    </Item>
    <Item>
      <PriceUpdateDate>2015-10-04 10:20:44</PriceUpdateDate>
      <ItemCode>72991374</ItemCode>
      <ItemType>1</ItemType>
      <ItemName>סיגריות טיים רד חפיס</ItemName>
      <ManufacturerName>דובק</ManufacturerName>
      <ManufactureCountry>לא ידוע</ManufactureCountry>
      <ManufacturerItemDescription>סיגריות טיים רד בודד</ManufacturerItemDescription>
      <UnitQty>Unknown </UnitQty>
      <Quantity>0.00</Quantity>
      <UnitOfMeasure>Unknown </UnitOfMeasure>
      <bIsWeighted>0</bIsWeighted>
      <QtyInPackage>1</QtyInPackage>
      <ItemPrice>28.90</ItemPrice>
      <UnitOfMeasurePrice>0.0000</UnitOfMeasurePrice>
      <AllowDiscount>0</AllowDiscount>
      <ItemStatus>1</ItemStatus>
      <ItemId>9163</ItemId>
    </Item>
    <Item>
      <PriceUpdateDate>2015-10-04 10:20:44</PriceUpdateDate>
      <ItemCode>72991497</ItemCode>
      <ItemType>1</ItemType>
      <ItemName>סיגריות נובלס פילטר</ItemName>
      <ManufacturerName>דובק</ManufacturerName>
      <ManufactureCountry>לא ידוע</ManufactureCountry>
      <ManufacturerItemDescription>סיגריות נובלס פילטר בודד</ManufacturerItemDescription>
      <UnitQty>Unknown </UnitQty>
      <Quantity>0.00</Quantity>
      <UnitOfMeasure>Unknown </UnitOfMeasure>
      <bIsWeighted>0</bIsWeighted>
      <QtyInPackage>1</QtyInPackage>
      <ItemPrice>29.20</ItemPrice>
      <UnitOfMeasurePrice>0.0000</UnitOfMeasurePrice>
      <AllowDiscount>0</AllowDiscount>
      <ItemStatus>1</ItemStatus>
      <ItemId>9174</ItemId>
    </Item>
    <Item>
      <PriceUpdateDate>2015-10-04 10:16:43</PriceUpdateDate>
      <ItemCode>72992357</ItemCode>
      <ItemType>1</ItemType>
      <ItemName>פסק זמן ביג ביט</ItemName>
      <ManufacturerName>שטראוס גרופ</ManufacturerName>
      <ManufactureCountry>ישראל</ManufactureCountry>
      <ManufacturerItemDescription>חטיף פסק זמן ביג בייט 52 גרם</ManufacturerItemDescription>
      <UnitQty>גרמים</UnitQty>
      <Quantity>52.00</Quantity>
      <UnitOfMeasure>100 גרם</UnitOfMeasure>
      <bIsWeighted>0</bIsWeighted>
      <QtyInPackage>1</QtyInPackage>
      <ItemPrice>5.70</ItemPrice>
      <UnitOfMeasurePrice>10.9615</UnitOfMeasurePrice>
      <AllowDiscount>1</AllowDiscount>
      <ItemStatus>1</ItemStatus>
      <ItemId>9185</ItemId>
    </Item>
    <Item>
      <PriceUpdateDate>2015-01-01 00:00:00</PriceUpdateDate>
      <ItemCode>7290000074153</ItemCode>
      <ItemType>1</ItemType>
      <ItemName>ביסקויט פתיבר שוקו 5</ItemName>
      <ManufacturerName>אסם</ManufacturerName>
      <ManufactureCountry>לא ידוע</ManufactureCountry>
      <ManufacturerItemDescription>ביסקויט פתיבר שוקו 500 גר              .</ManufacturerItemDescription>
      <UnitQty>גרמים</UnitQty>
      <Quantity>500.00</Quantity>
      <UnitOfMeasure>100 גרם</UnitOfMeasure>
      <bIsWeighted>0</bIsWeighted>
      <QtyInPackage>1</QtyInPackage>
      <ItemPrice>14.10</ItemPrice>
      <UnitOfMeasurePrice>2.8200</UnitOfMeasurePrice>
      <AllowDiscount>1</AllowDiscount>
      <ItemStatus>1</ItemStatus>
      <ItemId>9271</ItemId>
    </Item>
    <Item>
      <PriceUpdateDate>2015-01-01 00:00:00</PriceUpdateDate>
      <ItemCode>7290000074177</ItemCode>
      <ItemType>1</ItemType>
      <ItemName>פתיבר בינוני</ItemName>
      <ManufacturerName>אסם</ManufacturerName>
      <ManufactureCountry>ישראל</ManufactureCountry>
      <ManufacturerItemDescription>פתיבר 250 גר                           .</ManufacturerItemDescription>
      <UnitQty>גרמים</UnitQty>
      <Quantity>250.00</Quantity>
      <UnitOfMeasure>100 גרם</UnitOfMeasure>
      <bIsWeighted>0</bIsWeighted>
      <QtyInPackage>1</QtyInPackage>
      <ItemPrice>7.50</ItemPrice>
      <UnitOfMeasurePrice>3.0000</UnitOfMeasurePrice>
      <AllowDiscount>1</AllowDiscount>
      <ItemStatus>1</ItemStatus>
      <ItemId>9274</ItemId>
    </Item>
    <Item>
      <PriceUpdateDate>2015-08-12 10:24:39</PriceUpdateDate>
      <ItemCode>7290000074184</ItemCode>
      <ItemType>1</ItemType>
      <ItemName>ביסקויט פתיבר בינוני</ItemName>
      <ManufacturerName>אסם</ManufacturerName>
      <ManufactureCountry>ישראל</ManufactureCountry>
      <ManufacturerItemDescription>ביסקויט פתיבר 500 גר</ManufacturerItemDescription>
      <UnitQty>גרמים</UnitQty>
      <Quantity>500.00</Quantity>
      <UnitOfMeasure>100 גרם</UnitOfMeasure>
      <bIsWeighted>0</bIsWeighted>
      <QtyInPackage>1</QtyInPackage>
      <ItemPrice>12.70</ItemPrice>
      <UnitOfMeasurePrice>2.5400</UnitOfMeasurePrice>
      <AllowDiscount>1</AllowDiscount>
      <ItemStatus>1</ItemStatus>
      <ItemId>9275</ItemId>
    </Item>
    <Item>
      <PriceUpdateDate>2015-08-12 10:24:44</PriceUpdateDate>
      <ItemCode>7290000074245</ItemCode>
      <ItemType>1</ItemType>
      <ItemName>קרם קרקר</ItemName>
      <ManufacturerName>אסם</ManufacturerName>
      <ManufactureCountry>ישראל</ManufactureCountry>
      <ManufacturerItemDescription>קרם קרקר250 גר             131         .</ManufacturerItemDescription>
      <UnitQty>גרמים</UnitQty>
      <Quantity>250.00</Quantity>
      <UnitOfMeasure>100 גרם</UnitOfMeasure>
      <bIsWeighted>0</bIsWeighted>
      <QtyInPackage>1</QtyInPackage>
      <ItemPrice>10.00</ItemPrice>
      <UnitOfMeasurePrice>4.0000</UnitOfMeasurePrice>
      <AllowDiscount>1</AllowDiscount>
      <ItemStatus>1</ItemStatus>
      <ItemId>9277</ItemId>
    </Item>
    <Item>
      <PriceUpdateDate>2015-01-01 00:00:00</PriceUpdateDate>
      <ItemCode>7290000074252</ItemCode>
      <ItemType>1</ItemType>
      <ItemName>קרקר שומשום</ItemName>
      <ManufacturerName>אסם</ManufacturerName>
      <ManufactureCountry>ישראל</ManufactureCountry>
      <ManufacturerItemDescription>קרקר שומשום250 גר             132      .</ManufacturerItemDescription>
      <UnitQty>גרמים</UnitQty>
      <Quantity>250.00</Quantity>
      <UnitOfMeasure>100 גרם</UnitOfMeasure>
      <bIsWeighted>0</bIsWeighted>
      <QtyInPackage>1</QtyInPackage>
      <ItemPrice>10.90</ItemPrice>
      <UnitOfMeasurePrice>4.3600</UnitOfMeasurePrice>
      <AllowDiscount>1</AllowDiscount>
      <ItemStatus>1</ItemStatus>
      <ItemId>9278</ItemId>
    </Item>
    <Item>
      <PriceUpdateDate>2015-01-01 00:00:00</PriceUpdateDate>
      <ItemCode>7290000074276</ItemCode>
      <ItemType>1</ItemType>
      <ItemName>קרקר פיקנטי טבעון</ItemName>
      <ManufacturerName>אסם</ManufacturerName>
      <ManufactureCountry>ישראל</ManufactureCountry>
      <ManufacturerItemDescription>טבעון קרקר פיקנטי250 גר            134 .</ManufacturerItemDescription>
      <UnitQty>גרמים</UnitQty>
      <Quantity>250.00</Quantity>
      <UnitOfMeasure>100 גרם</UnitOfMeasure>
      <bIsWeighted>0</bIsWeighted>
      <QtyInPackage>1</QtyInPackage>
      <ItemPrice>11.60</ItemPrice>
      <UnitOfMeasurePrice>4.6400</UnitOfMeasurePrice>
      <AllowDiscount>1</AllowDiscount>
      <ItemStatus>1</ItemStatus>
      <ItemId>9279</ItemId>
    </Item>
    <Item>
      <PriceUpdateDate>2015-01-01 00:00:00</PriceUpdateDate>
      <ItemCode>7290000074375</ItemCode>
      <ItemType>1</ItemType>
      <ItemName>קרקר זהב</ItemName>
      <ManufacturerName>אסם</ManufacturerName>
      <ManufactureCountry>ישראל</ManufactureCountry>
      <ManufacturerItemDescription>קרקר זהב 150 גרם</ManufacturerItemDescription>
      <UnitQty>גרמים</UnitQty>
      <Quantity>150.00</Quantity>
      <UnitOfMeasure>100 גרם</UnitOfMeasure>
      <bIsWeighted>0</bIsWeighted>
      <QtyInPackage>1</QtyInPackage>
      <ItemPrice>8.10</ItemPrice>
      <UnitOfMeasurePrice>5.4000</UnitOfMeasurePrice>
      <AllowDiscount>1</AllowDiscount>
      <ItemStatus>1</ItemStatus>
      <ItemId>9283</ItemId>
    </Item>
    <Item>
      <PriceUpdateDate>2015-01-01 00:00:00</PriceUpdateDate>
      <ItemCode>7290000075143</ItemCode>
      <ItemType>1</ItemType>
      <ItemName>עוגיות משהו וניל</ItemName>
      <ManufacturerName>אסם</ManufacturerName>
      <ManufactureCountry>ישראל</ManufactureCountry>
      <ManufacturerItemDescription>עוגיות משהו וניל שוקוציפס200 ג</ManufacturerItemDescription>
      <UnitQty>גרמים</UnitQty>
      <Quantity>200.00</Quantity>
      <UnitOfMeasure>100 גרם</UnitOfMeasure>
      <bIsWeighted>0</bIsWeighted>
      <QtyInPackage>1</QtyInPackage>
      <ItemPrice>11.60</ItemPrice>
      <UnitOfMeasurePrice>5.8000</UnitOfMeasurePrice>
      <AllowDiscount>1</AllowDiscount>
      <ItemStatus>1</ItemStatus>
      <ItemId>9304</ItemId>
    </Item>
    <Item>
      <PriceUpdateDate>2015-08-12 10:24:39</PriceUpdateDate>
      <ItemCode>7290000076133</ItemCode>
      <ItemType>1</ItemType>
      <ItemName>בייגלה שמיניות קטנות</ItemName>
      <ManufacturerName>אסם</ManufacturerName>
      <ManufactureCountry>לא ידוע</ManufactureCountry>
      <ManufacturerItemDescription>ביגלה שמיניות קטנות 400 גרם</ManufacturerItemDescription>
      <UnitQty>גרמים</UnitQty>
      <Quantity>400.00</Quantity>
      <UnitOfMeasure>100 גרם</UnitOfMeasure>
      <bIsWeighted>0</bIsWeighted>
      <QtyInPackage>1</QtyInPackage>
      <ItemPrice>11.70</ItemPrice>
      <UnitOfMeasurePrice>2.9250</UnitOfMeasurePrice>
      <AllowDiscount>1</AllowDiscount>
      <ItemStatus>1</ItemStatus>
      <ItemId>9331</ItemId>
    </Item>
    <Item>
      <PriceUpdateDate>2016-05-19 15:15:28</PriceUpdateDate>
      <ItemCode>8008660210038</ItemCode>
      <ItemType>1</ItemType>
      <ItemName>מעדן ריבה תות שדה 30</ItemName>
      <ManufacturerName>מנז אנד גאסר</ManufacturerName>
      <ManufactureCountry>לא ידוע</ManufactureCountry>
      <ManufacturerItemDescription>מעדן ריבה תות שדה</ManufacturerItemDescription>
      <UnitQty>גרמים</UnitQty>
      <Quantity>300.00</Quantity>
      <UnitOfMeasure>100 גרם</UnitOfMeasure>
      <bIsWeighted>0</bIsWeighted>
      <QtyInPackage>1</QtyInPackage>
      <ItemPrice>18.90</ItemPrice>
      <UnitOfMeasurePrice>6.3000</UnitOfMeasurePrice>
      <AllowDiscount>1</AllowDiscount>
      <ItemStatus>1</ItemStatus>
      <ItemId>109339</ItemId>
    </Item>
    <Item>
      <PriceUpdateDate>2015-01-01 00:00:00</PriceUpdateDate>
      <ItemCode>7290000077017</ItemCode>
      <ItemType>1</ItemType>
      <ItemName>עוגיות משהו קרמוגית</ItemName>
      <ManufacturerName>אסם</ManufacturerName>
      <ManufactureCountry>ישראל</ManufactureCountry>
      <ManufacturerItemDescription>עוגיות משהו קרמוגית שוקולד          200</ManufacturerItemDescription>
      <UnitQty>גרמים</UnitQty>
      <Quantity>200.00</Quantity>
      <UnitOfMeasure>100 גרם</UnitOfMeasure>
      <bIsWeighted>0</bIsWeighted>
      <QtyInPackage>1</QtyInPackage>
      <ItemPrice>12.40</ItemPrice>
      <UnitOfMeasurePrice>6.2000</UnitOfMeasurePrice>
      <AllowDiscount>1</AllowDiscount>
      <ItemStatus>1</ItemStatus>
      <ItemId>9358</ItemId>
    </Item>
    <Item>
      <PriceUpdateDate>2015-01-01 00:00:00</PriceUpdateDate>
      <ItemCode>7792860006218</ItemCode>
      <ItemType>1</ItemType>
      <ItemName>סוכריות לקקן בייבי ד</ItemName>
      <ManufacturerName>לרטייר</ManufacturerName>
      <ManufactureCountry>ארגנטינה</ManufactureCountry>
      <ManufacturerItemDescription>סוכריות לקקן בייבי דול 20 גר</ManufacturerItemDescription>
      <UnitQty>Unknown </UnitQty>
      <Quantity>0.00</Quantity>
      <UnitOfMeasure>Unknown </UnitOfMeasure>
      <bIsWeighted>0</bIsWeighted>
      <QtyInPackage>1</QtyInPackage>
      <ItemPrice>2.60</ItemPrice>
      <UnitOfMeasurePrice>0.0000</UnitOfMeasurePrice>
      <AllowDiscount>1</AllowDiscount>
      <ItemStatus>1</ItemStatus>
      <ItemId>9397</ItemId>
    </Item>
    <Item>
      <PriceUpdateDate>2016-07-20 06:58:27</PriceUpdateDate>
      <ItemCode>7804414000884</ItemCode>
      <ItemType>1</ItemType>
      <ItemName>יין דון חוליו שרדונה</ItemName>
      <ManufacturerName>יקב</ManufacturerName>
      <ManufactureCountry>צ'ילה (AACR)</ManufactureCountry>
      <ManufacturerItemDescription>יין דון חוליו שרדונה 750 מל</ManufacturerItemDescription>
      <UnitQty>מיליליטרים</UnitQty>
      <Quantity>750.00</Quantity>
      <UnitOfMeasure>100 מ"ל</UnitOfMeasure>
      <bIsWeighted>0</bIsWeighted>
      <QtyInPackage>1</QtyInPackage>
      <ItemPrice>35.90</ItemPrice>
      <UnitOfMeasurePrice>4.7867</UnitOfMeasurePrice>
      <AllowDiscount>1</AllowDiscount>
      <ItemStatus>1</ItemStatus>
      <ItemId>9402</ItemId>
    </Item>
    <Item>
      <PriceUpdateDate>2015-08-03 07:56:00</PriceUpdateDate>
      <ItemCode>80001287</ItemCode>
      <ItemType>1</ItemType>
      <ItemName>חטיף גרדנה אגוז</ItemName>
      <ManufacturerName>לואקר</ManufacturerName>
      <ManufactureCountry>לא ידוע</ManufactureCountry>
      <ManufacturerItemDescription>חטיף גרדנה אגוז 38 גר                  "</ManufacturerItemDescription>
      <UnitQty>Unknown </UnitQty>
      <Quantity>0.00</Quantity>
      <UnitOfMeasure>Unknown </UnitOfMeasure>
      <bIsWeighted>0</bIsWeighted>
      <QtyInPackage>1</QtyInPackage>
      <ItemPrice>4.60</ItemPrice>
      <UnitOfMeasurePrice>0.0000</UnitOfMeasurePrice>
      <AllowDiscount>1</AllowDiscount>
      <ItemStatus>1</ItemStatus>
      <ItemId>9501</ItemId>
    </Item>
    <Item>
      <PriceUpdateDate>2015-01-01 00:00:00</PriceUpdateDate>
      <ItemCode>8000380003723</ItemCode>
      <ItemType>1</ItemType>
      <ItemName>ופל גרנד פטיסרי אגוז</ItemName>
      <ManufacturerName>לואקר</ManufacturerName>
      <ManufactureCountry>לא ידוע</ManufactureCountry>
      <ManufacturerItemDescription>ופל גרנד פטיסרי אגוזים100 ג</ManufacturerItemDescription>
      <UnitQty>גרמים</UnitQty>
      <Quantity>100.00</Quantity>
      <UnitOfMeasure>100 גרם</UnitOfMeasure>
      <bIsWeighted>0</bIsWeighted>
      <QtyInPackage>1</QtyInPackage>
      <ItemPrice>14.20</ItemPrice>
      <UnitOfMeasurePrice>14.2000</UnitOfMeasurePrice>
      <AllowDiscount>1</AllowDiscount>
      <ItemStatus>1</ItemStatus>
      <ItemId>9510</ItemId>
    </Item>
    <Item>
      <PriceUpdateDate>2015-01-01 00:00:00</PriceUpdateDate>
      <ItemCode>8000380004911</ItemCode>
      <ItemType>1</ItemType>
      <ItemName>וופל קואדרטיני אגוז</ItemName>
      <ManufacturerName>לואקר</ManufacturerName>
      <ManufactureCountry>לא ידוע</ManufactureCountry>
      <ManufacturerItemDescription>וופל קואדרטיני אגוז 250 גר             .</ManufacturerItemDescription>
      <UnitQty>גרמים</UnitQty>
      <Quantity>250.00</Quantity>
      <UnitOfMeasure>100 גרם</UnitOfMeasure>
      <bIsWeighted>0</bIsWeighted>
      <QtyInPackage>1</QtyInPackage>
      <ItemPrice>14.90</ItemPrice>
      <UnitOfMeasurePrice>5.9600</UnitOfMeasurePrice>
      <AllowDiscount>1</AllowDiscount>
      <ItemStatus>1</ItemStatus>
      <ItemId>9513</ItemId>
    </Item>
    <Item>
      <PriceUpdateDate>2015-01-01 00:00:00</PriceUpdateDate>
      <ItemCode>8000380004966</ItemCode>
      <ItemType>1</ItemType>
      <ItemName>וופל קואדרטיני קקאו</ItemName>
      <ManufacturerName>לואקר</ManufacturerName>
      <ManufactureCountry>לא ידוע</ManufactureCountry>
      <ManufacturerItemDescription>וופל קואדרטיני קקאו 250 גר             .</ManufacturerItemDescription>
      <UnitQty>גרמים</UnitQty>
      <Quantity>250.00</Quantity>
      <UnitOfMeasure>100 גרם</UnitOfMeasure>
      <bIsWeighted>0</bIsWeighted>
      <QtyInPackage>1</QtyInPackage>
      <ItemPrice>14.90</ItemPrice>
      <UnitOfMeasurePrice>5.9600</UnitOfMeasurePrice>
      <AllowDiscount>1</AllowDiscount>
      <ItemStatus>1</ItemStatus>
      <ItemId>9514</ItemId>
    </Item>
    <Item>
      <PriceUpdateDate>2015-10-04 10:19:25</PriceUpdateDate>
      <ItemCode>8002450006559</ItemCode>
      <ItemType>1</ItemType>
      <ItemName>יין קזה דה לואיג"י ש</ItemName>
      <ManufacturerName>יקב</ManufacturerName>
      <ManufactureCountry>איטליה</ManufactureCountry>
      <ManufacturerItemDescription>יין קזה דה לואיגי שרדונה           750</ManufacturerItemDescription>
      <UnitQty>מיליליטרים</UnitQty>
      <Quantity>750.00</Quantity>
      <UnitOfMeasure>100 מ"ל</UnitOfMeasure>
      <bIsWeighted>0</bIsWeighted>
      <QtyInPackage>1</QtyInPackage>
      <ItemPrice>32.60</ItemPrice>
      <UnitOfMeasurePrice>4.3467</UnitOfMeasurePrice>
      <AllowDiscount>1</AllowDiscount>
      <ItemStatus>1</ItemStatus>
      <ItemId>9556</ItemId>
    </Item>
    <Item>
      <PriceUpdateDate>2015-10-04 10:19:25</PriceUpdateDate>
      <ItemCode>8002450206508</ItemCode>
      <ItemType>1</ItemType>
      <ItemName>יין קזה קברנה סוביני</ItemName>
      <ManufacturerName>יקב</ManufacturerName>
      <ManufactureCountry>צ'ילה (AACR)</ManufactureCountry>
      <ManufacturerItemDescription>יין קזה קברנה סוביניון 750 מל</ManufacturerItemDescription>
      <UnitQty>מיליליטרים</UnitQty>
      <Quantity>750.00</Quantity>
      <UnitOfMeasure>100 מ"ל</UnitOfMeasure>
      <bIsWeighted>0</bIsWeighted>
      <QtyInPackage>1</QtyInPackage>
      <ItemPrice>33.80</ItemPrice>
      <UnitOfMeasurePrice>4.5067</UnitOfMeasurePrice>
      <AllowDiscount>1</AllowDiscount>
      <ItemStatus>1</ItemStatus>
      <ItemId>9557</ItemId>
    </Item>
    <Item>
      <PriceUpdateDate>2015-10-04 10:19:25</PriceUpdateDate>
      <ItemCode>8002450206522</ItemCode>
      <ItemType>1</ItemType>
      <ItemName>יין קזה מרלו דלואיג"</ItemName>
      <ManufacturerName>יקב</ManufacturerName>
      <ManufactureCountry>צ'ילה (AACR)</ManufactureCountry>
      <ManufacturerItemDescription>יין קזה מרלו דלואיגי</ManufacturerItemDescription>
      <UnitQty>מיליליטרים</UnitQty>
      <Quantity>750.00</Quantity>
      <UnitOfMeasure>100 מ"ל</UnitOfMeasure>
      <bIsWeighted>0</bIsWeighted>
      <QtyInPackage>1</QtyInPackage>
      <ItemPrice>33.80</ItemPrice>
      <UnitOfMeasurePrice>4.5067</UnitOfMeasurePrice>
      <AllowDiscount>1</AllowDiscount>
      <ItemStatus>1</ItemStatus>
      <ItemId>9559</ItemId>
    </Item>
    <Item>
      <PriceUpdateDate>2015-08-27 12:55:45</PriceUpdateDate>
      <ItemCode>8004030044005</ItemCode>
      <ItemType>1</ItemType>
      <ItemName>טונה בשמן זית</ItemName>
      <ManufacturerName>BOLTON ALIMENTARI SP</ManufacturerName>
      <ManufactureCountry>איטליה</ManufactureCountry>
      <ManufacturerItemDescription>טונה בשמן זית 160 ריומרה160 ג</ManufacturerItemDescription>
      <UnitQty>גרמים</UnitQty>
      <Quantity>160.00</Quantity>
      <UnitOfMeasure>100 גרם</UnitOfMeasure>
      <bIsWeighted>0</bIsWeighted>
      <QtyInPackage>1</QtyInPackage>
      <ItemPrice>18.50</ItemPrice>
      <UnitOfMeasurePrice>11.5625</UnitOfMeasurePrice>
      <AllowDiscount>1</AllowDiscount>
      <ItemStatus>1</ItemStatus>
      <ItemId>9652</ItemId>
    </Item>
    <Item>
      <PriceUpdateDate>2015-08-27 12:55:45</PriceUpdateDate>
      <ItemCode>8004030081024</ItemCode>
      <ItemType>1</ItemType>
      <ItemName>טונה בשמן עם שום</ItemName>
      <ManufacturerName>BOLTON ALIMENTARI SP</ManufacturerName>
      <ManufactureCountry>איטליה</ManufactureCountry>
      <ManufacturerItemDescription>טונה בשמן זית+שום ופלפל ריומרה</ManufacturerItemDescription>
      <UnitQty>גרמים</UnitQty>
      <Quantity>160.00</Quantity>
      <UnitOfMeasure>100 גרם</UnitOfMeasure>
      <bIsWeighted>0</bIsWeighted>
      <QtyInPackage>1</QtyInPackage>
      <ItemPrice>18.50</ItemPrice>
      <UnitOfMeasurePrice>11.5625</UnitOfMeasurePrice>
      <AllowDiscount>1</AllowDiscount>
      <ItemStatus>1</ItemStatus>
      <ItemId>9654</ItemId>
    </Item>
    <Item>
      <PriceUpdateDate>2015-06-19 10:52:34</PriceUpdateDate>
      <ItemCode>80273561</ItemCode>
      <ItemType>1</ItemType>
      <ItemName>פלפל שחור במטחנה</ItemName>
      <ManufacturerName>DROGHERIA E ALIMENTA</ManufacturerName>
      <ManufactureCountry>איטליה</ManufactureCountry>
      <ManufacturerItemDescription>פלפל שחור במטחנה 45 גר                 "</ManufacturerItemDescription>
      <UnitQty>גרמים</UnitQty>
      <Quantity>45.00</Quantity>
      <UnitOfMeasure>100 גרם</UnitOfMeasure>
      <bIsWeighted>0</bIsWeighted>
      <QtyInPackage>1</QtyInPackage>
      <ItemPrice>14.90</ItemPrice>
      <UnitOfMeasurePrice>33.1111</UnitOfMeasurePrice>
      <AllowDiscount>1</AllowDiscount>
      <ItemStatus>1</ItemStatus>
      <ItemId>9808</ItemId>
    </Item>
    <Item>
      <PriceUpdateDate>2015-06-19 10:52:34</PriceUpdateDate>
      <ItemCode>80273592</ItemCode>
      <ItemType>1</ItemType>
      <ItemName>פלפל 4 העונות במטחנה</ItemName>
      <ManufacturerName>DROGHERIA E ALIMENTA</ManufacturerName>
      <ManufactureCountry>איטליה</ManufactureCountry>
      <ManufacturerItemDescription>פלפל 4 העונות במטחנה 35 גר             "</ManufacturerItemDescription>
      <UnitQty>גרמים</UnitQty>
      <Quantity>35.00</Quantity>
      <UnitOfMeasure>100 גרם</UnitOfMeasure>
      <bIsWeighted>0</bIsWeighted>
      <QtyInPackage>1</QtyInPackage>
      <ItemPrice>14.90</ItemPrice>
      <UnitOfMeasurePrice>42.5714</UnitOfMeasurePrice>
      <AllowDiscount>1</AllowDiscount>
      <ItemStatus>1</ItemStatus>
      <ItemId>9810</ItemId>
    </Item>
    <Item>
      <PriceUpdateDate>2015-01-01 00:00:00</PriceUpdateDate>
      <ItemCode>80518532743</ItemCode>
      <ItemType>1</ItemType>
      <ItemName>שקית בלון 50 בלונים</ItemName>
      <ManufacturerName>NORTHERN</ManufacturerName>
      <ManufactureCountry>לא ידוע</ManufactureCountry>
      <ManufacturerItemDescription>שקית בלון 50 בלונים</ManufacturerItemDescription>
      <UnitQty>Unknown </UnitQty>
      <Quantity>0.00</Quantity>
      <UnitOfMeasure>Unknown </UnitOfMeasure>
      <bIsWeighted>0</bIsWeighted>
      <QtyInPackage>1</QtyInPackage>
      <ItemPrice>15.90</ItemPrice>
      <UnitOfMeasurePrice>0.0000</UnitOfMeasurePrice>
      <AllowDiscount>1</AllowDiscount>
      <ItemStatus>1</ItemStatus>
      <ItemId>9830</ItemId>
    </Item>
    <Item>
      <PriceUpdateDate>2015-07-30 12:19:33</PriceUpdateDate>
      <ItemCode>7290000805917</ItemCode>
      <ItemType>1</ItemType>
      <ItemName>מ.חתולים להקט כבד 2.</ItemName>
      <ManufacturerName>ביופט בע"מ</ManufacturerName>
      <ManufactureCountry>לא ידוע</ManufactureCountry>
      <ManufacturerItemDescription>מ.חתולים להקט כבד2.85 קג               .</ManufacturerItemDescription>
      <UnitQty>קילוגרמים</UnitQty>
      <Quantity>2.85</Quantity>
      <UnitOfMeasure>ק"ג</UnitOfMeasure>
      <bIsWeighted>0</bIsWeighted>
      <QtyInPackage>1</QtyInPackage>
      <ItemPrice>61.90</ItemPrice>
      <UnitOfMeasurePrice>21.7193</UnitOfMeasurePrice>
      <AllowDiscount>1</AllowDiscount>
      <ItemStatus>1</ItemStatus>
      <ItemId>9850</ItemId>
    </Item>
    <Item>
      <PriceUpdateDate>2015-07-30 12:19:33</PriceUpdateDate>
      <ItemCode>7290000805924</ItemCode>
      <ItemType>1</ItemType>
      <ItemName>מזון לחתול להקט דגים</ItemName>
      <ManufacturerName>ביופט בע"מ</ManufacturerName>
      <ManufactureCountry>לא ידוע</ManufactureCountry>
      <ManufacturerItemDescription>מ.חתולים להקט דגים2.85 קג              .</ManufacturerItemDescription>
      <UnitQty>קילוגרמים</UnitQty>
      <Quantity>2.85</Quantity>
      <UnitOfMeasure>ק"ג</UnitOfMeasure>
      <bIsWeighted>0</bIsWeighted>
      <QtyInPackage>1</QtyInPackage>
      <ItemPrice>61.90</ItemPrice>
      <UnitOfMeasurePrice>21.7193</UnitOfMeasurePrice>
      <AllowDiscount>1</AllowDiscount>
      <ItemStatus>1</ItemStatus>
      <ItemId>9851</ItemId>
    </Item>
    <Item>
      <PriceUpdateDate>2016-02-05 07:30:21</PriceUpdateDate>
      <ItemCode>8076800195057</ItemCode>
      <ItemType>1</ItemType>
      <ItemName>ספגטיני ברילה     5</ItemName>
      <ManufacturerName>BARILLA G.E.R.</ManufacturerName>
      <ManufactureCountry>איטליה</ManufactureCountry>
      <ManufacturerItemDescription>פסטה ברילה ספגטיני מס                 .5</ManufacturerItemDescription>
      <UnitQty>גרמים</UnitQty>
      <Quantity>500.00</Quantity>
      <UnitOfMeasure>100 גרם</UnitOfMeasure>
      <bIsWeighted>0</bIsWeighted>
      <QtyInPackage>1</QtyInPackage>
      <ItemPrice>8.90</ItemPrice>
      <UnitOfMeasurePrice>1.7800</UnitOfMeasurePrice>
      <AllowDiscount>1</AllowDiscount>
      <ItemStatus>1</ItemStatus>
      <ItemId>9875</ItemId>
    </Item>
    <Item>
      <PriceUpdateDate>2016-02-05 07:30:21</PriceUpdateDate>
      <ItemCode>8076802085738</ItemCode>
      <ItemType>1</ItemType>
      <ItemName>פסטה ברילה פנה רגטה</ItemName>
      <ManufacturerName>BARILLA G.E.R.</ManufacturerName>
      <ManufactureCountry>איטליה</ManufactureCountry>
      <ManufacturerItemDescription>פסטה ברילה פנה רגטה מס               .73</ManufacturerItemDescription>
      <UnitQty>גרמים</UnitQty>
      <Quantity>500.00</Quantity>
      <UnitOfMeasure>100 גרם</UnitOfMeasure>
      <bIsWeighted>0</bIsWeighted>
      <QtyInPackage>1</QtyInPackage>
      <ItemPrice>8.90</ItemPrice>
      <UnitOfMeasurePrice>1.7800</UnitOfMeasurePrice>
      <AllowDiscount>1</AllowDiscount>
      <ItemStatus>1</ItemStatus>
      <ItemId>9881</ItemId>
    </Item>
    <Item>
      <PriceUpdateDate>2016-02-05 07:30:21</PriceUpdateDate>
      <ItemCode>8076802085981</ItemCode>
      <ItemType>1</ItemType>
      <ItemName>פסטה ברילה פוזילי98</ItemName>
      <ManufacturerName>BARILLA G.E.R.</ManufacturerName>
      <ManufactureCountry>איטליה</ManufactureCountry>
      <ManufacturerItemDescription>פסטה ברילה פוזילי מס                 .98</ManufacturerItemDescription>
      <UnitQty>גרמים</UnitQty>
      <Quantity>500.00</Quantity>
      <UnitOfMeasure>100 גרם</UnitOfMeasure>
      <bIsWeighted>0</bIsWeighted>
      <QtyInPackage>1</QtyInPackage>
      <ItemPrice>8.90</ItemPrice>
      <UnitOfMeasurePrice>1.7800</UnitOfMeasurePrice>
      <AllowDiscount>1</AllowDiscount>
      <ItemStatus>1</ItemStatus>
      <ItemId>9885</ItemId>
    </Item>
    <Item>
      <PriceUpdateDate>2016-02-05 07:30:21</PriceUpdateDate>
      <ItemCode>8076808060654</ItemCode>
      <ItemType>1</ItemType>
      <ItemName>פסטה ברילה פרפלה 65</ItemName>
      <ManufacturerName>BARILLA G.E.R.</ManufacturerName>
      <ManufactureCountry>איטליה</ManufactureCountry>
      <ManufacturerItemDescription>פסטה ברילה פרפלה מס                  .65</ManufacturerItemDescription>
      <UnitQty>גרמים</UnitQty>
      <Quantity>500.00</Quantity>
      <UnitOfMeasure>100 גרם</UnitOfMeasure>
      <bIsWeighted>0</bIsWeighted>
      <QtyInPackage>1</QtyInPackage>
      <ItemPrice>8.90</ItemPrice>
      <UnitOfMeasurePrice>1.7800</UnitOfMeasurePrice>
      <AllowDiscount>1</AllowDiscount>
      <ItemStatus>1</ItemStatus>
      <ItemId>9888</ItemId>
    </Item>
    <Item>
      <PriceUpdateDate>2015-10-04 10:17:52</PriceUpdateDate>
      <ItemCode>8076809513388</ItemCode>
      <ItemType>1</ItemType>
      <ItemName>רוטב פסטה ארביאטה</ItemName>
      <ManufacturerName>BARILLA G.E.R.</ManufacturerName>
      <ManufactureCountry>איטליה</ManufactureCountry>
      <ManufacturerItemDescription>רוטב פסטה ברילה ארביאטה 400 ג</ManufacturerItemDescription>
      <UnitQty>גרמים</UnitQty>
      <Quantity>400.00</Quantity>
      <UnitOfMeasure>100 גרם</UnitOfMeasure>
      <bIsWeighted>0</bIsWeighted>
      <QtyInPackage>1</QtyInPackage>
      <ItemPrice>15.80</ItemPrice>
      <UnitOfMeasurePrice>3.9500</UnitOfMeasurePrice>
      <AllowDiscount>1</AllowDiscount>
      <ItemStatus>1</ItemStatus>
      <ItemId>9894</ItemId>
    </Item>
    <Item>
      <PriceUpdateDate>2015-10-04 10:17:52</PriceUpdateDate>
      <ItemCode>8076809513395</ItemCode>
      <ItemType>1</ItemType>
      <ItemName>רוטב פסטה פומוודורו</ItemName>
      <ManufacturerName>BARILLA G.E.R.</ManufacturerName>
      <ManufactureCountry>איטליה</ManufactureCountry>
      <ManufacturerItemDescription>רוטב פסטה ברילה פומודורו400 גר</ManufacturerItemDescription>
      <UnitQty>גרמים</UnitQty>
      <Quantity>400.00</Quantity>
      <UnitOfMeasure>100 גרם</UnitOfMeasure>
      <bIsWeighted>0</bIsWeighted>
      <QtyInPackage>1</QtyInPackage>
      <ItemPrice>15.80</ItemPrice>
      <UnitOfMeasurePrice>3.9500</UnitOfMeasurePrice>
      <AllowDiscount>1</AllowDiscount>
      <ItemStatus>1</ItemStatus>
      <ItemId>9895</ItemId>
    </Item>
    <Item>
      <PriceUpdateDate>2015-10-04 10:17:52</PriceUpdateDate>
      <ItemCode>8076809513692</ItemCode>
      <ItemType>1</ItemType>
      <ItemName>רוטב פסטה נפולטנה</ItemName>
      <ManufacturerName>BARILLA G.E.R.</ManufacturerName>
      <ManufactureCountry>איטליה</ManufactureCountry>
      <ManufacturerItemDescription>רוטב פסטה ברילה נפולטנה 400גר</ManufacturerItemDescription>
      <UnitQty>גרמים</UnitQty>
      <Quantity>400.00</Quantity>
      <UnitOfMeasure>100 גרם</UnitOfMeasure>
      <bIsWeighted>0</bIsWeighted>
      <QtyInPackage>1</QtyInPackage>
      <ItemPrice>15.80</ItemPrice>
      <UnitOfMeasurePrice>3.9500</UnitOfMeasurePrice>
      <AllowDiscount>1</AllowDiscount>
      <ItemStatus>1</ItemStatus>
      <ItemId>9896</ItemId>
    </Item>
    <Item>
      <PriceUpdateDate>2015-10-04 10:18:33</PriceUpdateDate>
      <ItemCode>7290008084956</ItemCode>
      <ItemType>1</ItemType>
      <ItemName>בייבי פסטה</ItemName>
      <ManufacturerName>יושלם</ManufacturerName>
      <ManufactureCountry>יושלם</ManufactureCountry>
      <ManufacturerItemDescription>בייבי פסטה 120 גר</ManufacturerItemDescription>
      <UnitQty>גרמים</UnitQty>
      <Quantity>120.00</Quantity>
      <UnitOfMeasure>100 גרם</UnitOfMeasure>
      <bIsWeighted>0</bIsWeighted>
      <QtyInPackage>1</QtyInPackage>
      <ItemPrice>17.80</ItemPrice>
      <UnitOfMeasurePrice>14.8333</UnitOfMeasurePrice>
      <AllowDiscount>1</AllowDiscount>
      <ItemStatus>1</ItemStatus>
      <ItemId>9921</ItemId>
    </Item>
    <Item>
      <PriceUpdateDate>2015-01-01 00:00:00</PriceUpdateDate>
      <ItemCode>7290002881865</ItemCode>
      <ItemType>1</ItemType>
      <ItemName>פטריות חתוך 8</ItemName>
      <ManufacturerName>Prochamp B.V</ManufacturerName>
      <ManufactureCountry>הולנד</ManufactureCountry>
      <ManufacturerItemDescription>פטריות חתוך 8</ManufacturerItemDescription>
      <UnitQty>יחידה   </UnitQty>
      <Quantity>1.00</Quantity>
      <UnitOfMeasure>יחידה   </UnitOfMeasure>
      <bIsWeighted>0</bIsWeighted>
      <QtyInPackage>1</QtyInPackage>
      <ItemPrice>6.00</ItemPrice>
      <UnitOfMeasurePrice>6.0000</UnitOfMeasurePrice>
      <AllowDiscount>1</AllowDiscount>
      <ItemStatus>1</ItemStatus>
      <ItemId>69755</ItemId>
    </Item>
    <Item>
      <PriceUpdateDate>2015-10-04 10:17:29</PriceUpdateDate>
      <ItemCode>7290008345132</ItemCode>
      <ItemType>1</ItemType>
      <ItemName>הרינג כבוש 240 גרם</ItemName>
      <ManufacturerName>דגי התקווה אשדוד</ManufacturerName>
      <ManufactureCountry>ישראל</ManufactureCountry>
      <ManufacturerItemDescription>הרינג כבוש 240 גרם</ManufacturerItemDescription>
      <UnitQty>גרמים</UnitQty>
      <Quantity>240.00</Quantity>
      <UnitOfMeasure>100 גרם</UnitOfMeasure>
      <bIsWeighted>0</bIsWeighted>
      <QtyInPackage>1</QtyInPackage>
      <ItemPrice>21.70</ItemPrice>
      <UnitOfMeasurePrice>9.0417</UnitOfMeasurePrice>
      <AllowDiscount>1</AllowDiscount>
      <ItemStatus>1</ItemStatus>
      <ItemId>10173</ItemId>
    </Item>
    <Item>
      <PriceUpdateDate>2015-10-04 10:19:32</PriceUpdateDate>
      <ItemCode>7290008409551</ItemCode>
      <ItemType>1</ItemType>
      <ItemName>שניצל עוף מעודן</ItemName>
      <ManufacturerName>תנובה</ManufacturerName>
      <ManufactureCountry>ישראל</ManufactureCountry>
      <ManufacturerItemDescription>שניצל עוף בציפוי מעודן 700 גרם</ManufacturerItemDescription>
      <UnitQty>גרמים</UnitQty>
      <Quantity>700.00</Quantity>
      <UnitOfMeasure>100 גרם</UnitOfMeasure>
      <bIsWeighted>0</bIsWeighted>
      <QtyInPackage>1</QtyInPackage>
      <ItemPrice>47.50</ItemPrice>
      <UnitOfMeasurePrice>6.7857</UnitOfMeasurePrice>
      <AllowDiscount>1</AllowDiscount>
      <ItemStatus>1</ItemStatus>
      <ItemId>10199</ItemId>
    </Item>
    <Item>
      <PriceUpdateDate>2015-10-04 10:19:32</PriceUpdateDate>
      <ItemCode>7290008409568</ItemCode>
      <ItemType>1</ItemType>
      <ItemName>שניצל ציפס אמיתי</ItemName>
      <ManufacturerName>תנובה</ManufacturerName>
      <ManufactureCountry>ישראל</ManufactureCountry>
      <ManufacturerItemDescription>שניצל ציפס אמיתי 700 גרם</ManufacturerItemDescription>
      <UnitQty>גרמים</UnitQty>
      <Quantity>700.00</Quantity>
      <UnitOfMeasure>100 גרם</UnitOfMeasure>
      <bIsWeighted>0</bIsWeighted>
      <QtyInPackage>1</QtyInPackage>
      <ItemPrice>47.50</ItemPrice>
      <UnitOfMeasurePrice>6.7857</UnitOfMeasurePrice>
      <AllowDiscount>1</AllowDiscount>
      <ItemStatus>1</ItemStatus>
      <ItemId>10200</ItemId>
    </Item>
    <Item>
      <PriceUpdateDate>2015-10-04 10:19:32</PriceUpdateDate>
      <ItemCode>7290008409605</ItemCode>
      <ItemType>1</ItemType>
      <ItemName>כוכבי עוף 700 גרם</ItemName>
      <ManufacturerName>יושלם</ManufacturerName>
      <ManufactureCountry>יושלם</ManufactureCountry>
      <ManufacturerItemDescription>כוכבי עוף 700 גרם</ManufacturerItemDescription>
      <UnitQty>גרמים</UnitQty>
      <Quantity>700.00</Quantity>
      <UnitOfMeasure>100 גרם</UnitOfMeasure>
      <bIsWeighted>0</bIsWeighted>
      <QtyInPackage>1</QtyInPackage>
      <ItemPrice>36.50</ItemPrice>
      <UnitOfMeasurePrice>5.2143</UnitOfMeasurePrice>
      <AllowDiscount>1</AllowDiscount>
      <ItemStatus>1</ItemStatus>
      <ItemId>10203</ItemId>
    </Item>
    <Item>
      <PriceUpdateDate>2016-05-11 08:02:23</PriceUpdateDate>
      <ItemCode>8410104039134</ItemCode>
      <ItemType>1</ItemType>
      <ItemName>פיניש ניקוי וחידוש</ItemName>
      <ManufacturerName>פיניש</ManufacturerName>
      <ManufactureCountry>לא ידוע</ManufactureCountry>
      <ManufacturerItemDescription>פיניש לניקוי וחידוש למדיח</ManufacturerItemDescription>
      <UnitQty>מיליליטרים</UnitQty>
      <Quantity>250.00</Quantity>
      <UnitOfMeasure>100 מ"ל</UnitOfMeasure>
      <bIsWeighted>0</bIsWeighted>
      <QtyInPackage>1</QtyInPackage>
      <ItemPrice>22.70</ItemPrice>
      <UnitOfMeasurePrice>9.0800</UnitOfMeasurePrice>
      <AllowDiscount>1</AllowDiscount>
      <ItemStatus>1</ItemStatus>
      <ItemId>10220</ItemId>
    </Item>
    <Item>
      <PriceUpdateDate>2016-09-01 06:20:21</PriceUpdateDate>
      <ItemCode>9185</ItemCode>
      <ItemType>0</ItemType>
      <ItemName>אפרסק לבן 55</ItemName>
      <ManufacturerName>חקלאי</ManufacturerName>
      <ManufactureCountry>ישראל</ManufactureCountry>
      <ManufacturerItemDescription>אפרסק לבן 55</ManufacturerItemDescription>
      <UnitQty>קילוגרמים</UnitQty>
      <Quantity>1.00</Quantity>
      <UnitOfMeasure>ק"ג</UnitOfMeasure>
      <bIsWeighted>1</bIsWeighted>
      <QtyInPackage>לא ידוע</QtyInPackage>
      <ItemPrice>10.90</ItemPrice>
      <UnitOfMeasurePrice>10.9000</UnitOfMeasurePrice>
      <AllowDiscount>1</AllowDiscount>
      <ItemStatus>1</ItemStatus>
      <ItemId>81179</ItemId>
    </Item>
    <Item>
      <PriceUpdateDate>2015-06-08 11:22:19</PriceUpdateDate>
      <ItemCode>7290101981046</ItemCode>
      <ItemType>1</ItemType>
      <ItemName>סט משאבלונים מותג</ItemName>
      <ManufacturerName>יושלם</ManufacturerName>
      <ManufactureCountry>יושלם</ManufactureCountry>
      <ManufacturerItemDescription>סט משאבה + בלונים ממותג</ManufacturerItemDescription>
      <UnitQty>Unknown </UnitQty>
      <Quantity>0.00</Quantity>
      <UnitOfMeasure>Unknown </UnitOfMeasure>
      <bIsWeighted>0</bIsWeighted>
      <QtyInPackage>1</QtyInPackage>
      <ItemPrice>20.00</ItemPrice>
      <UnitOfMeasurePrice>0.0000</UnitOfMeasurePrice>
      <AllowDiscount>1</AllowDiscount>
      <ItemStatus>1</ItemStatus>
      <ItemId>79172</ItemId>
    </Item>
    <Item>
      <PriceUpdateDate>2015-01-01 00:00:00</PriceUpdateDate>
      <ItemCode>7290006785633</ItemCode>
      <ItemType>1</ItemType>
      <ItemName>שקית 10 בלונים מיטלי</ItemName>
      <ManufacturerName>גמר</ManufacturerName>
      <ManufactureCountry>איטליה</ManufactureCountry>
      <ManufacturerItemDescription>בלונים 10 מיטלי</ManufacturerItemDescription>
      <UnitQty>Unknown </UnitQty>
      <Quantity>0.00</Quantity>
      <UnitOfMeasure>Unknown </UnitOfMeasure>
      <bIsWeighted>0</bIsWeighted>
      <QtyInPackage>1</QtyInPackage>
      <ItemPrice>7.90</ItemPrice>
      <UnitOfMeasurePrice>0.0000</UnitOfMeasurePrice>
      <AllowDiscount>1</AllowDiscount>
      <ItemStatus>1</ItemStatus>
      <ItemId>79173</ItemId>
    </Item>
    <Item>
      <PriceUpdateDate>2015-10-04 10:18:05</PriceUpdateDate>
      <ItemCode>7290008464338</ItemCode>
      <ItemType>1</ItemType>
      <ItemName>בירה מכבי בקבוק בודד</ItemName>
      <ManufacturerName>טמפו</ManufacturerName>
      <ManufactureCountry>ישראל</ManufactureCountry>
      <ManufacturerItemDescription>בירה מכבי בקבוק בודד 330 מל</ManufacturerItemDescription>
      <UnitQty>מיליליטרים</UnitQty>
      <Quantity>330.00</Quantity>
      <UnitOfMeasure>100 מ"ל</UnitOfMeasure>
      <bIsWeighted>0</bIsWeighted>
      <QtyInPackage>1</QtyInPackage>
      <ItemPrice>6.20</ItemPrice>
      <UnitOfMeasurePrice>1.8788</UnitOfMeasurePrice>
      <AllowDiscount>1</AllowDiscount>
      <ItemStatus>1</ItemStatus>
      <ItemId>10326</ItemId>
    </Item>
    <Item>
      <PriceUpdateDate>2015-10-18 13:13:05</PriceUpdateDate>
      <ItemCode>7290008464345</ItemCode>
      <ItemType>1</ItemType>
      <ItemName>בירה גולדסטאר330 בק.</ItemName>
      <ManufacturerName>טמפו</ManufacturerName>
      <ManufactureCountry>ישראל</ManufactureCountry>
      <ManufacturerItemDescription>בירה גולדסטאר 330 מל בקבוק</ManufacturerItemDescription>
      <UnitQty>מיליליטרים</UnitQty>
      <Quantity>330.00</Quantity>
      <UnitOfMeasure>100 מ"ל</UnitOfMeasure>
      <bIsWeighted>0</bIsWeighted>
      <QtyInPackage>1</QtyInPackage>
      <ItemPrice>7.20</ItemPrice>
      <UnitOfMeasurePrice>2.1818</UnitOfMeasurePrice>
      <AllowDiscount>1</AllowDiscount>
      <ItemStatus>1</ItemStatus>
      <ItemId>10327</ItemId>
    </Item>
    <Item>
      <PriceUpdateDate>2015-10-18 13:13:05</PriceUpdateDate>
      <ItemCode>7290008464468</ItemCode>
      <ItemType>1</ItemType>
      <ItemName>בירה גולדסטאר פחית</ItemName>
      <ManufacturerName>טמפו</ManufacturerName>
      <ManufactureCountry>ישראל</ManufactureCountry>
      <ManufacturerItemDescription>בירה גולדסטאר פחית500 מל               .</ManufacturerItemDescription>
      <UnitQty>מיליליטרים</UnitQty>
      <Quantity>500.00</Quantity>
      <UnitOfMeasure>100 מ"ל</UnitOfMeasure>
      <bIsWeighted>0</bIsWeighted>
      <QtyInPackage>1</QtyInPackage>
      <ItemPrice>9.90</ItemPrice>
      <UnitOfMeasurePrice>1.9800</UnitOfMeasurePrice>
      <AllowDiscount>1</AllowDiscount>
      <ItemStatus>1</ItemStatus>
      <ItemId>10330</ItemId>
    </Item>
    <Item>
      <PriceUpdateDate>2015-10-04 10:20:54</PriceUpdateDate>
      <ItemCode>7290008464475</ItemCode>
      <ItemType>1</ItemType>
      <ItemName>בירה מכבי פחית</ItemName>
      <ManufacturerName>טמפו</ManufacturerName>
      <ManufactureCountry>ישראל</ManufactureCountry>
      <ManufacturerItemDescription>בירה מכבי פחית500 מל                   .</ManufacturerItemDescription>
      <UnitQty>מיליליטרים</UnitQty>
      <Quantity>500.00</Quantity>
      <UnitOfMeasure>100 מ"ל</UnitOfMeasure>
      <bIsWeighted>0</bIsWeighted>
      <QtyInPackage>1</QtyInPackage>
      <ItemPrice>10.00</ItemPrice>
      <UnitOfMeasurePrice>2.0000</UnitOfMeasurePrice>
      <AllowDiscount>1</AllowDiscount>
      <ItemStatus>1</ItemStatus>
      <ItemId>10331</ItemId>
    </Item>
    <Item>
      <PriceUpdateDate>2015-10-04 10:20:54</PriceUpdateDate>
      <ItemCode>7290008464703</ItemCode>
      <ItemType>1</ItemType>
      <ItemName>בירה מכבי שישיה</ItemName>
      <ManufacturerName>טמפו</ManufacturerName>
      <ManufactureCountry>ישראל</ManufactureCountry>
      <ManufacturerItemDescription>בירה מכבי שישיה בקבוק</ManufacturerItemDescription>
      <UnitQty>ליטרים</UnitQty>
      <Quantity>1.98</Quantity>
      <UnitOfMeasure>ליטר</UnitOfMeasure>
      <bIsWeighted>0</bIsWeighted>
      <QtyInPackage>1</QtyInPackage>
      <ItemPrice>38.70</ItemPrice>
      <UnitOfMeasurePrice>19.5455</UnitOfMeasurePrice>
      <AllowDiscount>1</AllowDiscount>
      <ItemStatus>1</ItemStatus>
      <ItemId>10332</ItemId>
    </Item>
    <Item>
      <PriceUpdateDate>2015-10-04 10:20:54</PriceUpdateDate>
      <ItemCode>7290008464741</ItemCode>
      <ItemType>1</ItemType>
      <ItemName>בירה גולדסטאר   1/6</ItemName>
      <ManufacturerName>טמפו</ManufacturerName>
      <ManufactureCountry>ישראל</ManufactureCountry>
      <ManufacturerItemDescription>בירה גולדסטאר בקבוק330- 1/6 מל</ManufacturerItemDescription>
      <UnitQty>ליטרים</UnitQty>
      <Quantity>1.98</Quantity>
      <UnitOfMeasure>ליטר</UnitOfMeasure>
      <bIsWeighted>0</bIsWeighted>
      <QtyInPackage>1</QtyInPackage>
      <ItemPrice>45.50</ItemPrice>
      <UnitOfMeasurePrice>22.9798</UnitOfMeasurePrice>
      <AllowDiscount>1</AllowDiscount>
      <ItemStatus>1</ItemStatus>
      <ItemId>10335</ItemId>
    </Item>
    <Item>
      <PriceUpdateDate>2015-01-01 00:00:00</PriceUpdateDate>
      <ItemCode>7290008644112</ItemCode>
      <ItemType>1</ItemType>
      <ItemName>סלט מטבוחה יום יום</ItemName>
      <ManufacturerName>שטראוס גרופ</ManufacturerName>
      <ManufactureCountry>ישראל</ManufactureCountry>
      <ManufacturerItemDescription>סלט מטבוחה יום יום 125 גר              "</ManufacturerItemDescription>
      <UnitQty>גרמים</UnitQty>
      <Quantity>125.00</Quantity>
      <UnitOfMeasure>100 גרם</UnitOfMeasure>
      <bIsWeighted>0</bIsWeighted>
      <QtyInPackage>1</QtyInPackage>
      <ItemPrice>5.40</ItemPrice>
      <UnitOfMeasurePrice>4.3200</UnitOfMeasurePrice>
      <AllowDiscount>1</AllowDiscount>
      <ItemStatus>1</ItemStatus>
      <ItemId>10400</ItemId>
    </Item>
    <Item>
      <PriceUpdateDate>2015-10-04 10:18:13</PriceUpdateDate>
      <ItemCode>7290008690713</ItemCode>
      <ItemType>1</ItemType>
      <ItemName>נקטר חמוציותOCEAN S</ItemName>
      <ManufacturerName>פריגת</ManufacturerName>
      <ManufactureCountry>ישראל</ManufactureCountry>
      <ManufacturerItemDescription>נקטר חמוציות                OCEAN SPRAY</ManufacturerItemDescription>
      <UnitQty>ליטרים</UnitQty>
      <Quantity>1.00</Quantity>
      <UnitOfMeasure>ליטר</UnitOfMeasure>
      <bIsWeighted>0</bIsWeighted>
      <QtyInPackage>1</QtyInPackage>
      <ItemPrice>10.30</ItemPrice>
      <UnitOfMeasurePrice>10.3000</UnitOfMeasurePrice>
      <AllowDiscount>1</AllowDiscount>
      <ItemStatus>1</ItemStatus>
      <ItemId>10468</ItemId>
    </Item>
    <Item>
      <PriceUpdateDate>2015-11-29 15:20:23</PriceUpdateDate>
      <ItemCode>8691530010793</ItemCode>
      <ItemType>1</ItemType>
      <ItemName>רכז רימונים טהור</ItemName>
      <ManufacturerName>אריפוגלו</ManufacturerName>
      <ManufactureCountry>טורקיה</ManufactureCountry>
      <ManufacturerItemDescription>רכז רימונים טהור 345 גרם</ManufacturerItemDescription>
      <UnitQty>גרמים</UnitQty>
      <Quantity>345.00</Quantity>
      <UnitOfMeasure>100 גרם</UnitOfMeasure>
      <bIsWeighted>0</bIsWeighted>
      <QtyInPackage>1</QtyInPackage>
      <ItemPrice>20.70</ItemPrice>
      <UnitOfMeasurePrice>6.0000</UnitOfMeasurePrice>
      <AllowDiscount>1</AllowDiscount>
      <ItemStatus>1</ItemStatus>
      <ItemId>10473</ItemId>
    </Item>
    <Item>
      <PriceUpdateDate>2015-08-12 10:25:04</PriceUpdateDate>
      <ItemCode>7290008693134</ItemCode>
      <ItemType>1</ItemType>
      <ItemName>דניאלה מעדן גבינה</ItemName>
      <ManufacturerName>שטראוס גרופ</ManufacturerName>
      <ManufactureCountry>ישראל</ManufactureCountry>
      <ManufacturerItemDescription>דניאלה מעדן גבינה תות 150 מל</ManufacturerItemDescription>
      <UnitQty>מיליליטרים</UnitQty>
      <Quantity>150.00</Quantity>
      <UnitOfMeasure>100 מ"ל</UnitOfMeasure>
      <bIsWeighted>0</bIsWeighted>
      <QtyInPackage>1</QtyInPackage>
      <ItemPrice>4.50</ItemPrice>
      <UnitOfMeasurePrice>3.0000</UnitOfMeasurePrice>
      <AllowDiscount>1</AllowDiscount>
      <ItemStatus>1</ItemStatus>
      <ItemId>10495</ItemId>
    </Item>
    <Item>
      <PriceUpdateDate>2015-10-04 10:18:42</PriceUpdateDate>
      <ItemCode>7290008713016</ItemCode>
      <ItemType>1</ItemType>
      <ItemName>לחם שבעה דגנים קל</ItemName>
      <ManufacturerName>מאפיית אנג'ל</ManufacturerName>
      <ManufactureCountry>ישראל</ManufactureCountry>
      <ManufacturerItemDescription>לחם שבעה דגנים קל 500 גרם</ManufacturerItemDescription>
      <UnitQty>גרמים</UnitQty>
      <Quantity>500.00</Quantity>
      <UnitOfMeasure>100 גרם</UnitOfMeasure>
      <bIsWeighted>0</bIsWeighted>
      <QtyInPackage>1</QtyInPackage>
      <ItemPrice>15.10</ItemPrice>
      <UnitOfMeasurePrice>3.0200</UnitOfMeasurePrice>
      <AllowDiscount>1</AllowDiscount>
      <ItemStatus>1</ItemStatus>
      <ItemId>10571</ItemId>
    </Item>
    <Item>
      <PriceUpdateDate>2015-10-04 10:17:43</PriceUpdateDate>
      <ItemCode>7290104962110</ItemCode>
      <ItemType>1</ItemType>
      <ItemName>דאו תרסיס נושם בנות</ItemName>
      <ManufacturerName>אמיליה קוסמטיקס</ManufacturerName>
      <ManufactureCountry>ישראל</ManufactureCountry>
      <ManufacturerItemDescription>דאו תרסיס נושם בנות</ManufacturerItemDescription>
      <UnitQty>מיליליטרים</UnitQty>
      <Quantity>150.00</Quantity>
      <UnitOfMeasure>100 מ"ל</UnitOfMeasure>
      <bIsWeighted>0</bIsWeighted>
      <QtyInPackage>1</QtyInPackage>
      <ItemPrice>15.70</ItemPrice>
      <UnitOfMeasurePrice>10.4667</UnitOfMeasurePrice>
      <AllowDiscount>1</AllowDiscount>
      <ItemStatus>1</ItemStatus>
      <ItemId>93211</ItemId>
    </Item>
    <Item>
      <PriceUpdateDate>2015-01-01 00:00:00</PriceUpdateDate>
      <ItemCode>7290011249755</ItemCode>
      <ItemType>1</ItemType>
      <ItemName>וופל גלילית אגוזים 1</ItemName>
      <ManufacturerName>גילרו בע"מ</ManufacturerName>
      <ManufactureCountry>ישראל</ManufactureCountry>
      <ManufacturerItemDescription>וופל גלילית אגוזים גילרו</ManufacturerItemDescription>
      <UnitQty>גרמים</UnitQty>
      <Quantity>100.00</Quantity>
      <UnitOfMeasure>100 גרם</UnitOfMeasure>
      <bIsWeighted>0</bIsWeighted>
      <QtyInPackage>1</QtyInPackage>
      <ItemPrice>2.90</ItemPrice>
      <UnitOfMeasurePrice>2.9000</UnitOfMeasurePrice>
      <AllowDiscount>1</AllowDiscount>
      <ItemStatus>1</ItemStatus>
      <ItemId>97396</ItemId>
    </Item>
    <Item>
      <PriceUpdateDate>2015-08-12 10:24:36</PriceUpdateDate>
      <ItemCode>7290008745239</ItemCode>
      <ItemType>1</ItemType>
      <ItemName>תפוציפס קראנץ</ItemName>
      <ManufacturerName>שטראוס גרופ</ManufacturerName>
      <ManufactureCountry>ישראל</ManufactureCountry>
      <ManufacturerItemDescription>תפוציפס קראנץ בטעם טבעי 50 גרם</ManufacturerItemDescription>
      <UnitQty>גרמים</UnitQty>
      <Quantity>50.00</Quantity>
      <UnitOfMeasure>100 גרם</UnitOfMeasure>
      <bIsWeighted>0</bIsWeighted>
      <QtyInPackage>1</QtyInPackage>
      <ItemPrice>4.20</ItemPrice>
      <UnitOfMeasurePrice>8.4000</UnitOfMeasurePrice>
      <AllowDiscount>1</AllowDiscount>
      <ItemStatus>1</ItemStatus>
      <ItemId>10590</ItemId>
    </Item>
    <Item>
      <PriceUpdateDate>2015-10-04 10:16:43</PriceUpdateDate>
      <ItemCode>7290008747424</ItemCode>
      <ItemType>1</ItemType>
      <ItemName>שוקולד פרה תות</ItemName>
      <ManufacturerName>שטראוס גרופ</ManufacturerName>
      <ManufactureCountry>ישראל</ManufactureCountry>
      <ManufacturerItemDescription>שוקולד פרה במילוי תות 100 גר           "</ManufacturerItemDescription>
      <UnitQty>גרמים</UnitQty>
      <Quantity>100.00</Quantity>
      <UnitOfMeasure>100 גרם</UnitOfMeasure>
      <bIsWeighted>0</bIsWeighted>
      <QtyInPackage>1</QtyInPackage>
      <ItemPrice>6.60</ItemPrice>
      <UnitOfMeasurePrice>6.6000</UnitOfMeasurePrice>
      <AllowDiscount>1</AllowDiscount>
      <ItemStatus>1</ItemStatus>
      <ItemId>10598</ItemId>
    </Item>
    <Item>
      <PriceUpdateDate>2015-10-04 10:16:43</PriceUpdateDate>
      <ItemCode>7290008748384</ItemCode>
      <ItemType>1</ItemType>
      <ItemName>שוקולד ספלנדיד מריר</ItemName>
      <ManufacturerName>שטראוס גרופ</ManufacturerName>
      <ManufactureCountry>ישראל</ManufactureCountry>
      <ManufacturerItemDescription>שוקולד ספלנדיד מריר 100 גרם</ManufacturerItemDescription>
      <UnitQty>גרמים</UnitQty>
      <Quantity>100.00</Quantity>
      <UnitOfMeasure>100 גרם</UnitOfMeasure>
      <bIsWeighted>0</bIsWeighted>
      <QtyInPackage>1</QtyInPackage>
      <ItemPrice>11.60</ItemPrice>
      <UnitOfMeasurePrice>11.6000</UnitOfMeasurePrice>
      <AllowDiscount>1</AllowDiscount>
      <ItemStatus>1</ItemStatus>
      <ItemId>10609</ItemId>
    </Item>
    <Item>
      <PriceUpdateDate>2015-10-04 10:16:43</PriceUpdateDate>
      <ItemCode>7290008749343</ItemCode>
      <ItemType>1</ItemType>
      <ItemName>וופל שחור לבן</ItemName>
      <ManufacturerName>שטראוס גרופ</ManufacturerName>
      <ManufactureCountry>ישראל</ManufactureCountry>
      <ManufacturerItemDescription>ופל שחור לבן קרם וניל 400 גר</ManufacturerItemDescription>
      <UnitQty>גרמים</UnitQty>
      <Quantity>400.00</Quantity>
      <UnitOfMeasure>100 גרם</UnitOfMeasure>
      <bIsWeighted>0</bIsWeighted>
      <QtyInPackage>1</QtyInPackage>
      <ItemPrice>18.50</ItemPrice>
      <UnitOfMeasurePrice>4.6250</UnitOfMeasurePrice>
      <AllowDiscount>1</AllowDiscount>
      <ItemStatus>1</ItemStatus>
      <ItemId>10615</ItemId>
    </Item>
    <Item>
      <PriceUpdateDate>2015-10-04 10:16:43</PriceUpdateDate>
      <ItemCode>7290008750400</ItemCode>
      <ItemType>1</ItemType>
      <ItemName>שוקולד פרה לבן עוגיו</ItemName>
      <ManufacturerName>שטראוס גרופ</ManufacturerName>
      <ManufactureCountry>לא ידוע</ManufactureCountry>
      <ManufacturerItemDescription>שוקולד פרה לבן עם עוגיות 100 ג</ManufacturerItemDescription>
      <UnitQty>גרמים</UnitQty>
      <Quantity>100.00</Quantity>
      <UnitOfMeasure>100 גרם</UnitOfMeasure>
      <bIsWeighted>0</bIsWeighted>
      <QtyInPackage>1</QtyInPackage>
      <ItemPrice>6.60</ItemPrice>
      <UnitOfMeasurePrice>6.6000</UnitOfMeasurePrice>
      <AllowDiscount>1</AllowDiscount>
      <ItemStatus>1</ItemStatus>
      <ItemId>10634</ItemId>
    </Item>
    <Item>
      <PriceUpdateDate>2015-08-12 10:24:36</PriceUpdateDate>
      <ItemCode>7290008752244</ItemCode>
      <ItemType>1</ItemType>
      <ItemName>תפוציפס קראנץ גריל</ItemName>
      <ManufacturerName>שטראוס גרופ</ManufacturerName>
      <ManufactureCountry>ישראל</ManufactureCountry>
      <ManufacturerItemDescription>תפוציפס קראנץ גריל 50 גרם</ManufacturerItemDescription>
      <UnitQty>גרמים</UnitQty>
      <Quantity>50.00</Quantity>
      <UnitOfMeasure>100 גרם</UnitOfMeasure>
      <bIsWeighted>0</bIsWeighted>
      <QtyInPackage>1</QtyInPackage>
      <ItemPrice>4.20</ItemPrice>
      <UnitOfMeasurePrice>8.4000</UnitOfMeasurePrice>
      <AllowDiscount>1</AllowDiscount>
      <ItemStatus>1</ItemStatus>
      <ItemId>10642</ItemId>
    </Item>
    <Item>
      <PriceUpdateDate>2015-08-12 10:24:36</PriceUpdateDate>
      <ItemCode>7290008753111</ItemCode>
      <ItemType>1</ItemType>
      <ItemName>תפוציפס קראנץ מקסיק</ItemName>
      <ManufacturerName>שטראוס גרופ</ManufacturerName>
      <ManufactureCountry>ישראל</ManufactureCountry>
      <ManufacturerItemDescription>תפוציפס קראנץ מקסיקני 50 גר</ManufacturerItemDescription>
      <UnitQty>גרמים</UnitQty>
      <Quantity>50.00</Quantity>
      <UnitOfMeasure>100 גרם</UnitOfMeasure>
      <bIsWeighted>0</bIsWeighted>
      <QtyInPackage>1</QtyInPackage>
      <ItemPrice>4.20</ItemPrice>
      <UnitOfMeasurePrice>8.4000</UnitOfMeasurePrice>
      <AllowDiscount>1</AllowDiscount>
      <ItemStatus>1</ItemStatus>
      <ItemId>10655</ItemId>
    </Item>
    <Item>
      <PriceUpdateDate>2015-08-12 10:24:36</PriceUpdateDate>
      <ItemCode>7290008753371</ItemCode>
      <ItemType>1</ItemType>
      <ItemName>חטיף דוריטוס נאצו55</ItemName>
      <ManufacturerName>שטראוס</ManufacturerName>
      <ManufactureCountry>ישראל</ManufactureCountry>
      <ManufacturerItemDescription>דוריטוס נאצו 55 גרם</ManufacturerItemDescription>
      <UnitQty>גרמים</UnitQty>
      <Quantity>55.00</Quantity>
      <UnitOfMeasure>100 גרם</UnitOfMeasure>
      <bIsWeighted>0</bIsWeighted>
      <QtyInPackage>1</QtyInPackage>
      <ItemPrice>3.30</ItemPrice>
      <UnitOfMeasurePrice>6.0000</UnitOfMeasurePrice>
      <AllowDiscount>1</AllowDiscount>
      <ItemStatus>1</ItemStatus>
      <ItemId>10664</ItemId>
    </Item>
    <Item>
      <PriceUpdateDate>2015-01-01 00:00:00</PriceUpdateDate>
      <ItemCode>7290008775816</ItemCode>
      <ItemType>1</ItemType>
      <ItemName>ערגליות שוקו</ItemName>
      <ManufacturerName>אסם</ManufacturerName>
      <ManufactureCountry>ישראל</ManufactureCountry>
      <ManufacturerItemDescription>ערגליות שוקו 300 גר</ManufacturerItemDescription>
      <UnitQty>גרמים</UnitQty>
      <Quantity>300.00</Quantity>
      <UnitOfMeasure>100 גרם</UnitOfMeasure>
      <bIsWeighted>0</bIsWeighted>
      <QtyInPackage>1</QtyInPackage>
      <ItemPrice>10.90</ItemPrice>
      <UnitOfMeasurePrice>3.6333</UnitOfMeasurePrice>
      <AllowDiscount>1</AllowDiscount>
      <ItemStatus>1</ItemStatus>
      <ItemId>10704</ItemId>
    </Item>
    <Item>
      <PriceUpdateDate>2015-01-01 00:00:00</PriceUpdateDate>
      <ItemCode>7290008775823</ItemCode>
      <ItemType>1</ItemType>
      <ItemName>ערגליות תות 300 גרם</ItemName>
      <ManufacturerName>אסם</ManufacturerName>
      <ManufactureCountry>לא ידוע</ManufactureCountry>
      <ManufacturerItemDescription>ערגליות תות 300 גר                     "</ManufacturerItemDescription>
      <UnitQty>גרמים</UnitQty>
      <Quantity>300.00</Quantity>
      <UnitOfMeasure>100 גרם</UnitOfMeasure>
      <bIsWeighted>0</bIsWeighted>
      <QtyInPackage>1</QtyInPackage>
      <ItemPrice>10.90</ItemPrice>
      <UnitOfMeasurePrice>3.6333</UnitOfMeasurePrice>
      <AllowDiscount>1</AllowDiscount>
      <ItemStatus>1</ItemStatus>
      <ItemId>10705</ItemId>
    </Item>
    <Item>
      <PriceUpdateDate>2015-10-04 10:16:48</PriceUpdateDate>
      <ItemCode>7290105961525</ItemCode>
      <ItemType>1</ItemType>
      <ItemName>שוקולד ספלנדיד מריר</ItemName>
      <ManufacturerName>שטראוס גרופ</ManufacturerName>
      <ManufactureCountry>ישראל</ManufactureCountry>
      <ManufacturerItemDescription>שוקולד ספלנדיד מריר                 85%</ManufacturerItemDescription>
      <UnitQty>גרמים</UnitQty>
      <Quantity>100.00</Quantity>
      <UnitOfMeasure>100 גרם</UnitOfMeasure>
      <bIsWeighted>0</bIsWeighted>
      <QtyInPackage>1</QtyInPackage>
      <ItemPrice>11.60</ItemPrice>
      <UnitOfMeasurePrice>11.6000</UnitOfMeasurePrice>
      <AllowDiscount>1</AllowDiscount>
      <ItemStatus>1</ItemStatus>
      <ItemId>85097</ItemId>
    </Item>
    <Item>
      <PriceUpdateDate>2015-10-07 14:27:19</PriceUpdateDate>
      <ItemCode>7290008806305</ItemCode>
      <ItemType>1</ItemType>
      <ItemName>שלגון פצפצים</ItemName>
      <ManufacturerName>שטראוס</ManufacturerName>
      <ManufactureCountry>ישראל</ManufactureCountry>
      <ManufacturerItemDescription>שלגון פצפצים תות בננה עם סוכרי</ManufacturerItemDescription>
      <UnitQty>גרמים</UnitQty>
      <Quantity>97.00</Quantity>
      <UnitOfMeasure>100 גרם</UnitOfMeasure>
      <bIsWeighted>0</bIsWeighted>
      <QtyInPackage>1</QtyInPackage>
      <ItemPrice>5.80</ItemPrice>
      <UnitOfMeasurePrice>5.9794</UnitOfMeasurePrice>
      <AllowDiscount>1</AllowDiscount>
      <ItemStatus>1</ItemStatus>
      <ItemId>10796</ItemId>
    </Item>
    <Item>
      <PriceUpdateDate>2016-06-14 12:02:41</PriceUpdateDate>
      <ItemCode>7290008806909</ItemCode>
      <ItemType>1</ItemType>
      <ItemName>גלידה לייט שוקו וניל</ItemName>
      <ManufacturerName>שטראוס גלידות</ManufacturerName>
      <ManufactureCountry>ישראל</ManufactureCountry>
      <ManufacturerItemDescription>גלידה לייט שוקו וניל</ManufacturerItemDescription>
      <UnitQty>ליטרים</UnitQty>
      <Quantity>1.33</Quantity>
      <UnitOfMeasure>ליטר</UnitOfMeasure>
      <bIsWeighted>0</bIsWeighted>
      <QtyInPackage>1</QtyInPackage>
      <ItemPrice>23.90</ItemPrice>
      <UnitOfMeasurePrice>17.9699</UnitOfMeasurePrice>
      <AllowDiscount>1</AllowDiscount>
      <ItemStatus>1</ItemStatus>
      <ItemId>10799</ItemId>
    </Item>
    <Item>
      <PriceUpdateDate>2016-06-14 12:02:41</PriceUpdateDate>
      <ItemCode>7290008806961</ItemCode>
      <ItemType>1</ItemType>
      <ItemName>קרמיסימו שבבי שוקולד</ItemName>
      <ManufacturerName>שטראוס גלידות</ManufacturerName>
      <ManufactureCountry>ישראל</ManufactureCountry>
      <ManufacturerItemDescription>קרמיסימו שוקולד ושבבי שוקולד</ManufacturerItemDescription>
      <UnitQty>ליטרים</UnitQty>
      <Quantity>1.33</Quantity>
      <UnitOfMeasure>ליטר</UnitOfMeasure>
      <bIsWeighted>0</bIsWeighted>
      <QtyInPackage>1</QtyInPackage>
      <ItemPrice>23.90</ItemPrice>
      <UnitOfMeasurePrice>17.9699</UnitOfMeasurePrice>
      <AllowDiscount>1</AllowDiscount>
      <ItemStatus>1</ItemStatus>
      <ItemId>10802</ItemId>
    </Item>
    <Item>
      <PriceUpdateDate>2015-10-04 10:18:31</PriceUpdateDate>
      <ItemCode>7290014472815</ItemCode>
      <ItemType>1</ItemType>
      <ItemName>פיסטוק 170 גרם</ItemName>
      <ManufacturerName>דין שיווק וקליה בע"מ</ManufacturerName>
      <ManufactureCountry>ישראל</ManufactureCountry>
      <ManufacturerItemDescription>פיסטוק 170 גרם</ManufacturerItemDescription>
      <UnitQty>גרמים</UnitQty>
      <Quantity>170.00</Quantity>
      <UnitOfMeasure>100 גרם</UnitOfMeasure>
      <bIsWeighted>0</bIsWeighted>
      <QtyInPackage>1</QtyInPackage>
      <ItemPrice>21.70</ItemPrice>
      <UnitOfMeasurePrice>12.7647</UnitOfMeasurePrice>
      <AllowDiscount>1</AllowDiscount>
      <ItemStatus>1</ItemStatus>
      <ItemId>95445</ItemId>
    </Item>
    <Item>
      <PriceUpdateDate>2015-10-04 10:17:40</PriceUpdateDate>
      <ItemCode>7290012823763</ItemCode>
      <ItemType>1</ItemType>
      <ItemName>סנו סושי 5 שקיות ואק</ItemName>
      <ManufacturerName>N.A</ManufacturerName>
      <ManufactureCountry>לא ידוע</ManufactureCountry>
      <ManufacturerItemDescription>סנו סושי 5 שקיות ואקום למזון ע</ManufacturerItemDescription>
      <UnitQty>Unknown </UnitQty>
      <Quantity>0.00</Quantity>
      <UnitOfMeasure>Unknown </UnitOfMeasure>
      <bIsWeighted>0</bIsWeighted>
      <QtyInPackage>1</QtyInPackage>
      <ItemPrice>25.00</ItemPrice>
      <UnitOfMeasurePrice>0.0000</UnitOfMeasurePrice>
      <AllowDiscount>1</AllowDiscount>
      <ItemStatus>1</ItemStatus>
      <ItemId>70108</ItemId>
    </Item>
    <Item>
      <PriceUpdateDate>2016-08-04 14:47:38</PriceUpdateDate>
      <ItemCode>7622300761363</ItemCode>
      <ItemType>1</ItemType>
      <ItemName>אוראו מיני קרם שוקול</ItemName>
      <ManufacturerName>קרפט אינק</ManufacturerName>
      <ManufactureCountry>גרמניה</ManufactureCountry>
      <ManufacturerItemDescription>אוראו מיני</ManufacturerItemDescription>
      <UnitQty>גרמים</UnitQty>
      <Quantity>67.00</Quantity>
      <UnitOfMeasure>100 גרם</UnitOfMeasure>
      <bIsWeighted>0</bIsWeighted>
      <QtyInPackage>1</QtyInPackage>
      <ItemPrice>6.90</ItemPrice>
      <UnitOfMeasurePrice>10.2985</UnitOfMeasurePrice>
      <AllowDiscount>1</AllowDiscount>
      <ItemStatus>1</ItemStatus>
      <ItemId>102278</ItemId>
    </Item>
    <Item>
      <PriceUpdateDate>2015-01-01 00:00:00</PriceUpdateDate>
      <ItemCode>9310072000282</ItemCode>
      <ItemType>1</ItemType>
      <ItemName>חטיף טים-טם שוקולד</ItemName>
      <ManufacturerName>ארנולטס</ManufacturerName>
      <ManufactureCountry>אוסטרליה</ManufactureCountry>
      <ManufacturerItemDescription>חטיף טים-טם שוקולד 200 גר              "</ManufacturerItemDescription>
      <UnitQty>גרמים</UnitQty>
      <Quantity>200.00</Quantity>
      <UnitOfMeasure>100 גרם</UnitOfMeasure>
      <bIsWeighted>0</bIsWeighted>
      <QtyInPackage>1</QtyInPackage>
      <ItemPrice>21.30</ItemPrice>
      <UnitOfMeasurePrice>10.6500</UnitOfMeasurePrice>
      <AllowDiscount>1</AllowDiscount>
      <ItemStatus>1</ItemStatus>
      <ItemId>11940</ItemId>
    </Item>
    <Item>
      <PriceUpdateDate>2015-08-12 10:25:06</PriceUpdateDate>
      <ItemCode>7290105363602</ItemCode>
      <ItemType>1</ItemType>
      <ItemName>מקלות כיף כף קלאסי</ItemName>
      <ManufacturerName>SOLEN CIKOLATA GIDA</ManufacturerName>
      <ManufactureCountry>טורקיה</ManufactureCountry>
      <ManufacturerItemDescription>מקלות כיף כף קלאסי 40 גרם</ManufacturerItemDescription>
      <UnitQty>גרמים</UnitQty>
      <Quantity>40.00</Quantity>
      <UnitOfMeasure>100 גרם</UnitOfMeasure>
      <bIsWeighted>0</bIsWeighted>
      <QtyInPackage>1</QtyInPackage>
      <ItemPrice>5.40</ItemPrice>
      <UnitOfMeasurePrice>13.5000</UnitOfMeasurePrice>
      <AllowDiscount>1</AllowDiscount>
      <ItemStatus>1</ItemStatus>
      <ItemId>85387</ItemId>
    </Item>
    <Item>
      <PriceUpdateDate>2015-10-04 10:18:15</PriceUpdateDate>
      <ItemCode>9720188050109</ItemCode>
      <ItemType>1</ItemType>
      <ItemName>טופו  225 גרם</ItemName>
      <ManufacturerName>מחלבת משק צוריאל</ManufacturerName>
      <ManufactureCountry>לא ידוע</ManufactureCountry>
      <ManufacturerItemDescription>טופו 225 גר                            .</ManufacturerItemDescription>
      <UnitQty>גרמים</UnitQty>
      <Quantity>225.00</Quantity>
      <UnitOfMeasure>100 גרם</UnitOfMeasure>
      <bIsWeighted>0</bIsWeighted>
      <QtyInPackage>1</QtyInPackage>
      <ItemPrice>22.30</ItemPrice>
      <UnitOfMeasurePrice>9.9111</UnitOfMeasurePrice>
      <AllowDiscount>1</AllowDiscount>
      <ItemStatus>1</ItemStatus>
      <ItemId>12011</ItemId>
    </Item>
    <Item>
      <PriceUpdateDate>2015-10-04 10:18:15</PriceUpdateDate>
      <ItemCode>9720188060108</ItemCode>
      <ItemType>1</ItemType>
      <ItemName>שמנת טופו בטעמים</ItemName>
      <ManufacturerName>מחלבת משק צוריאל</ManufacturerName>
      <ManufactureCountry>ארצות הברית</ManufactureCountry>
      <ManufacturerItemDescription>שמנת טופו בטעמים 360 גר                .</ManufacturerItemDescription>
      <UnitQty>גרמים</UnitQty>
      <Quantity>360.00</Quantity>
      <UnitOfMeasure>100 גרם</UnitOfMeasure>
      <bIsWeighted>0</bIsWeighted>
      <QtyInPackage>1</QtyInPackage>
      <ItemPrice>22.30</ItemPrice>
      <UnitOfMeasurePrice>6.1944</UnitOfMeasurePrice>
      <AllowDiscount>1</AllowDiscount>
      <ItemStatus>1</ItemStatus>
      <ItemId>12014</ItemId>
    </Item>
    <Item>
      <PriceUpdateDate>2016-08-04 14:47:38</PriceUpdateDate>
      <ItemCode>7622300761349</ItemCode>
      <ItemType>1</ItemType>
      <ItemName>אוראו מיני קרם וניל</ItemName>
      <ManufacturerName>קרפט אינק</ManufacturerName>
      <ManufactureCountry>גרמניה</ManufactureCountry>
      <ManufacturerItemDescription>אוראו מיני</ManufacturerItemDescription>
      <UnitQty>גרמים</UnitQty>
      <Quantity>67.00</Quantity>
      <UnitOfMeasure>100 גרם</UnitOfMeasure>
      <bIsWeighted>0</bIsWeighted>
      <QtyInPackage>1</QtyInPackage>
      <ItemPrice>6.90</ItemPrice>
      <UnitOfMeasurePrice>10.2985</UnitOfMeasurePrice>
      <AllowDiscount>1</AllowDiscount>
      <ItemStatus>1</ItemStatus>
      <ItemId>102279</ItemId>
    </Item>
    <Item>
      <PriceUpdateDate>2015-01-01 00:00:00</PriceUpdateDate>
      <ItemCode>7290000148748</ItemCode>
      <ItemType>1</ItemType>
      <ItemName>גרעיני חמניה  200 גת</ItemName>
      <ManufacturerName>ג'י אנד ג'י  בע"מ</ManufacturerName>
      <ManufactureCountry>לא ידוע</ManufactureCountry>
      <ManufacturerItemDescription>גרעיני חמניה 200 גרם</ManufacturerItemDescription>
      <UnitQty>גרמים</UnitQty>
      <Quantity>200.00</Quantity>
      <UnitOfMeasure>100 גרם</UnitOfMeasure>
      <bIsWeighted>0</bIsWeighted>
      <QtyInPackage>1</QtyInPackage>
      <ItemPrice>7.80</ItemPrice>
      <UnitOfMeasurePrice>3.9000</UnitOfMeasurePrice>
      <AllowDiscount>1</AllowDiscount>
      <ItemStatus>1</ItemStatus>
      <ItemId>12170</ItemId>
    </Item>
    <Item>
      <PriceUpdateDate>2015-01-01 00:00:00</PriceUpdateDate>
      <ItemCode>7290002752349</ItemCode>
      <ItemType>1</ItemType>
      <ItemName>סוכריות מנטוס מנטה 3</ItemName>
      <ManufacturerName>פרפטי ואן מלה</ManufacturerName>
      <ManufactureCountry>לא ידוע</ManufactureCountry>
      <ManufacturerItemDescription>סוכריות מנטוס מנטה 37.5 גר             .</ManufacturerItemDescription>
      <UnitQty>Unknown </UnitQty>
      <Quantity>0.00</Quantity>
      <UnitOfMeasure>Unknown </UnitOfMeasure>
      <bIsWeighted>0</bIsWeighted>
      <QtyInPackage>1</QtyInPackage>
      <ItemPrice>3.90</ItemPrice>
      <UnitOfMeasurePrice>0.0000</UnitOfMeasurePrice>
      <AllowDiscount>1</AllowDiscount>
      <ItemStatus>1</ItemStatus>
      <ItemId>12176</ItemId>
    </Item>
    <Item>
      <PriceUpdateDate>2015-10-04 10:18:02</PriceUpdateDate>
      <ItemCode>7290002826835</ItemCode>
      <ItemType>1</ItemType>
      <ItemName>שוקובו שוקולד</ItemName>
      <ManufacturerName>שטראוס גלידות</ManufacturerName>
      <ManufactureCountry>ישראל</ManufactureCountry>
      <ManufacturerItemDescription>שוקובו שוקולד</ManufacturerItemDescription>
      <UnitQty>גרמים</UnitQty>
      <Quantity>96.00</Quantity>
      <UnitOfMeasure>100 גרם</UnitOfMeasure>
      <bIsWeighted>0</bIsWeighted>
      <QtyInPackage>1</QtyInPackage>
      <ItemPrice>9.80</ItemPrice>
      <UnitOfMeasurePrice>10.2083</UnitOfMeasurePrice>
      <AllowDiscount>1</AllowDiscount>
      <ItemStatus>1</ItemStatus>
      <ItemId>12177</ItemId>
    </Item>
    <Item>
      <PriceUpdateDate>2015-10-04 10:18:02</PriceUpdateDate>
      <ItemCode>7290003457922</ItemCode>
      <ItemType>1</ItemType>
      <ItemName>שלגון מגנום שוקו</ItemName>
      <ManufacturerName>שטראוס גלידות</ManufacturerName>
      <ManufactureCountry>ישראל</ManufactureCountry>
      <ManufacturerItemDescription>שלגון מגנום שוקו</ManufacturerItemDescription>
      <UnitQty>גרמים</UnitQty>
      <Quantity>91.00</Quantity>
      <UnitOfMeasure>100 גרם</UnitOfMeasure>
      <bIsWeighted>0</bIsWeighted>
      <QtyInPackage>1</QtyInPackage>
      <ItemPrice>11.80</ItemPrice>
      <UnitOfMeasurePrice>12.9670</UnitOfMeasurePrice>
      <AllowDiscount>1</AllowDiscount>
      <ItemStatus>1</ItemStatus>
      <ItemId>12181</ItemId>
    </Item>
    <Item>
      <PriceUpdateDate>2015-10-04 10:18:02</PriceUpdateDate>
      <ItemCode>7290004554613</ItemCode>
      <ItemType>1</ItemType>
      <ItemName>שלגון שוקובו לבן</ItemName>
      <ManufacturerName>שטראוס גלידות</ManufacturerName>
      <ManufactureCountry>ישראל</ManufactureCountry>
      <ManufacturerItemDescription>שלגון שוקובו לבן</ManufacturerItemDescription>
      <UnitQty>גרמים</UnitQty>
      <Quantity>96.00</Quantity>
      <UnitOfMeasure>100 גרם</UnitOfMeasure>
      <bIsWeighted>0</bIsWeighted>
      <QtyInPackage>1</QtyInPackage>
      <ItemPrice>9.80</ItemPrice>
      <UnitOfMeasurePrice>10.2083</UnitOfMeasurePrice>
      <AllowDiscount>1</AllowDiscount>
      <ItemStatus>1</ItemStatus>
      <ItemId>12192</ItemId>
    </Item>
    <Item>
      <PriceUpdateDate>2016-03-10 08:03:22</PriceUpdateDate>
      <ItemCode>7290004554958</ItemCode>
      <ItemType>1</ItemType>
      <ItemName>שלגון פרוטי</ItemName>
      <ManufacturerName>שטראוס גלידות</ManufacturerName>
      <ManufactureCountry>ישראל</ManufactureCountry>
      <ManufacturerItemDescription>שלגון פרוטי</ManufacturerItemDescription>
      <UnitQty>גרמים</UnitQty>
      <Quantity>70.00</Quantity>
      <UnitOfMeasure>100 גרם</UnitOfMeasure>
      <bIsWeighted>0</bIsWeighted>
      <QtyInPackage>1</QtyInPackage>
      <ItemPrice>3.50</ItemPrice>
      <UnitOfMeasurePrice>5.0000</UnitOfMeasurePrice>
      <AllowDiscount>1</AllowDiscount>
      <ItemStatus>1</ItemStatus>
      <ItemId>12193</ItemId>
    </Item>
    <Item>
      <PriceUpdateDate>2015-10-04 10:18:21</PriceUpdateDate>
      <ItemCode>7290004872250</ItemCode>
      <ItemType>1</ItemType>
      <ItemName>שלגון אבטיח קיץ</ItemName>
      <ManufacturerName>נגה גלידות</ManufacturerName>
      <ManufactureCountry>ישראל</ManufactureCountry>
      <ManufacturerItemDescription>שלגון אבטיח קיץ</ManufacturerItemDescription>
      <UnitQty>Unknown </UnitQty>
      <Quantity>0.00</Quantity>
      <UnitOfMeasure>Unknown </UnitOfMeasure>
      <bIsWeighted>0</bIsWeighted>
      <QtyInPackage>1</QtyInPackage>
      <ItemPrice>5.80</ItemPrice>
      <UnitOfMeasurePrice>0.0000</UnitOfMeasurePrice>
      <AllowDiscount>1</AllowDiscount>
      <ItemStatus>1</ItemStatus>
      <ItemId>12197</ItemId>
    </Item>
    <Item>
      <PriceUpdateDate>2015-01-01 00:00:00</PriceUpdateDate>
      <ItemCode>7290004872359</ItemCode>
      <ItemType>1</ItemType>
      <ItemName>שלגון קרח דובדבן</ItemName>
      <ManufacturerName>נגה גלידות</ManufacturerName>
      <ManufactureCountry>ישראל</ManufactureCountry>
      <ManufacturerItemDescription>שלגון קרח דובדבן</ManufacturerItemDescription>
      <UnitQty>Unknown </UnitQty>
      <Quantity>0.00</Quantity>
      <UnitOfMeasure>Unknown </UnitOfMeasure>
      <bIsWeighted>0</bIsWeighted>
      <QtyInPackage>1</QtyInPackage>
      <ItemPrice>2.90</ItemPrice>
      <UnitOfMeasurePrice>0.0000</UnitOfMeasurePrice>
      <AllowDiscount>1</AllowDiscount>
      <ItemStatus>1</ItemStatus>
      <ItemId>12198</ItemId>
    </Item>
    <Item>
      <PriceUpdateDate>2015-10-04 10:18:02</PriceUpdateDate>
      <ItemCode>7290005854835</ItemCode>
      <ItemType>1</ItemType>
      <ItemName>טילון מגנום</ItemName>
      <ManufacturerName>שטראוס גלידות</ManufacturerName>
      <ManufactureCountry>ישראל</ManufactureCountry>
      <ManufacturerItemDescription>טילון מגנום</ManufacturerItemDescription>
      <UnitQty>גרמים</UnitQty>
      <Quantity>125.00</Quantity>
      <UnitOfMeasure>100 גרם</UnitOfMeasure>
      <bIsWeighted>0</bIsWeighted>
      <QtyInPackage>1</QtyInPackage>
      <ItemPrice>11.80</ItemPrice>
      <UnitOfMeasurePrice>9.4400</UnitOfMeasurePrice>
      <AllowDiscount>1</AllowDiscount>
      <ItemStatus>1</ItemStatus>
      <ItemId>12203</ItemId>
    </Item>
    <Item>
      <PriceUpdateDate>2015-10-04 10:20:55</PriceUpdateDate>
      <ItemCode>7290008464604</ItemCode>
      <ItemType>1</ItemType>
      <ItemName>בירה היינקן פחית</ItemName>
      <ManufacturerName>טמפו</ManufacturerName>
      <ManufactureCountry>ישראל</ManufactureCountry>
      <ManufacturerItemDescription>בירה היינקן פחית 500 מל</ManufacturerItemDescription>
      <UnitQty>מיליליטרים</UnitQty>
      <Quantity>500.00</Quantity>
      <UnitOfMeasure>100 מ"ל</UnitOfMeasure>
      <bIsWeighted>0</bIsWeighted>
      <QtyInPackage>1</QtyInPackage>
      <ItemPrice>14.90</ItemPrice>
      <UnitOfMeasurePrice>2.9800</UnitOfMeasurePrice>
      <AllowDiscount>1</AllowDiscount>
      <ItemStatus>1</ItemStatus>
      <ItemId>12217</ItemId>
    </Item>
    <Item>
      <PriceUpdateDate>2015-08-03 07:55:59</PriceUpdateDate>
      <ItemCode>7290000148380</ItemCode>
      <ItemType>1</ItemType>
      <ItemName>פיסטוק קלוי 200 ק.גת</ItemName>
      <ManufacturerName>ג'י אנד ג'י  בע"מ</ManufacturerName>
      <ManufactureCountry>לא ידוע</ManufactureCountry>
      <ManufacturerItemDescription>פיסטוק קלוי 200 גרם</ManufacturerItemDescription>
      <UnitQty>גרמים</UnitQty>
      <Quantity>200.00</Quantity>
      <UnitOfMeasure>100 גרם</UnitOfMeasure>
      <bIsWeighted>0</bIsWeighted>
      <QtyInPackage>1</QtyInPackage>
      <ItemPrice>22.90</ItemPrice>
      <UnitOfMeasurePrice>11.4500</UnitOfMeasurePrice>
      <AllowDiscount>1</AllowDiscount>
      <ItemStatus>1</ItemStatus>
      <ItemId>12250</ItemId>
    </Item>
    <Item>
      <PriceUpdateDate>2015-10-04 10:18:24</PriceUpdateDate>
      <ItemCode>7290000148618</ItemCode>
      <ItemType>1</ItemType>
      <ItemName>אגוז קשיו מטוגן 200</ItemName>
      <ManufacturerName>ג'י אנד ג'י  בע"מ</ManufacturerName>
      <ManufactureCountry>לא ידוע</ManufactureCountry>
      <ManufacturerItemDescription>אגוז קשיו מטוגן 200 גרם</ManufacturerItemDescription>
      <UnitQty>גרמים</UnitQty>
      <Quantity>200.00</Quantity>
      <UnitOfMeasure>100 גרם</UnitOfMeasure>
      <bIsWeighted>0</bIsWeighted>
      <QtyInPackage>1</QtyInPackage>
      <ItemPrice>22.50</ItemPrice>
      <UnitOfMeasurePrice>11.2500</UnitOfMeasurePrice>
      <AllowDiscount>1</AllowDiscount>
      <ItemStatus>1</ItemStatus>
      <ItemId>12251</ItemId>
    </Item>
    <Item>
      <PriceUpdateDate>2015-08-03 07:56:00</PriceUpdateDate>
      <ItemCode>7290000148939</ItemCode>
      <ItemType>1</ItemType>
      <ItemName>שקדים קלויים 200 גרם</ItemName>
      <ManufacturerName>ג'י אנד ג'י  בע"מ</ManufacturerName>
      <ManufactureCountry>לא ידוע</ManufactureCountry>
      <ManufacturerItemDescription>שקדים קלויים 200 גרם</ManufacturerItemDescription>
      <UnitQty>גרמים</UnitQty>
      <Quantity>200.00</Quantity>
      <UnitOfMeasure>100 גרם</UnitOfMeasure>
      <bIsWeighted>0</bIsWeighted>
      <QtyInPackage>1</QtyInPackage>
      <ItemPrice>23.60</ItemPrice>
      <UnitOfMeasurePrice>11.8000</UnitOfMeasurePrice>
      <AllowDiscount>1</AllowDiscount>
      <ItemStatus>1</ItemStatus>
      <ItemId>12252</ItemId>
    </Item>
    <Item>
      <PriceUpdateDate>2016-06-07 07:34:57</PriceUpdateDate>
      <ItemCode>7290001594520</ItemCode>
      <ItemType>1</ItemType>
      <ItemName>בירה טובורג 330 מל</ItemName>
      <ManufacturerName>מבשלות בירה</ManufacturerName>
      <ManufactureCountry>לא ידוע</ManufactureCountry>
      <ManufacturerItemDescription>בירה טובורג בקבוק 330 מ"ל</ManufacturerItemDescription>
      <UnitQty>מיליליטרים</UnitQty>
      <Quantity>330.00</Quantity>
      <UnitOfMeasure>100 מ"ל</UnitOfMeasure>
      <bIsWeighted>0</bIsWeighted>
      <QtyInPackage>1</QtyInPackage>
      <ItemPrice>9.50</ItemPrice>
      <UnitOfMeasurePrice>2.8788</UnitOfMeasurePrice>
      <AllowDiscount>1</AllowDiscount>
      <ItemStatus>1</ItemStatus>
      <ItemId>12253</ItemId>
    </Item>
    <Item>
      <PriceUpdateDate>2015-10-04 10:17:52</PriceUpdateDate>
      <ItemCode>7290002730941</ItemCode>
      <ItemType>1</ItemType>
      <ItemName>צמר גפן פרוס</ItemName>
      <ManufacturerName>SEPTONA S.A.</ManufacturerName>
      <ManufactureCountry>יוון</ManufactureCountry>
      <ManufacturerItemDescription>צמר גפן פרוס</ManufacturerItemDescription>
      <UnitQty>Unknown </UnitQty>
      <Quantity>0.00</Quantity>
      <UnitOfMeasure>Unknown </UnitOfMeasure>
      <bIsWeighted>0</bIsWeighted>
      <QtyInPackage>1</QtyInPackage>
      <ItemPrice>5.80</ItemPrice>
      <UnitOfMeasurePrice>0.0000</UnitOfMeasurePrice>
      <AllowDiscount>1</AllowDiscount>
      <ItemStatus>1</ItemStatus>
      <ItemId>12264</ItemId>
    </Item>
    <Item>
      <PriceUpdateDate>2015-08-03 07:56:00</PriceUpdateDate>
      <ItemCode>7290003009312</ItemCode>
      <ItemType>1</ItemType>
      <ItemName>בוטן קלוי 200 גרם</ItemName>
      <ManufacturerName>ששון ושות'</ManufacturerName>
      <ManufactureCountry>לא ידוע</ManufactureCountry>
      <ManufacturerItemDescription>בוטן קלוי 200 גרם</ManufacturerItemDescription>
      <UnitQty>גרמים</UnitQty>
      <Quantity>200.00</Quantity>
      <UnitOfMeasure>100 גרם</UnitOfMeasure>
      <bIsWeighted>0</bIsWeighted>
      <QtyInPackage>1</QtyInPackage>
      <ItemPrice>7.90</ItemPrice>
      <UnitOfMeasurePrice>3.9500</UnitOfMeasurePrice>
      <AllowDiscount>1</AllowDiscount>
      <ItemStatus>1</ItemStatus>
      <ItemId>12265</ItemId>
    </Item>
    <Item>
      <PriceUpdateDate>2015-10-04 10:18:02</PriceUpdateDate>
      <ItemCode>7290003457946</ItemCode>
      <ItemType>1</ItemType>
      <ItemName>שלגון מגנום שקד</ItemName>
      <ManufacturerName>שטראוס גלידות</ManufacturerName>
      <ManufactureCountry>ישראל</ManufactureCountry>
      <ManufacturerItemDescription>שלגון מגנום שקד</ManufacturerItemDescription>
      <UnitQty>גרמים</UnitQty>
      <Quantity>93.00</Quantity>
      <UnitOfMeasure>100 גרם</UnitOfMeasure>
      <bIsWeighted>0</bIsWeighted>
      <QtyInPackage>1</QtyInPackage>
      <ItemPrice>11.80</ItemPrice>
      <UnitOfMeasurePrice>12.6882</UnitOfMeasurePrice>
      <AllowDiscount>1</AllowDiscount>
      <ItemStatus>1</ItemStatus>
      <ItemId>12266</ItemId>
    </Item>
    <Item>
      <PriceUpdateDate>2015-08-03 07:56:00</PriceUpdateDate>
      <ItemCode>7290000377452</ItemCode>
      <ItemType>1</ItemType>
      <ItemName>גרעיני אבטיח 200 גרם</ItemName>
      <ManufacturerName>ששון ושות'</ManufacturerName>
      <ManufactureCountry>לא ידוע</ManufactureCountry>
      <ManufacturerItemDescription>גרעיני אבטיח 200 גרם</ManufacturerItemDescription>
      <UnitQty>גרמים</UnitQty>
      <Quantity>200.00</Quantity>
      <UnitOfMeasure>100 גרם</UnitOfMeasure>
      <bIsWeighted>0</bIsWeighted>
      <QtyInPackage>1</QtyInPackage>
      <ItemPrice>11.50</ItemPrice>
      <UnitOfMeasurePrice>5.7500</UnitOfMeasurePrice>
      <AllowDiscount>1</AllowDiscount>
      <ItemStatus>1</ItemStatus>
      <ItemId>12267</ItemId>
    </Item>
    <Item>
      <PriceUpdateDate>2015-08-03 07:56:02</PriceUpdateDate>
      <ItemCode>7290004122089</ItemCode>
      <ItemType>1</ItemType>
      <ItemName>פתיתי עמק למאפים 200</ItemName>
      <ManufacturerName>תנובה מרכז שיתופי לש</ManufacturerName>
      <ManufactureCountry>ישראל</ManufactureCountry>
      <ManufacturerItemDescription>פתיתי עמק למאפים 200 גרם</ManufacturerItemDescription>
      <UnitQty>גרמים</UnitQty>
      <Quantity>200.00</Quantity>
      <UnitOfMeasure>100 גרם</UnitOfMeasure>
      <bIsWeighted>0</bIsWeighted>
      <QtyInPackage>1</QtyInPackage>
      <ItemPrice>14.80</ItemPrice>
      <UnitOfMeasurePrice>7.4000</UnitOfMeasurePrice>
      <AllowDiscount>1</AllowDiscount>
      <ItemStatus>1</ItemStatus>
      <ItemId>12272</ItemId>
    </Item>
    <Item>
      <PriceUpdateDate>2015-10-04 10:18:02</PriceUpdateDate>
      <ItemCode>7290004554422</ItemCode>
      <ItemType>1</ItemType>
      <ItemName>שלגון קורנטו</ItemName>
      <ManufacturerName>שטראוס גלידות</ManufacturerName>
      <ManufactureCountry>ישראל</ManufactureCountry>
      <ManufacturerItemDescription>שלגון קורנטו</ManufacturerItemDescription>
      <UnitQty>גרמים</UnitQty>
      <Quantity>118.00</Quantity>
      <UnitOfMeasure>100 גרם</UnitOfMeasure>
      <bIsWeighted>0</bIsWeighted>
      <QtyInPackage>1</QtyInPackage>
      <ItemPrice>11.80</ItemPrice>
      <UnitOfMeasurePrice>10.0000</UnitOfMeasurePrice>
      <AllowDiscount>1</AllowDiscount>
      <ItemStatus>1</ItemStatus>
      <ItemId>12280</ItemId>
    </Item>
    <Item>
      <PriceUpdateDate>2015-01-01 00:00:00</PriceUpdateDate>
      <ItemCode>7290004872069</ItemCode>
      <ItemType>1</ItemType>
      <ItemName>שלגון קרח לימון</ItemName>
      <ManufacturerName>נגה גלידות</ManufacturerName>
      <ManufactureCountry>ישראל</ManufactureCountry>
      <ManufacturerItemDescription>שלגון קרח לימון</ManufacturerItemDescription>
      <UnitQty>Unknown </UnitQty>
      <Quantity>0.00</Quantity>
      <UnitOfMeasure>Unknown </UnitOfMeasure>
      <bIsWeighted>0</bIsWeighted>
      <QtyInPackage>1</QtyInPackage>
      <ItemPrice>2.90</ItemPrice>
      <UnitOfMeasurePrice>0.0000</UnitOfMeasurePrice>
      <AllowDiscount>1</AllowDiscount>
      <ItemStatus>1</ItemStatus>
      <ItemId>12284</ItemId>
    </Item>
    <Item>
      <PriceUpdateDate>2015-01-01 00:00:00</PriceUpdateDate>
      <ItemCode>7290005803628</ItemCode>
      <ItemType>1</ItemType>
      <ItemName>קרחון מלון</ItemName>
      <ManufacturerName>נגה גלידות</ManufacturerName>
      <ManufactureCountry>ישראל</ManufactureCountry>
      <ManufacturerItemDescription>קרחון מלון</ManufacturerItemDescription>
      <UnitQty>Unknown </UnitQty>
      <Quantity>0.00</Quantity>
      <UnitOfMeasure>Unknown </UnitOfMeasure>
      <bIsWeighted>0</bIsWeighted>
      <QtyInPackage>1</QtyInPackage>
      <ItemPrice>2.90</ItemPrice>
      <UnitOfMeasurePrice>0.0000</UnitOfMeasurePrice>
      <AllowDiscount>1</AllowDiscount>
      <ItemStatus>1</ItemStatus>
      <ItemId>12287</ItemId>
    </Item>
    <Item>
      <PriceUpdateDate>2015-01-01 00:00:00</PriceUpdateDate>
      <ItemCode>7290008464505</ItemCode>
      <ItemType>1</ItemType>
      <ItemName>מים מינרלים סאן</ItemName>
      <ManufacturerName>יושלם</ManufacturerName>
      <ManufactureCountry>איטליה</ManufactureCountry>
      <ManufacturerItemDescription>סן בנדטו0.5 ל .מים מינרלים</ManufacturerItemDescription>
      <UnitQty>מיליליטרים</UnitQty>
      <Quantity>500.00</Quantity>
      <UnitOfMeasure>100 מ"ל</UnitOfMeasure>
      <bIsWeighted>0</bIsWeighted>
      <QtyInPackage>1</QtyInPackage>
      <ItemPrice>3.70</ItemPrice>
      <UnitOfMeasurePrice>0.7400</UnitOfMeasurePrice>
      <AllowDiscount>1</AllowDiscount>
      <ItemStatus>1</ItemStatus>
      <ItemId>12294</ItemId>
    </Item>
    <Item>
      <PriceUpdateDate>2016-08-28 14:02:41</PriceUpdateDate>
      <ItemCode>72994276</ItemCode>
      <ItemType>1</ItemType>
      <ItemName>סיגריות מרלבורו טאצ</ItemName>
      <ManufacturerName>פיליפ מוריס</ManufacturerName>
      <ManufactureCountry>לא ידוע</ManufactureCountry>
      <ManufacturerItemDescription>סיגריות מרלבורו טאצ "סילבר</ManufacturerItemDescription>
      <UnitQty>Unknown </UnitQty>
      <Quantity>0.00</Quantity>
      <UnitOfMeasure>Unknown </UnitOfMeasure>
      <bIsWeighted>0</bIsWeighted>
      <QtyInPackage>1</QtyInPackage>
      <ItemPrice>36.90</ItemPrice>
      <UnitOfMeasurePrice>0.0000</UnitOfMeasurePrice>
      <AllowDiscount>0</AllowDiscount>
      <ItemStatus>1</ItemStatus>
      <ItemId>81359</ItemId>
    </Item>
    <Item>
      <PriceUpdateDate>2015-01-01 00:00:00</PriceUpdateDate>
      <ItemCode>9002859063411</ItemCode>
      <ItemType>1</ItemType>
      <ItemName>גונץ לשונות חתול חלב</ItemName>
      <ManufacturerName>גונץ</ManufacturerName>
      <ManufactureCountry>אוסטריה</ManufactureCountry>
      <ManufacturerItemDescription>גונץ - לשונות חתול חלב גן חיות</ManufacturerItemDescription>
      <UnitQty>גרמים</UnitQty>
      <Quantity>100.00</Quantity>
      <UnitOfMeasure>100 גרם</UnitOfMeasure>
      <bIsWeighted>0</bIsWeighted>
      <QtyInPackage>1</QtyInPackage>
      <ItemPrice>11.90</ItemPrice>
      <UnitOfMeasurePrice>11.9000</UnitOfMeasurePrice>
      <AllowDiscount>1</AllowDiscount>
      <ItemStatus>1</ItemStatus>
      <ItemId>85640</ItemId>
    </Item>
    <Item>
      <PriceUpdateDate>2015-10-14 12:15:13</PriceUpdateDate>
      <ItemCode>7290014094802</ItemCode>
      <ItemType>1</ItemType>
      <ItemName>שזיף שקית  300 גרם</ItemName>
      <ManufacturerName>דין שיווק וקליה בע"מ</ManufacturerName>
      <ManufactureCountry>לא ידוע</ManufactureCountry>
      <ManufacturerItemDescription>שזיף שקית  300 גרם</ManufacturerItemDescription>
      <UnitQty>גרמים</UnitQty>
      <Quantity>300.00</Quantity>
      <UnitOfMeasure>100 גרם</UnitOfMeasure>
      <bIsWeighted>0</bIsWeighted>
      <QtyInPackage>1</QtyInPackage>
      <ItemPrice>15.70</ItemPrice>
      <UnitOfMeasurePrice>5.2333</UnitOfMeasurePrice>
      <AllowDiscount>1</AllowDiscount>
      <ItemStatus>1</ItemStatus>
      <ItemId>100476</ItemId>
    </Item>
    <Item>
      <PriceUpdateDate>2015-01-01 00:00:00</PriceUpdateDate>
      <ItemCode>5710840073984</ItemCode>
      <ItemType>1</ItemType>
      <ItemName>טבק באלי לבן סופר עד</ItemName>
      <ManufacturerName>S.T.G</ManufacturerName>
      <ManufactureCountry>לא ידוע</ManufactureCountry>
      <ManufacturerItemDescription>טבק באלי לבן סופר עדין</ManufacturerItemDescription>
      <UnitQty>גרמים</UnitQty>
      <Quantity>40.00</Quantity>
      <UnitOfMeasure>100 גרם</UnitOfMeasure>
      <bIsWeighted>0</bIsWeighted>
      <QtyInPackage>1</QtyInPackage>
      <ItemPrice>44.90</ItemPrice>
      <UnitOfMeasurePrice>112.2500</UnitOfMeasurePrice>
      <AllowDiscount>1</AllowDiscount>
      <ItemStatus>1</ItemStatus>
      <ItemId>89611</ItemId>
    </Item>
    <Item>
      <PriceUpdateDate>2016-02-08 07:56:37</PriceUpdateDate>
      <ItemCode>5710840126130</ItemCode>
      <ItemType>1</ItemType>
      <ItemName>טבק באלי תכלת 40 גר</ItemName>
      <ManufacturerName>S.T.G</ManufacturerName>
      <ManufactureCountry>דנמרק</ManufactureCountry>
      <ManufacturerItemDescription>טבק באלי תכלת 40 גר</ManufacturerItemDescription>
      <UnitQty>Unknown </UnitQty>
      <Quantity>0.00</Quantity>
      <UnitOfMeasure>Unknown </UnitOfMeasure>
      <bIsWeighted>0</bIsWeighted>
      <QtyInPackage>1</QtyInPackage>
      <ItemPrice>44.90</ItemPrice>
      <UnitOfMeasurePrice>0.0000</UnitOfMeasurePrice>
      <AllowDiscount>1</AllowDiscount>
      <ItemStatus>1</ItemStatus>
      <ItemId>108273</ItemId>
    </Item>
    <Item>
      <PriceUpdateDate>2015-08-03 07:55:58</PriceUpdateDate>
      <ItemCode>7290000355757</ItemCode>
      <ItemType>1</ItemType>
      <ItemName>עגבניות מרוסקות טל</ItemName>
      <ManufacturerName>ויטה פרי גליל</ManufacturerName>
      <ManufactureCountry>ישראל</ManufactureCountry>
      <ManufacturerItemDescription>עגבניות מרוסקות טל 800 גר              "</ManufacturerItemDescription>
      <UnitQty>גרמים</UnitQty>
      <Quantity>800.00</Quantity>
      <UnitOfMeasure>100 גרם</UnitOfMeasure>
      <bIsWeighted>0</bIsWeighted>
      <QtyInPackage>1</QtyInPackage>
      <ItemPrice>8.50</ItemPrice>
      <UnitOfMeasurePrice>1.0625</UnitOfMeasurePrice>
      <AllowDiscount>1</AllowDiscount>
      <ItemStatus>1</ItemStatus>
      <ItemId>12432</ItemId>
    </Item>
    <Item>
      <PriceUpdateDate>2015-10-14 12:15:15</PriceUpdateDate>
      <ItemCode>7290005426360</ItemCode>
      <ItemType>1</ItemType>
      <ItemName>קרמה תחליב רחצה דבש</ItemName>
      <ManufacturerName>קוסמופארם</ManufacturerName>
      <ManufactureCountry>ישראל</ManufactureCountry>
      <ManufacturerItemDescription>קרמה תחליב רחצה דבש 750  מל            .</ManufacturerItemDescription>
      <UnitQty>מיליליטרים</UnitQty>
      <Quantity>750.00</Quantity>
      <UnitOfMeasure>100 מ"ל</UnitOfMeasure>
      <bIsWeighted>0</bIsWeighted>
      <QtyInPackage>1</QtyInPackage>
      <ItemPrice>21.50</ItemPrice>
      <UnitOfMeasurePrice>2.8667</UnitOfMeasurePrice>
      <AllowDiscount>1</AllowDiscount>
      <ItemStatus>1</ItemStatus>
      <ItemId>12479</ItemId>
    </Item>
    <Item>
      <PriceUpdateDate>2015-01-01 00:00:00</PriceUpdateDate>
      <ItemCode>7290006229427</ItemCode>
      <ItemType>1</ItemType>
      <ItemName>מים.מינרלים0.5 ל1/6</ItemName>
      <ManufacturerName>טמפו</ManufacturerName>
      <ManufactureCountry>ישראל</ManufactureCountry>
      <ManufacturerItemDescription>סן בנדטו0.5 ל 1/6 מים מינרלים</ManufacturerItemDescription>
      <UnitQty>ליטרים</UnitQty>
      <Quantity>3.00</Quantity>
      <UnitOfMeasure>ליטר</UnitOfMeasure>
      <bIsWeighted>0</bIsWeighted>
      <QtyInPackage>1</QtyInPackage>
      <ItemPrice>15.00</ItemPrice>
      <UnitOfMeasurePrice>5.0000</UnitOfMeasurePrice>
      <AllowDiscount>1</AllowDiscount>
      <ItemStatus>1</ItemStatus>
      <ItemId>12508</ItemId>
    </Item>
    <Item>
      <PriceUpdateDate>2015-11-29 15:20:07</PriceUpdateDate>
      <ItemCode>7290105364302</ItemCode>
      <ItemType>1</ItemType>
      <ItemName>מקלות כיף כף אגוזים</ItemName>
      <ManufacturerName>SOLEN CIKOLATA GIDA</ManufacturerName>
      <ManufactureCountry>טורקיה</ManufactureCountry>
      <ManufacturerItemDescription>מקלות כיף כף אגוזים 40 גרם</ManufacturerItemDescription>
      <UnitQty>גרמים</UnitQty>
      <Quantity>40.00</Quantity>
      <UnitOfMeasure>100 גרם</UnitOfMeasure>
      <bIsWeighted>0</bIsWeighted>
      <QtyInPackage>1</QtyInPackage>
      <ItemPrice>5.40</ItemPrice>
      <UnitOfMeasurePrice>13.5000</UnitOfMeasurePrice>
      <AllowDiscount>1</AllowDiscount>
      <ItemStatus>1</ItemStatus>
      <ItemId>85389</ItemId>
    </Item>
    <Item>
      <PriceUpdateDate>2015-08-12 10:24:50</PriceUpdateDate>
      <ItemCode>7290000169712</ItemCode>
      <ItemType>1</ItemType>
      <ItemName>קורנפלקס דגנים מלאים</ItemName>
      <ManufacturerName>אתר שפע - Food</ManufacturerName>
      <ManufactureCountry>ישראל</ManufactureCountry>
      <ManufacturerItemDescription>קורנפלקס דגנים מלאים 500 גרם</ManufacturerItemDescription>
      <UnitQty>גרמים</UnitQty>
      <Quantity>500.00</Quantity>
      <UnitOfMeasure>100 גרם</UnitOfMeasure>
      <bIsWeighted>0</bIsWeighted>
      <QtyInPackage>1</QtyInPackage>
      <ItemPrice>21.90</ItemPrice>
      <UnitOfMeasurePrice>4.3800</UnitOfMeasurePrice>
      <AllowDiscount>1</AllowDiscount>
      <ItemStatus>1</ItemStatus>
      <ItemId>92886</ItemId>
    </Item>
    <Item>
      <PriceUpdateDate>2015-08-12 10:24:39</PriceUpdateDate>
      <ItemCode>7290006983763</ItemCode>
      <ItemType>1</ItemType>
      <ItemName>עוגת הבית שוקולד</ItemName>
      <ManufacturerName>אסם</ManufacturerName>
      <ManufactureCountry>ישראל</ManufactureCountry>
      <ManufacturerItemDescription>עוגת הבית שוקולד 400 גר</ManufacturerItemDescription>
      <UnitQty>גרמים</UnitQty>
      <Quantity>400.00</Quantity>
      <UnitOfMeasure>100 גרם</UnitOfMeasure>
      <bIsWeighted>0</bIsWeighted>
      <QtyInPackage>1</QtyInPackage>
      <ItemPrice>15.90</ItemPrice>
      <UnitOfMeasurePrice>3.9750</UnitOfMeasurePrice>
      <AllowDiscount>1</AllowDiscount>
      <ItemStatus>1</ItemStatus>
      <ItemId>12601</ItemId>
    </Item>
    <Item>
      <PriceUpdateDate>2015-08-12 10:24:39</PriceUpdateDate>
      <ItemCode>7290006983787</ItemCode>
      <ItemType>1</ItemType>
      <ItemName>עוגת הבית שוקוציפס</ItemName>
      <ManufacturerName>אסם</ManufacturerName>
      <ManufactureCountry>ישראל</ManufactureCountry>
      <ManufacturerItemDescription>עוגת הבית שוקוציפס 400 גר</ManufacturerItemDescription>
      <UnitQty>גרמים</UnitQty>
      <Quantity>400.00</Quantity>
      <UnitOfMeasure>100 גרם</UnitOfMeasure>
      <bIsWeighted>0</bIsWeighted>
      <QtyInPackage>1</QtyInPackage>
      <ItemPrice>15.90</ItemPrice>
      <UnitOfMeasurePrice>3.9750</UnitOfMeasurePrice>
      <AllowDiscount>1</AllowDiscount>
      <ItemStatus>1</ItemStatus>
      <ItemId>12602</ItemId>
    </Item>
    <Item>
      <PriceUpdateDate>2015-08-12 10:24:39</PriceUpdateDate>
      <ItemCode>7290006983794</ItemCode>
      <ItemType>1</ItemType>
      <ItemName>עוגת הבית תפוז</ItemName>
      <ManufacturerName>אסם</ManufacturerName>
      <ManufactureCountry>ישראל</ManufactureCountry>
      <ManufacturerItemDescription>עוגת הבית תפוז 400 גר</ManufacturerItemDescription>
      <UnitQty>גרמים</UnitQty>
      <Quantity>400.00</Quantity>
      <UnitOfMeasure>100 גרם</UnitOfMeasure>
      <bIsWeighted>0</bIsWeighted>
      <QtyInPackage>1</QtyInPackage>
      <ItemPrice>15.90</ItemPrice>
      <UnitOfMeasurePrice>3.9750</UnitOfMeasurePrice>
      <AllowDiscount>1</AllowDiscount>
      <ItemStatus>1</ItemStatus>
      <ItemId>12603</ItemId>
    </Item>
    <Item>
      <PriceUpdateDate>2015-08-12 10:24:39</PriceUpdateDate>
      <ItemCode>7290006983770</ItemCode>
      <ItemType>1</ItemType>
      <ItemName>עוגת הבית שיש</ItemName>
      <ManufacturerName>אסם</ManufacturerName>
      <ManufactureCountry>ישראל</ManufactureCountry>
      <ManufacturerItemDescription>עוגת הבית שיש 400 גרם</ManufacturerItemDescription>
      <UnitQty>גרמים</UnitQty>
      <Quantity>400.00</Quantity>
      <UnitOfMeasure>100 גרם</UnitOfMeasure>
      <bIsWeighted>0</bIsWeighted>
      <QtyInPackage>1</QtyInPackage>
      <ItemPrice>15.90</ItemPrice>
      <UnitOfMeasurePrice>3.9750</UnitOfMeasurePrice>
      <AllowDiscount>1</AllowDiscount>
      <ItemStatus>1</ItemStatus>
      <ItemId>12771</ItemId>
    </Item>
    <Item>
      <PriceUpdateDate>2015-01-01 00:00:00</PriceUpdateDate>
      <ItemCode>7290001670873</ItemCode>
      <ItemType>1</ItemType>
      <ItemName>צלחות ח.פ .קשיח</ItemName>
      <ManufacturerName>שיווק שומרון</ManufacturerName>
      <ManufactureCountry>ישראל</ManufactureCountry>
      <ManufacturerItemDescription>צלחות ח.פ .קשיח 1 ק"ג</ManufacturerItemDescription>
      <UnitQty>קילוגרמים</UnitQty>
      <Quantity>1.00</Quantity>
      <UnitOfMeasure>ק"ג</UnitOfMeasure>
      <bIsWeighted>0</bIsWeighted>
      <QtyInPackage>1</QtyInPackage>
      <ItemPrice>19.90</ItemPrice>
      <UnitOfMeasurePrice>19.9000</UnitOfMeasurePrice>
      <AllowDiscount>1</AllowDiscount>
      <ItemStatus>1</ItemStatus>
      <ItemId>12950</ItemId>
    </Item>
    <Item>
      <PriceUpdateDate>2015-10-04 10:18:27</PriceUpdateDate>
      <ItemCode>7290000204086</ItemCode>
      <ItemType>1</ItemType>
      <ItemName>כרית קירצוף ניקול1+2</ItemName>
      <ManufacturerName>UFO</ManufacturerName>
      <ManufactureCountry>ארצות הברית</ManufactureCountry>
      <ManufacturerItemDescription>כרית קירצוף ניקול                   1+2</ManufacturerItemDescription>
      <UnitQty>Unknown </UnitQty>
      <Quantity>0.00</Quantity>
      <UnitOfMeasure>Unknown </UnitOfMeasure>
      <bIsWeighted>0</bIsWeighted>
      <QtyInPackage>1</QtyInPackage>
      <ItemPrice>13.80</ItemPrice>
      <UnitOfMeasurePrice>0.0000</UnitOfMeasurePrice>
      <AllowDiscount>1</AllowDiscount>
      <ItemStatus>1</ItemStatus>
      <ItemId>12962</ItemId>
    </Item>
    <Item>
      <PriceUpdateDate>2015-10-04 10:17:05</PriceUpdateDate>
      <ItemCode>7290002814061</ItemCode>
      <ItemType>1</ItemType>
      <ItemName>לניקוי חלונות סליקון</ItemName>
      <ManufacturerName>יושלם</ManufacturerName>
      <ManufactureCountry>יושלם</ManufactureCountry>
      <ManufacturerItemDescription>לניקוי חלונו סליקון+מרסס</ManufacturerItemDescription>
      <UnitQty>מיליליטרים</UnitQty>
      <Quantity>750.00</Quantity>
      <UnitOfMeasure>100 מ"ל</UnitOfMeasure>
      <bIsWeighted>0</bIsWeighted>
      <QtyInPackage>1</QtyInPackage>
      <ItemPrice>12.80</ItemPrice>
      <UnitOfMeasurePrice>1.7067</UnitOfMeasurePrice>
      <AllowDiscount>1</AllowDiscount>
      <ItemStatus>1</ItemStatus>
      <ItemId>12974</ItemId>
    </Item>
    <Item>
      <PriceUpdateDate>2015-10-04 10:17:35</PriceUpdateDate>
      <ItemCode>7290000289472</ItemCode>
      <ItemType>1</ItemType>
      <ItemName>שקיות אשפה סנו סושי</ItemName>
      <ManufacturerName>אשפלסט</ManufacturerName>
      <ManufactureCountry>ישראל</ManufactureCountry>
      <ManufacturerItemDescription>שקיות אשפה סנו סושי50 יח          76*90</ManufacturerItemDescription>
      <UnitQty>Unknown </UnitQty>
      <Quantity>0.00</Quantity>
      <UnitOfMeasure>Unknown </UnitOfMeasure>
      <bIsWeighted>0</bIsWeighted>
      <QtyInPackage>1</QtyInPackage>
      <ItemPrice>22.70</ItemPrice>
      <UnitOfMeasurePrice>0.0000</UnitOfMeasurePrice>
      <AllowDiscount>1</AllowDiscount>
      <ItemStatus>1</ItemStatus>
      <ItemId>12976</ItemId>
    </Item>
    <Item>
      <PriceUpdateDate>2015-01-01 00:00:00</PriceUpdateDate>
      <ItemCode>7290003411689</ItemCode>
      <ItemType>1</ItemType>
      <ItemName>לפתניות ח.פ</ItemName>
      <ManufacturerName>איסף</ManufacturerName>
      <ManufactureCountry>ישראל</ManufactureCountry>
      <ManufacturerItemDescription>לפתניות ח.פ .25יח</ManufacturerItemDescription>
      <UnitQty>Unknown </UnitQty>
      <Quantity>0.00</Quantity>
      <UnitOfMeasure>Unknown </UnitOfMeasure>
      <bIsWeighted>0</bIsWeighted>
      <QtyInPackage>1</QtyInPackage>
      <ItemPrice>3.40</ItemPrice>
      <UnitOfMeasurePrice>0.0000</UnitOfMeasurePrice>
      <AllowDiscount>1</AllowDiscount>
      <ItemStatus>1</ItemStatus>
      <ItemId>12987</ItemId>
    </Item>
    <Item>
      <PriceUpdateDate>2015-07-30 12:19:34</PriceUpdateDate>
      <ItemCode>7290003411696</ItemCode>
      <ItemType>1</ItemType>
      <ItemName>מרקיות חד פעמי</ItemName>
      <ManufacturerName>,</ManufacturerName>
      <ManufactureCountry>לא ידוע</ManufactureCountry>
      <ManufacturerItemDescription>מרקיות חד פעמי 25 יח</ManufacturerItemDescription>
      <UnitQty>Unknown </UnitQty>
      <Quantity>0.00</Quantity>
      <UnitOfMeasure>Unknown </UnitOfMeasure>
      <bIsWeighted>0</bIsWeighted>
      <QtyInPackage>1</QtyInPackage>
      <ItemPrice>6.20</ItemPrice>
      <UnitOfMeasurePrice>0.0000</UnitOfMeasurePrice>
      <AllowDiscount>1</AllowDiscount>
      <ItemStatus>1</ItemStatus>
      <ItemId>12988</ItemId>
    </Item>
    <Item>
      <PriceUpdateDate>2015-01-01 00:00:00</PriceUpdateDate>
      <ItemCode>7290005896637</ItemCode>
      <ItemType>1</ItemType>
      <ItemName>סן בנאדטו מים מינרל.</ItemName>
      <ManufacturerName>טמפו</ManufacturerName>
      <ManufactureCountry>איטליה</ManufactureCountry>
      <ManufacturerItemDescription>סן בנדטו מים מינרלים 1.5 ל             "</ManufacturerItemDescription>
      <UnitQty>ליטרים</UnitQty>
      <Quantity>1.50</Quantity>
      <UnitOfMeasure>ליטר</UnitOfMeasure>
      <bIsWeighted>0</bIsWeighted>
      <QtyInPackage>1</QtyInPackage>
      <ItemPrice>3.60</ItemPrice>
      <UnitOfMeasurePrice>2.4000</UnitOfMeasurePrice>
      <AllowDiscount>1</AllowDiscount>
      <ItemStatus>1</ItemStatus>
      <ItemId>13030</ItemId>
    </Item>
    <Item>
      <PriceUpdateDate>2015-10-04 10:19:02</PriceUpdateDate>
      <ItemCode>7290008094061</ItemCode>
      <ItemType>1</ItemType>
      <ItemName>משחת שיניים פרדונטקס</ItemName>
      <ManufacturerName>DE MIELEN</ManufacturerName>
      <ManufactureCountry>סלובקיה</ManufactureCountry>
      <ManufacturerItemDescription>פרדונטקס רגיל 50 מל                    .</ManufacturerItemDescription>
      <UnitQty>מיליליטרים</UnitQty>
      <Quantity>50.00</Quantity>
      <UnitOfMeasure>100 מ"ל</UnitOfMeasure>
      <bIsWeighted>0</bIsWeighted>
      <QtyInPackage>1</QtyInPackage>
      <ItemPrice>22.70</ItemPrice>
      <UnitOfMeasurePrice>45.4000</UnitOfMeasurePrice>
      <AllowDiscount>1</AllowDiscount>
      <ItemStatus>1</ItemStatus>
      <ItemId>13088</ItemId>
    </Item>
    <Item>
      <PriceUpdateDate>2016-05-15 12:45:39</PriceUpdateDate>
      <ItemCode>7290006664532</ItemCode>
      <ItemType>1</ItemType>
      <ItemName>יוגורט דנונה תות</ItemName>
      <ManufacturerName>שטראוס גרופ</ManufacturerName>
      <ManufactureCountry>ישראל</ManufactureCountry>
      <ManufacturerItemDescription>יוגורט דנונה תות                 3% 150</ManufacturerItemDescription>
      <UnitQty>גרמים</UnitQty>
      <Quantity>150.00</Quantity>
      <UnitOfMeasure>100 גרם</UnitOfMeasure>
      <bIsWeighted>0</bIsWeighted>
      <QtyInPackage>1</QtyInPackage>
      <ItemPrice>4.50</ItemPrice>
      <UnitOfMeasurePrice>3.0000</UnitOfMeasurePrice>
      <AllowDiscount>1</AllowDiscount>
      <ItemStatus>1</ItemStatus>
      <ItemId>13095</ItemId>
    </Item>
    <Item>
      <PriceUpdateDate>2015-10-04 10:18:13</PriceUpdateDate>
      <ItemCode>5410316983693</ItemCode>
      <ItemType>1</ItemType>
      <ItemName>סמירנוף אייס בקבוק .</ItemName>
      <ManufacturerName>IBBLS</ManufacturerName>
      <ManufactureCountry>איטליה</ManufactureCountry>
      <ManufacturerItemDescription>סמירנוף אייס בקבוק 275 מ"ל</ManufacturerItemDescription>
      <UnitQty>מיליליטרים</UnitQty>
      <Quantity>275.00</Quantity>
      <UnitOfMeasure>100 מ"ל</UnitOfMeasure>
      <bIsWeighted>0</bIsWeighted>
      <QtyInPackage>1</QtyInPackage>
      <ItemPrice>13.20</ItemPrice>
      <UnitOfMeasurePrice>4.8000</UnitOfMeasurePrice>
      <AllowDiscount>1</AllowDiscount>
      <ItemStatus>1</ItemStatus>
      <ItemId>13104</ItemId>
    </Item>
    <Item>
      <PriceUpdateDate>2016-03-10 08:03:22</PriceUpdateDate>
      <ItemCode>7290001327906</ItemCode>
      <ItemType>1</ItemType>
      <ItemName>שוטס תות בננה</ItemName>
      <ManufacturerName>שטראוס גלידות</ManufacturerName>
      <ManufactureCountry>גרמניה</ManufactureCountry>
      <ManufacturerItemDescription>שוטס תות בננה</ManufacturerItemDescription>
      <UnitQty>גרמים</UnitQty>
      <Quantity>98.00</Quantity>
      <UnitOfMeasure>100 גרם</UnitOfMeasure>
      <bIsWeighted>0</bIsWeighted>
      <QtyInPackage>1</QtyInPackage>
      <ItemPrice>9.80</ItemPrice>
      <UnitOfMeasurePrice>10.0000</UnitOfMeasurePrice>
      <AllowDiscount>1</AllowDiscount>
      <ItemStatus>1</ItemStatus>
      <ItemId>13185</ItemId>
    </Item>
    <Item>
      <PriceUpdateDate>2015-10-04 10:18:02</PriceUpdateDate>
      <ItemCode>7290004554798</ItemCode>
      <ItemType>1</ItemType>
      <ItemName>שלגון מטרה</ItemName>
      <ManufacturerName>שטראוס גלידות</ManufacturerName>
      <ManufactureCountry>ישראל</ManufactureCountry>
      <ManufacturerItemDescription>שלגון מטרה</ManufacturerItemDescription>
      <UnitQty>גרמים</UnitQty>
      <Quantity>90.00</Quantity>
      <UnitOfMeasure>100 גרם</UnitOfMeasure>
      <bIsWeighted>0</bIsWeighted>
      <QtyInPackage>1</QtyInPackage>
      <ItemPrice>5.80</ItemPrice>
      <UnitOfMeasurePrice>6.4444</UnitOfMeasurePrice>
      <AllowDiscount>1</AllowDiscount>
      <ItemStatus>1</ItemStatus>
      <ItemId>13198</ItemId>
    </Item>
    <Item>
      <PriceUpdateDate>2015-10-04 10:18:21</PriceUpdateDate>
      <ItemCode>7290000058580</ItemCode>
      <ItemType>1</ItemType>
      <ItemName>קוקילידה</ItemName>
      <ManufacturerName>נגה גלידות</ManufacturerName>
      <ManufactureCountry>ישראל</ManufactureCountry>
      <ManufacturerItemDescription>קוקילידה</ManufacturerItemDescription>
      <UnitQty>Unknown </UnitQty>
      <Quantity>0.00</Quantity>
      <UnitOfMeasure>Unknown </UnitOfMeasure>
      <bIsWeighted>0</bIsWeighted>
      <QtyInPackage>1</QtyInPackage>
      <ItemPrice>11.80</ItemPrice>
      <UnitOfMeasurePrice>0.0000</UnitOfMeasurePrice>
      <AllowDiscount>1</AllowDiscount>
      <ItemStatus>1</ItemStatus>
      <ItemId>13203</ItemId>
    </Item>
    <Item>
      <PriceUpdateDate>2015-01-01 00:00:00</PriceUpdateDate>
      <ItemCode>7290004872021</ItemCode>
      <ItemType>1</ItemType>
      <ItemName>שלגון קרח רמזור</ItemName>
      <ManufacturerName>נגה גלידות</ManufacturerName>
      <ManufactureCountry>ישראל</ManufactureCountry>
      <ManufacturerItemDescription>שלגון קרח רמזור</ManufacturerItemDescription>
      <UnitQty>Unknown </UnitQty>
      <Quantity>0.00</Quantity>
      <UnitOfMeasure>Unknown </UnitOfMeasure>
      <bIsWeighted>0</bIsWeighted>
      <QtyInPackage>1</QtyInPackage>
      <ItemPrice>2.90</ItemPrice>
      <UnitOfMeasurePrice>0.0000</UnitOfMeasurePrice>
      <AllowDiscount>1</AllowDiscount>
      <ItemStatus>1</ItemStatus>
      <ItemId>13208</ItemId>
    </Item>
    <Item>
      <PriceUpdateDate>2015-10-04 10:18:22</PriceUpdateDate>
      <ItemCode>7290004872786</ItemCode>
      <ItemType>1</ItemType>
      <ItemName>טילון אקסטרים ענק</ItemName>
      <ManufacturerName>נגה גלידות</ManufacturerName>
      <ManufactureCountry>ישראל</ManufactureCountry>
      <ManufacturerItemDescription>טילון אקסטרים ענק פקאו</ManufacturerItemDescription>
      <UnitQty>Unknown </UnitQty>
      <Quantity>0.00</Quantity>
      <UnitOfMeasure>Unknown </UnitOfMeasure>
      <bIsWeighted>0</bIsWeighted>
      <QtyInPackage>1</QtyInPackage>
      <ItemPrice>11.80</ItemPrice>
      <UnitOfMeasurePrice>0.0000</UnitOfMeasurePrice>
      <AllowDiscount>1</AllowDiscount>
      <ItemStatus>1</ItemStatus>
      <ItemId>13219</ItemId>
    </Item>
    <Item>
      <PriceUpdateDate>2015-08-03 07:56:00</PriceUpdateDate>
      <ItemCode>80001027</ItemCode>
      <ItemType>1</ItemType>
      <ItemName>חטיף טורטינה חלב</ItemName>
      <ManufacturerName>לואקר</ManufacturerName>
      <ManufactureCountry>לא ידוע</ManufactureCountry>
      <ManufacturerItemDescription>חטיף טורטינה חלב</ManufacturerItemDescription>
      <UnitQty>Unknown </UnitQty>
      <Quantity>0.00</Quantity>
      <UnitOfMeasure>Unknown </UnitOfMeasure>
      <bIsWeighted>0</bIsWeighted>
      <QtyInPackage>1</QtyInPackage>
      <ItemPrice>4.60</ItemPrice>
      <UnitOfMeasurePrice>0.0000</UnitOfMeasurePrice>
      <AllowDiscount>1</AllowDiscount>
      <ItemStatus>1</ItemStatus>
      <ItemId>13329</ItemId>
    </Item>
    <Item>
      <PriceUpdateDate>2015-10-04 10:16:44</PriceUpdateDate>
      <ItemCode>7290001045688</ItemCode>
      <ItemType>1</ItemType>
      <ItemName>תפוזים סחוט</ItemName>
      <ManufacturerName>שטראוס גרופ</ManufacturerName>
      <ManufactureCountry>ישראל</ManufactureCountry>
      <ManufacturerItemDescription>תפוזים סחוט 400 מל</ManufacturerItemDescription>
      <UnitQty>מיליליטרים</UnitQty>
      <Quantity>400.00</Quantity>
      <UnitOfMeasure>100 מ"ל</UnitOfMeasure>
      <bIsWeighted>0</bIsWeighted>
      <QtyInPackage>1</QtyInPackage>
      <ItemPrice>9.60</ItemPrice>
      <UnitOfMeasurePrice>2.4000</UnitOfMeasurePrice>
      <AllowDiscount>1</AllowDiscount>
      <ItemStatus>1</ItemStatus>
      <ItemId>13332</ItemId>
    </Item>
    <Item>
      <PriceUpdateDate>2015-10-04 10:16:44</PriceUpdateDate>
      <ItemCode>7290001045633</ItemCode>
      <ItemType>1</ItemType>
      <ItemName>לימון עם נענע</ItemName>
      <ManufacturerName>שטראוס גרופ</ManufacturerName>
      <ManufactureCountry>ישראל</ManufactureCountry>
      <ManufacturerItemDescription>לימון עם נענע 400 מל</ManufacturerItemDescription>
      <UnitQty>מיליליטרים</UnitQty>
      <Quantity>400.00</Quantity>
      <UnitOfMeasure>100 מ"ל</UnitOfMeasure>
      <bIsWeighted>0</bIsWeighted>
      <QtyInPackage>1</QtyInPackage>
      <ItemPrice>9.60</ItemPrice>
      <UnitOfMeasurePrice>2.4000</UnitOfMeasurePrice>
      <AllowDiscount>1</AllowDiscount>
      <ItemStatus>1</ItemStatus>
      <ItemId>13335</ItemId>
    </Item>
    <Item>
      <PriceUpdateDate>2015-10-04 10:16:44</PriceUpdateDate>
      <ItemCode>72940976</ItemCode>
      <ItemType>1</ItemType>
      <ItemName>כרוב אדום</ItemName>
      <ManufacturerName>שטראוס גרופ</ManufacturerName>
      <ManufactureCountry>ישראל</ManufactureCountry>
      <ManufacturerItemDescription>כרוב אדום 250 גר</ManufacturerItemDescription>
      <UnitQty>גרמים</UnitQty>
      <Quantity>250.00</Quantity>
      <UnitOfMeasure>100 גרם</UnitOfMeasure>
      <bIsWeighted>0</bIsWeighted>
      <QtyInPackage>1</QtyInPackage>
      <ItemPrice>9.30</ItemPrice>
      <UnitOfMeasurePrice>3.7200</UnitOfMeasurePrice>
      <AllowDiscount>1</AllowDiscount>
      <ItemStatus>1</ItemStatus>
      <ItemId>13484</ItemId>
    </Item>
    <Item>
      <PriceUpdateDate>2015-10-04 10:18:22</PriceUpdateDate>
      <ItemCode>7290001779057</ItemCode>
      <ItemType>1</ItemType>
      <ItemName>אקסטרים ענק ריבת חלב</ItemName>
      <ManufacturerName>נגה גלידות</ManufacturerName>
      <ManufactureCountry>ישראל</ManufactureCountry>
      <ManufacturerItemDescription>אקסטרים ענק ריבת חלב</ManufacturerItemDescription>
      <UnitQty>Unknown </UnitQty>
      <Quantity>0.00</Quantity>
      <UnitOfMeasure>Unknown </UnitOfMeasure>
      <bIsWeighted>0</bIsWeighted>
      <QtyInPackage>1</QtyInPackage>
      <ItemPrice>11.80</ItemPrice>
      <UnitOfMeasurePrice>0.0000</UnitOfMeasurePrice>
      <AllowDiscount>1</AllowDiscount>
      <ItemStatus>1</ItemStatus>
      <ItemId>13672</ItemId>
    </Item>
    <Item>
      <PriceUpdateDate>2016-06-14 13:20:20</PriceUpdateDate>
      <ItemCode>7290001780138</ItemCode>
      <ItemType>1</ItemType>
      <ItemName>קראנץ</ItemName>
      <ManufacturerName>נגה גלידות</ManufacturerName>
      <ManufactureCountry>ישראל</ManufactureCountry>
      <ManufacturerItemDescription>קראנץ</ManufacturerItemDescription>
      <UnitQty>Unknown </UnitQty>
      <Quantity>0.00</Quantity>
      <UnitOfMeasure>Unknown </UnitOfMeasure>
      <bIsWeighted>0</bIsWeighted>
      <QtyInPackage>1</QtyInPackage>
      <ItemPrice>9.80</ItemPrice>
      <UnitOfMeasurePrice>0.0000</UnitOfMeasurePrice>
      <AllowDiscount>1</AllowDiscount>
      <ItemStatus>1</ItemStatus>
      <ItemId>13678</ItemId>
    </Item>
    <Item>
      <PriceUpdateDate>2016-05-19 15:15:28</PriceUpdateDate>
      <ItemCode>8008660210014</ItemCode>
      <ItemType>1</ItemType>
      <ItemName>מעדן ריבה משמש 300 ג</ItemName>
      <ManufacturerName>מנז אנד גאסר</ManufacturerName>
      <ManufactureCountry>לא ידוע</ManufactureCountry>
      <ManufacturerItemDescription>מעדן ריבה משמש</ManufacturerItemDescription>
      <UnitQty>גרמים</UnitQty>
      <Quantity>300.00</Quantity>
      <UnitOfMeasure>100 גרם</UnitOfMeasure>
      <bIsWeighted>0</bIsWeighted>
      <QtyInPackage>1</QtyInPackage>
      <ItemPrice>18.90</ItemPrice>
      <UnitOfMeasurePrice>6.3000</UnitOfMeasurePrice>
      <AllowDiscount>1</AllowDiscount>
      <ItemStatus>1</ItemStatus>
      <ItemId>109341</ItemId>
    </Item>
    <Item>
      <PriceUpdateDate>2015-10-04 10:18:24</PriceUpdateDate>
      <ItemCode>7290003009336</ItemCode>
      <ItemType>1</ItemType>
      <ItemName>קבוקים מצופים   ק.גת</ItemName>
      <ManufacturerName>ג'י אנד ג'י  בע"מ</ManufacturerName>
      <ManufactureCountry>לא ידוע</ManufactureCountry>
      <ManufacturerItemDescription>קבוקים מצופים 200 גרם</ManufacturerItemDescription>
      <UnitQty>גרמים</UnitQty>
      <Quantity>200.00</Quantity>
      <UnitOfMeasure>100 גרם</UnitOfMeasure>
      <bIsWeighted>0</bIsWeighted>
      <QtyInPackage>1</QtyInPackage>
      <ItemPrice>7.80</ItemPrice>
      <UnitOfMeasurePrice>3.9000</UnitOfMeasurePrice>
      <AllowDiscount>1</AllowDiscount>
      <ItemStatus>1</ItemStatus>
      <ItemId>13873</ItemId>
    </Item>
    <Item>
      <PriceUpdateDate>2015-10-07 14:27:22</PriceUpdateDate>
      <ItemCode>7290014094826</ItemCode>
      <ItemType>1</ItemType>
      <ItemName>שזיף מגולען 300 גרם</ItemName>
      <ManufacturerName>דין שיווק וקליה בע"מ</ManufacturerName>
      <ManufactureCountry>לא ידוע</ManufactureCountry>
      <ManufacturerItemDescription>שזיף מגולען 300 גרם</ManufacturerItemDescription>
      <UnitQty>גרמים</UnitQty>
      <Quantity>300.00</Quantity>
      <UnitOfMeasure>100 גרם</UnitOfMeasure>
      <bIsWeighted>0</bIsWeighted>
      <QtyInPackage>1</QtyInPackage>
      <ItemPrice>15.90</ItemPrice>
      <UnitOfMeasurePrice>5.3000</UnitOfMeasurePrice>
      <AllowDiscount>1</AllowDiscount>
      <ItemStatus>1</ItemStatus>
      <ItemId>100477</ItemId>
    </Item>
    <Item>
      <PriceUpdateDate>2015-10-04 10:19:17</PriceUpdateDate>
      <ItemCode>7290004130794</ItemCode>
      <ItemType>1</ItemType>
      <ItemName>משקה סויה מועשר    .</ItemName>
      <ManufacturerName>תנובה מרכז שיתופי לש</ManufacturerName>
      <ManufactureCountry>לא ידוע</ManufactureCountry>
      <ManufacturerItemDescription>משקה סויה מועשר מופחת מתיקות          1</ManufacturerItemDescription>
      <UnitQty>ליטרים</UnitQty>
      <Quantity>1.00</Quantity>
      <UnitOfMeasure>ליטר</UnitOfMeasure>
      <bIsWeighted>0</bIsWeighted>
      <QtyInPackage>1</QtyInPackage>
      <ItemPrice>11.50</ItemPrice>
      <UnitOfMeasurePrice>11.5000</UnitOfMeasurePrice>
      <AllowDiscount>1</AllowDiscount>
      <ItemStatus>1</ItemStatus>
      <ItemId>14143</ItemId>
    </Item>
    <Item>
      <PriceUpdateDate>2016-08-31 15:27:32</PriceUpdateDate>
      <ItemCode>7290006251374</ItemCode>
      <ItemType>1</ItemType>
      <ItemName>תה ירוק לימונית וגינ</ItemName>
      <ManufacturerName>ויסוצקי</ManufacturerName>
      <ManufactureCountry>ישראל</ManufactureCountry>
      <ManufacturerItemDescription>תה ירוק לימונית וג"ינגר            1/25</ManufacturerItemDescription>
      <UnitQty>גרמים</UnitQty>
      <Quantity>37.00</Quantity>
      <UnitOfMeasure>100 גרם</UnitOfMeasure>
      <bIsWeighted>0</bIsWeighted>
      <QtyInPackage>1</QtyInPackage>
      <ItemPrice>26.90</ItemPrice>
      <UnitOfMeasurePrice>72.7027</UnitOfMeasurePrice>
      <AllowDiscount>1</AllowDiscount>
      <ItemStatus>1</ItemStatus>
      <ItemId>14199</ItemId>
    </Item>
    <Item>
      <PriceUpdateDate>2015-10-04 10:18:02</PriceUpdateDate>
      <ItemCode>7290006681089</ItemCode>
      <ItemType>1</ItemType>
      <ItemName>מאגדת לייט סנדוויץ</ItemName>
      <ManufacturerName>שטראוס גלידות</ManufacturerName>
      <ManufactureCountry>ישראל</ManufactureCountry>
      <ManufacturerItemDescription>מאגדת לייט מיני סנדוויץ            1/10</ManufacturerItemDescription>
      <UnitQty>גרמים</UnitQty>
      <Quantity>320.00</Quantity>
      <UnitOfMeasure>100 גרם</UnitOfMeasure>
      <bIsWeighted>0</bIsWeighted>
      <QtyInPackage>1</QtyInPackage>
      <ItemPrice>31.60</ItemPrice>
      <UnitOfMeasurePrice>9.8750</UnitOfMeasurePrice>
      <AllowDiscount>1</AllowDiscount>
      <ItemStatus>1</ItemStatus>
      <ItemId>14204</ItemId>
    </Item>
    <Item>
      <PriceUpdateDate>2015-10-04 10:16:44</PriceUpdateDate>
      <ItemCode>77245110597</ItemCode>
      <ItemType>1</ItemType>
      <ItemName>סוכ .מאסט לימון פטל</ItemName>
      <ManufacturerName>MIESZKO S.A - MS. JO</ManufacturerName>
      <ManufactureCountry>פולין</ManufactureCountry>
      <ManufacturerItemDescription>סוכריות מאסט ללא סוכר לימוןפטל</ManufacturerItemDescription>
      <UnitQty>גרמים</UnitQty>
      <Quantity>80.00</Quantity>
      <UnitOfMeasure>100 גרם</UnitOfMeasure>
      <bIsWeighted>0</bIsWeighted>
      <QtyInPackage>1</QtyInPackage>
      <ItemPrice>8.80</ItemPrice>
      <UnitOfMeasurePrice>11.0000</UnitOfMeasurePrice>
      <AllowDiscount>1</AllowDiscount>
      <ItemStatus>1</ItemStatus>
      <ItemId>14246</ItemId>
    </Item>
    <Item>
      <PriceUpdateDate>2015-10-04 10:16:44</PriceUpdateDate>
      <ItemCode>77245110610</ItemCode>
      <ItemType>1</ItemType>
      <ItemName>סוכריות מאסט מנטה</ItemName>
      <ManufacturerName>MIESZKO S.A - MS. JO</ManufacturerName>
      <ManufactureCountry>פולין</ManufactureCountry>
      <ManufacturerItemDescription>סוכריות מאסט ללא סוכר מנטה80 ג</ManufacturerItemDescription>
      <UnitQty>גרמים</UnitQty>
      <Quantity>80.00</Quantity>
      <UnitOfMeasure>100 גרם</UnitOfMeasure>
      <bIsWeighted>0</bIsWeighted>
      <QtyInPackage>1</QtyInPackage>
      <ItemPrice>8.80</ItemPrice>
      <UnitOfMeasurePrice>11.0000</UnitOfMeasurePrice>
      <AllowDiscount>1</AllowDiscount>
      <ItemStatus>1</ItemStatus>
      <ItemId>14248</ItemId>
    </Item>
    <Item>
      <PriceUpdateDate>2015-10-04 10:19:17</PriceUpdateDate>
      <ItemCode>7290004122560</ItemCode>
      <ItemType>1</ItemType>
      <ItemName>פתיתי עמק השק הלבן</ItemName>
      <ManufacturerName>תנובה מרכז שיתופי לש</ManufacturerName>
      <ManufactureCountry>ישראל</ManufactureCountry>
      <ManufacturerItemDescription>פתיתי עמק השף הלבן 500 גרם</ManufacturerItemDescription>
      <UnitQty>גרמים</UnitQty>
      <Quantity>500.00</Quantity>
      <UnitOfMeasure>100 גרם</UnitOfMeasure>
      <bIsWeighted>0</bIsWeighted>
      <QtyInPackage>1</QtyInPackage>
      <ItemPrice>33.60</ItemPrice>
      <UnitOfMeasurePrice>6.7200</UnitOfMeasurePrice>
      <AllowDiscount>1</AllowDiscount>
      <ItemStatus>1</ItemStatus>
      <ItemId>14290</ItemId>
    </Item>
    <Item>
      <PriceUpdateDate>2016-05-26 08:00:45</PriceUpdateDate>
      <ItemCode>7290006664693</ItemCode>
      <ItemType>1</ItemType>
      <ItemName>דנונה אפרסק      3%</ItemName>
      <ManufacturerName>שטראוס גרופ</ManufacturerName>
      <ManufactureCountry>ישראל</ManufactureCountry>
      <ManufacturerItemDescription>דנונה אפרסק 150 3% גרם</ManufacturerItemDescription>
      <UnitQty>גרמים</UnitQty>
      <Quantity>150.00</Quantity>
      <UnitOfMeasure>100 גרם</UnitOfMeasure>
      <bIsWeighted>0</bIsWeighted>
      <QtyInPackage>1</QtyInPackage>
      <ItemPrice>4.50</ItemPrice>
      <UnitOfMeasurePrice>3.0000</UnitOfMeasurePrice>
      <AllowDiscount>1</AllowDiscount>
      <ItemStatus>1</ItemStatus>
      <ItemId>14294</ItemId>
    </Item>
    <Item>
      <PriceUpdateDate>2016-06-07 07:33:06</PriceUpdateDate>
      <ItemCode>7290008345576</ItemCode>
      <ItemType>1</ItemType>
      <ItemName>סלט איקרה לבנה    .</ItemName>
      <ManufacturerName>נטו מלינדה</ManufacturerName>
      <ManufactureCountry>לא ידוע</ManufactureCountry>
      <ManufacturerItemDescription>סלט איקרה לבנה 300 גר                  .</ManufacturerItemDescription>
      <UnitQty>גרמים</UnitQty>
      <Quantity>300.00</Quantity>
      <UnitOfMeasure>100 גרם</UnitOfMeasure>
      <bIsWeighted>0</bIsWeighted>
      <QtyInPackage>1</QtyInPackage>
      <ItemPrice>18.80</ItemPrice>
      <UnitOfMeasurePrice>6.2667</UnitOfMeasurePrice>
      <AllowDiscount>1</AllowDiscount>
      <ItemStatus>1</ItemStatus>
      <ItemId>14315</ItemId>
    </Item>
    <Item>
      <PriceUpdateDate>2015-01-01 00:00:00</PriceUpdateDate>
      <ItemCode>7290002243601</ItemCode>
      <ItemType>1</ItemType>
      <ItemName>פיתה אסלית      1/5</ItemName>
      <ManufacturerName>מאפיית אנג'ל</ManufacturerName>
      <ManufactureCountry>ישראל</ManufactureCountry>
      <ManufacturerItemDescription>פיתה אסלית 1/5 בשקית 500 גר            .</ManufacturerItemDescription>
      <UnitQty>גרמים</UnitQty>
      <Quantity>400.00</Quantity>
      <UnitOfMeasure>100 גרם</UnitOfMeasure>
      <bIsWeighted>0</bIsWeighted>
      <QtyInPackage>5</QtyInPackage>
      <ItemPrice>8.90</ItemPrice>
      <UnitOfMeasurePrice>2.2250</UnitOfMeasurePrice>
      <AllowDiscount>1</AllowDiscount>
      <ItemStatus>1</ItemStatus>
      <ItemId>14323</ItemId>
    </Item>
    <Item>
      <PriceUpdateDate>2015-01-01 00:00:00</PriceUpdateDate>
      <ItemCode>7290002331018</ItemCode>
      <ItemType>1</ItemType>
      <ItemName>נביעות פקק רגיל</ItemName>
      <ManufacturerName>נביעות</ManufacturerName>
      <ManufactureCountry>ישראל</ManufactureCountry>
      <ManufacturerItemDescription>נביעות 500 מל פקק רגיל</ManufacturerItemDescription>
      <UnitQty>מיליליטרים</UnitQty>
      <Quantity>500.00</Quantity>
      <UnitOfMeasure>100 מ"ל</UnitOfMeasure>
      <bIsWeighted>0</bIsWeighted>
      <QtyInPackage>1</QtyInPackage>
      <ItemPrice>4.80</ItemPrice>
      <UnitOfMeasurePrice>0.9600</UnitOfMeasurePrice>
      <AllowDiscount>1</AllowDiscount>
      <ItemStatus>1</ItemStatus>
      <ItemId>14375</ItemId>
    </Item>
    <Item>
      <PriceUpdateDate>2015-09-01 15:01:39</PriceUpdateDate>
      <ItemCode>5410126106183</ItemCode>
      <ItemType>1</ItemType>
      <ItemName>ביסקוויט קרמל לוטוס</ItemName>
      <ManufacturerName>לוטוס ביקרי נ.וי.</ManufacturerName>
      <ManufactureCountry>בלגיה</ManufactureCountry>
      <ManufacturerItemDescription>ביסקוויט קרמל לוטוס 312 גרם</ManufacturerItemDescription>
      <UnitQty>גרמים</UnitQty>
      <Quantity>312.00</Quantity>
      <UnitOfMeasure>100 גרם</UnitOfMeasure>
      <bIsWeighted>0</bIsWeighted>
      <QtyInPackage>1</QtyInPackage>
      <ItemPrice>17.90</ItemPrice>
      <UnitOfMeasurePrice>5.7372</UnitOfMeasurePrice>
      <AllowDiscount>1</AllowDiscount>
      <ItemStatus>1</ItemStatus>
      <ItemId>14377</ItemId>
    </Item>
    <Item>
      <PriceUpdateDate>2016-04-22 09:19:41</PriceUpdateDate>
      <ItemCode>7290001419021</ItemCode>
      <ItemType>1</ItemType>
      <ItemName>גביעי גלידה 30 יח</ItemName>
      <ManufacturerName>גילרו בע"מ</ManufacturerName>
      <ManufactureCountry>ישראל</ManufactureCountry>
      <ManufacturerItemDescription>גביעי גלידה 120 גרם 30 יח</ManufacturerItemDescription>
      <UnitQty>גרמים</UnitQty>
      <Quantity>120.00</Quantity>
      <UnitOfMeasure>100 גרם</UnitOfMeasure>
      <bIsWeighted>0</bIsWeighted>
      <QtyInPackage>1</QtyInPackage>
      <ItemPrice>8.80</ItemPrice>
      <UnitOfMeasurePrice>7.3333</UnitOfMeasurePrice>
      <AllowDiscount>1</AllowDiscount>
      <ItemStatus>1</ItemStatus>
      <ItemId>14378</ItemId>
    </Item>
    <Item>
      <PriceUpdateDate>2015-10-04 10:18:02</PriceUpdateDate>
      <ItemCode>7290006681577</ItemCode>
      <ItemType>1</ItemType>
      <ItemName>מאגדת לימון דובדבן</ItemName>
      <ManufacturerName>שטראוס גלידות</ManufacturerName>
      <ManufactureCountry>ישראל</ManufactureCountry>
      <ManufacturerItemDescription>מאגדת אסקימו לימון דובדבן           2+8</ManufacturerItemDescription>
      <UnitQty>גרמים</UnitQty>
      <Quantity>700.00</Quantity>
      <UnitOfMeasure>100 גרם</UnitOfMeasure>
      <bIsWeighted>0</bIsWeighted>
      <QtyInPackage>1</QtyInPackage>
      <ItemPrice>20.80</ItemPrice>
      <UnitOfMeasurePrice>2.9714</UnitOfMeasurePrice>
      <AllowDiscount>1</AllowDiscount>
      <ItemStatus>1</ItemStatus>
      <ItemId>14474</ItemId>
    </Item>
    <Item>
      <PriceUpdateDate>2015-10-04 10:17:52</PriceUpdateDate>
      <ItemCode>8076809523738</ItemCode>
      <ItemType>1</ItemType>
      <ItemName>לזניה ברילה</ItemName>
      <ManufacturerName>BARILLA G.E.R.</ManufacturerName>
      <ManufactureCountry>איטליה</ManufactureCountry>
      <ManufacturerItemDescription>לזניה ברילה 500 גרם</ManufacturerItemDescription>
      <UnitQty>גרמים</UnitQty>
      <Quantity>500.00</Quantity>
      <UnitOfMeasure>100 גרם</UnitOfMeasure>
      <bIsWeighted>0</bIsWeighted>
      <QtyInPackage>1</QtyInPackage>
      <ItemPrice>20.70</ItemPrice>
      <UnitOfMeasurePrice>4.1400</UnitOfMeasurePrice>
      <AllowDiscount>1</AllowDiscount>
      <ItemStatus>1</ItemStatus>
      <ItemId>14482</ItemId>
    </Item>
    <Item>
      <PriceUpdateDate>2016-02-11 07:45:26</PriceUpdateDate>
      <ItemCode>7290000047621</ItemCode>
      <ItemType>1</ItemType>
      <ItemName>גבינה למריחה5%בדצ</ItemName>
      <ManufacturerName>תנובה מרכז שיתופי לש</ManufacturerName>
      <ManufactureCountry>ישראל</ManufactureCountry>
      <ManufacturerItemDescription>גבינה למריחה 250 5%בדץ  פיקוח</ManufacturerItemDescription>
      <UnitQty>גרמים</UnitQty>
      <Quantity>250.00</Quantity>
      <UnitOfMeasure>100 גרם</UnitOfMeasure>
      <bIsWeighted>0</bIsWeighted>
      <QtyInPackage>1</QtyInPackage>
      <ItemPrice>4.60</ItemPrice>
      <UnitOfMeasurePrice>1.8400</UnitOfMeasurePrice>
      <AllowDiscount>1</AllowDiscount>
      <ItemStatus>1</ItemStatus>
      <ItemId>14515</ItemId>
    </Item>
    <Item>
      <PriceUpdateDate>2016-05-11 08:01:48</PriceUpdateDate>
      <ItemCode>7290001231932</ItemCode>
      <ItemType>1</ItemType>
      <ItemName>סיגריות וינסטון כחול</ItemName>
      <ManufacturerName>JTI</ManufacturerName>
      <ManufactureCountry>לא ידוע</ManufactureCountry>
      <ManufacturerItemDescription>סיגריות וינסטון כחול בוקס בודד</ManufacturerItemDescription>
      <UnitQty>Unknown </UnitQty>
      <Quantity>0.00</Quantity>
      <UnitOfMeasure>Unknown </UnitOfMeasure>
      <bIsWeighted>0</bIsWeighted>
      <QtyInPackage>1</QtyInPackage>
      <ItemPrice>33.10</ItemPrice>
      <UnitOfMeasurePrice>0.0000</UnitOfMeasurePrice>
      <AllowDiscount>0</AllowDiscount>
      <ItemStatus>1</ItemStatus>
      <ItemId>14545</ItemId>
    </Item>
    <Item>
      <PriceUpdateDate>2016-05-04 07:07:14</PriceUpdateDate>
      <ItemCode>7290002874629</ItemCode>
      <ItemType>1</ItemType>
      <ItemName>פרלמנט בלו ארוך</ItemName>
      <ManufacturerName>פיליפ מוריס</ManufacturerName>
      <ManufactureCountry>לא ידוע</ManufactureCountry>
      <ManufacturerItemDescription>סיגריות פרלמנט בלו BR 100 בודד</ManufacturerItemDescription>
      <UnitQty>Unknown </UnitQty>
      <Quantity>0.00</Quantity>
      <UnitOfMeasure>Unknown </UnitOfMeasure>
      <bIsWeighted>0</bIsWeighted>
      <QtyInPackage>1</QtyInPackage>
      <ItemPrice>39.10</ItemPrice>
      <UnitOfMeasurePrice>0.0000</UnitOfMeasurePrice>
      <AllowDiscount>0</AllowDiscount>
      <ItemStatus>1</ItemStatus>
      <ItemId>14548</ItemId>
    </Item>
    <Item>
      <PriceUpdateDate>2015-01-01 00:00:00</PriceUpdateDate>
      <ItemCode>7290002012108</ItemCode>
      <ItemType>1</ItemType>
      <ItemName>לחמניה שומשום</ItemName>
      <ManufacturerName>אורנים</ManufacturerName>
      <ManufactureCountry>ישראל</ManufactureCountry>
      <ManufacturerItemDescription>לחמניה שומשום125 גר</ManufacturerItemDescription>
      <UnitQty>גרמים</UnitQty>
      <Quantity>125.00</Quantity>
      <UnitOfMeasure>100 גרם</UnitOfMeasure>
      <bIsWeighted>0</bIsWeighted>
      <QtyInPackage>1</QtyInPackage>
      <ItemPrice>3.40</ItemPrice>
      <UnitOfMeasurePrice>2.7200</UnitOfMeasurePrice>
      <AllowDiscount>1</AllowDiscount>
      <ItemStatus>1</ItemStatus>
      <ItemId>14552</ItemId>
    </Item>
    <Item>
      <PriceUpdateDate>2016-05-11 08:01:48</PriceUpdateDate>
      <ItemCode>7290001230331</ItemCode>
      <ItemType>1</ItemType>
      <ItemName>סיגריות כאמל בוקס חפ</ItemName>
      <ManufacturerName>JTI</ManufacturerName>
      <ManufactureCountry>לא ידוע</ManufactureCountry>
      <ManufacturerItemDescription>סיגריות קאמל בוקס בודד</ManufacturerItemDescription>
      <UnitQty>Unknown </UnitQty>
      <Quantity>0.00</Quantity>
      <UnitOfMeasure>Unknown </UnitOfMeasure>
      <bIsWeighted>0</bIsWeighted>
      <QtyInPackage>1</QtyInPackage>
      <ItemPrice>32.50</ItemPrice>
      <UnitOfMeasurePrice>0.0000</UnitOfMeasurePrice>
      <AllowDiscount>0</AllowDiscount>
      <ItemStatus>1</ItemStatus>
      <ItemId>14556</ItemId>
    </Item>
    <Item>
      <PriceUpdateDate>2016-05-04 07:07:14</PriceUpdateDate>
      <ItemCode>7290002812522</ItemCode>
      <ItemType>1</ItemType>
      <ItemName>פרלמנט ארוך רגיל</ItemName>
      <ManufacturerName>פיליפ מוריס</ManufacturerName>
      <ManufactureCountry>לא ידוע</ManufactureCountry>
      <ManufacturerItemDescription>סיגריות פרלמנט                   RB 100</ManufacturerItemDescription>
      <UnitQty>Unknown </UnitQty>
      <Quantity>0.00</Quantity>
      <UnitOfMeasure>Unknown </UnitOfMeasure>
      <bIsWeighted>0</bIsWeighted>
      <QtyInPackage>1</QtyInPackage>
      <ItemPrice>39.10</ItemPrice>
      <UnitOfMeasurePrice>0.0000</UnitOfMeasurePrice>
      <AllowDiscount>0</AllowDiscount>
      <ItemStatus>1</ItemStatus>
      <ItemId>14565</ItemId>
    </Item>
    <Item>
      <PriceUpdateDate>2015-10-04 10:19:17</PriceUpdateDate>
      <ItemCode>7290004128333</ItemCode>
      <ItemType>1</ItemType>
      <ItemName>גבינת לאבנה</ItemName>
      <ManufacturerName>תנובה מרכז שיתופי לש</ManufacturerName>
      <ManufactureCountry>ישראל</ManufactureCountry>
      <ManufacturerItemDescription>גבינת לאבנה פיראוס 500 9%ג</ManufacturerItemDescription>
      <UnitQty>גרמים</UnitQty>
      <Quantity>500.00</Quantity>
      <UnitOfMeasure>100 גרם</UnitOfMeasure>
      <bIsWeighted>0</bIsWeighted>
      <QtyInPackage>1</QtyInPackage>
      <ItemPrice>19.70</ItemPrice>
      <UnitOfMeasurePrice>3.9400</UnitOfMeasurePrice>
      <AllowDiscount>1</AllowDiscount>
      <ItemStatus>1</ItemStatus>
      <ItemId>14567</ItemId>
    </Item>
    <Item>
      <PriceUpdateDate>2015-08-12 10:24:39</PriceUpdateDate>
      <ItemCode>7290000081168</ItemCode>
      <ItemType>1</ItemType>
      <ItemName>חטיף צ"יפסי</ItemName>
      <ManufacturerName>אסם</ManufacturerName>
      <ManufactureCountry>ישראל</ManufactureCountry>
      <ManufacturerItemDescription>חטיף צ"יפסי 50 גרם</ManufacturerItemDescription>
      <UnitQty>גרמים</UnitQty>
      <Quantity>50.00</Quantity>
      <UnitOfMeasure>100 גרם</UnitOfMeasure>
      <bIsWeighted>0</bIsWeighted>
      <QtyInPackage>1</QtyInPackage>
      <ItemPrice>3.50</ItemPrice>
      <UnitOfMeasurePrice>7.0000</UnitOfMeasurePrice>
      <AllowDiscount>1</AllowDiscount>
      <ItemStatus>1</ItemStatus>
      <ItemId>14571</ItemId>
    </Item>
    <Item>
      <PriceUpdateDate>2015-10-04 10:17:35</PriceUpdateDate>
      <ItemCode>7290006789617</ItemCode>
      <ItemType>1</ItemType>
      <ItemName>קרליין 10 קרם לחות</ItemName>
      <ManufacturerName>אמיליה קוסמטיקס</ManufacturerName>
      <ManufactureCountry>לא ידוע</ManufactureCountry>
      <ManufacturerItemDescription>קרליין 10 קרם לחות מתולתל400 מ</ManufacturerItemDescription>
      <UnitQty>מיליליטרים</UnitQty>
      <Quantity>400.00</Quantity>
      <UnitOfMeasure>100 מ"ל</UnitOfMeasure>
      <bIsWeighted>0</bIsWeighted>
      <QtyInPackage>1</QtyInPackage>
      <ItemPrice>17.70</ItemPrice>
      <UnitOfMeasurePrice>4.4250</UnitOfMeasurePrice>
      <AllowDiscount>1</AllowDiscount>
      <ItemStatus>1</ItemStatus>
      <ItemId>14638</ItemId>
    </Item>
    <Item>
      <PriceUpdateDate>2015-10-04 10:17:35</PriceUpdateDate>
      <ItemCode>7290006789648</ItemCode>
      <ItemType>1</ItemType>
      <ItemName>קרליין 10 ק.לחות יבש</ItemName>
      <ManufacturerName>אמיליה קוסמטיקס</ManufacturerName>
      <ManufactureCountry>לא ידוע</ManufactureCountry>
      <ManufacturerItemDescription>קרליין 10 קרם לחות לשיער יבש</ManufacturerItemDescription>
      <UnitQty>מיליליטרים</UnitQty>
      <Quantity>400.00</Quantity>
      <UnitOfMeasure>100 מ"ל</UnitOfMeasure>
      <bIsWeighted>0</bIsWeighted>
      <QtyInPackage>1</QtyInPackage>
      <ItemPrice>17.70</ItemPrice>
      <UnitOfMeasurePrice>4.4250</UnitOfMeasurePrice>
      <AllowDiscount>1</AllowDiscount>
      <ItemStatus>1</ItemStatus>
      <ItemId>14640</ItemId>
    </Item>
    <Item>
      <PriceUpdateDate>2015-08-03 07:55:59</PriceUpdateDate>
      <ItemCode>7290000377209</ItemCode>
      <ItemType>1</ItemType>
      <ItemName>בוטן מטוגן 200 ק.גת</ItemName>
      <ManufacturerName>ג'י אנד ג'י  בע"מ</ManufacturerName>
      <ManufactureCountry>לא ידוע</ManufactureCountry>
      <ManufacturerItemDescription>בוטן מטוגן 200 גרם</ManufacturerItemDescription>
      <UnitQty>גרמים</UnitQty>
      <Quantity>200.00</Quantity>
      <UnitOfMeasure>100 גרם</UnitOfMeasure>
      <bIsWeighted>0</bIsWeighted>
      <QtyInPackage>1</QtyInPackage>
      <ItemPrice>7.90</ItemPrice>
      <UnitOfMeasurePrice>3.9500</UnitOfMeasurePrice>
      <AllowDiscount>1</AllowDiscount>
      <ItemStatus>1</ItemStatus>
      <ItemId>15187</ItemId>
    </Item>
    <Item>
      <PriceUpdateDate>2015-08-03 07:55:59</PriceUpdateDate>
      <ItemCode>7290000377445</ItemCode>
      <ItemType>1</ItemType>
      <ItemName>נשצאנס 200  גרם ק.גת</ItemName>
      <ManufacturerName>ג'י אנד ג'י  בע"מ</ManufacturerName>
      <ManufactureCountry>לא ידוע</ManufactureCountry>
      <ManufacturerItemDescription>נשצ"אנס 200 גרם מנצ"יס</ManufacturerItemDescription>
      <UnitQty>גרמים</UnitQty>
      <Quantity>200.00</Quantity>
      <UnitOfMeasure>100 גרם</UnitOfMeasure>
      <bIsWeighted>0</bIsWeighted>
      <QtyInPackage>1</QtyInPackage>
      <ItemPrice>9.90</ItemPrice>
      <UnitOfMeasurePrice>4.9500</UnitOfMeasurePrice>
      <AllowDiscount>1</AllowDiscount>
      <ItemStatus>1</ItemStatus>
      <ItemId>15188</ItemId>
    </Item>
    <Item>
      <PriceUpdateDate>2015-10-04 10:18:02</PriceUpdateDate>
      <ItemCode>7290006681065</ItemCode>
      <ItemType>1</ItemType>
      <ItemName>שלגון טעמקור</ItemName>
      <ManufacturerName>שטראוס גלידות</ManufacturerName>
      <ManufactureCountry>ישראל</ManufactureCountry>
      <ManufacturerItemDescription>שלגון טעמקור                         XL</ManufacturerItemDescription>
      <UnitQty>גרמים</UnitQty>
      <Quantity>75.00</Quantity>
      <UnitOfMeasure>100 גרם</UnitOfMeasure>
      <bIsWeighted>0</bIsWeighted>
      <QtyInPackage>1</QtyInPackage>
      <ItemPrice>7.80</ItemPrice>
      <UnitOfMeasurePrice>10.4000</UnitOfMeasurePrice>
      <AllowDiscount>1</AllowDiscount>
      <ItemStatus>1</ItemStatus>
      <ItemId>15275</ItemId>
    </Item>
    <Item>
      <PriceUpdateDate>2015-08-03 07:56:07</PriceUpdateDate>
      <ItemCode>7290002008989</ItemCode>
      <ItemType>1</ItemType>
      <ItemName>קש שתיה קישקשים</ItemName>
      <ManufacturerName>הונג טונג</ManufacturerName>
      <ManufactureCountry>סין</ManufactureCountry>
      <ManufacturerItemDescription>קש שתיה קישקשים 225 יח                 "</ManufacturerItemDescription>
      <UnitQty>Unknown </UnitQty>
      <Quantity>0.00</Quantity>
      <UnitOfMeasure>Unknown </UnitOfMeasure>
      <bIsWeighted>0</bIsWeighted>
      <QtyInPackage>1</QtyInPackage>
      <ItemPrice>7.90</ItemPrice>
      <UnitOfMeasurePrice>0.0000</UnitOfMeasurePrice>
      <AllowDiscount>1</AllowDiscount>
      <ItemStatus>1</ItemStatus>
      <ItemId>15297</ItemId>
    </Item>
    <Item>
      <PriceUpdateDate>2015-01-01 00:00:00</PriceUpdateDate>
      <ItemCode>7290000195537</ItemCode>
      <ItemType>1</ItemType>
      <ItemName>האגיס 1/4 מגבונים לח</ItemName>
      <ManufacturerName>ווטנאפס</ManufacturerName>
      <ManufactureCountry>ישראל</ManufactureCountry>
      <ManufacturerItemDescription>האגיס רביעית מגבונים לחים-מלוי</ManufacturerItemDescription>
      <UnitQty>Unknown </UnitQty>
      <Quantity>0.00</Quantity>
      <UnitOfMeasure>Unknown </UnitOfMeasure>
      <bIsWeighted>0</bIsWeighted>
      <QtyInPackage>1</QtyInPackage>
      <ItemPrice>24.90</ItemPrice>
      <UnitOfMeasurePrice>0.0000</UnitOfMeasurePrice>
      <AllowDiscount>1</AllowDiscount>
      <ItemStatus>1</ItemStatus>
      <ItemId>15303</ItemId>
    </Item>
    <Item>
      <PriceUpdateDate>2015-10-04 10:19:17</PriceUpdateDate>
      <ItemCode>7290004129668</ItemCode>
      <ItemType>1</ItemType>
      <ItemName>יופלה 3% פצפוצים</ItemName>
      <ManufacturerName>תנובה מרכז שיתופי לש</ManufacturerName>
      <ManufactureCountry>ישראל</ManufactureCountry>
      <ManufacturerItemDescription>יופלה 3% פצפוצים מכסה מעל           170</ManufacturerItemDescription>
      <UnitQty>גרמים</UnitQty>
      <Quantity>170.00</Quantity>
      <UnitOfMeasure>100 גרם</UnitOfMeasure>
      <bIsWeighted>0</bIsWeighted>
      <QtyInPackage>1</QtyInPackage>
      <ItemPrice>5.70</ItemPrice>
      <UnitOfMeasurePrice>3.3529</UnitOfMeasurePrice>
      <AllowDiscount>1</AllowDiscount>
      <ItemStatus>1</ItemStatus>
      <ItemId>15493</ItemId>
    </Item>
    <Item>
      <PriceUpdateDate>2015-10-04 10:17:52</PriceUpdateDate>
      <ItemCode>7290006712981</ItemCode>
      <ItemType>1</ItemType>
      <ItemName>קולגייט משחת שיניים</ItemName>
      <ManufacturerName>Colgate (Euro)-Palmo</ManufacturerName>
      <ManufactureCountry>פולין</ManufactureCountry>
      <ManufacturerItemDescription>קולגייט משחת שיניים סמיילס           6+</ManufacturerItemDescription>
      <UnitQty>מיליליטרים</UnitQty>
      <Quantity>50.00</Quantity>
      <UnitOfMeasure>100 מ"ל</UnitOfMeasure>
      <bIsWeighted>0</bIsWeighted>
      <QtyInPackage>1</QtyInPackage>
      <ItemPrice>14.80</ItemPrice>
      <UnitOfMeasurePrice>29.6000</UnitOfMeasurePrice>
      <AllowDiscount>1</AllowDiscount>
      <ItemStatus>1</ItemStatus>
      <ItemId>15521</ItemId>
    </Item>
    <Item>
      <PriceUpdateDate>2016-01-20 15:51:54</PriceUpdateDate>
      <ItemCode>7296058000052</ItemCode>
      <ItemType>1</ItemType>
      <ItemName>דגניות אורז5 דגנים</ItemName>
      <ManufacturerName>פרח תעשיות מזון בע"מ</ManufacturerName>
      <ManufactureCountry>ישראל</ManufactureCountry>
      <ManufacturerItemDescription>פריכיות דגניות אורז5 דגנים          100</ManufacturerItemDescription>
      <UnitQty>גרמים</UnitQty>
      <Quantity>100.00</Quantity>
      <UnitOfMeasure>100 גרם</UnitOfMeasure>
      <bIsWeighted>0</bIsWeighted>
      <QtyInPackage>1</QtyInPackage>
      <ItemPrice>6.30</ItemPrice>
      <UnitOfMeasurePrice>6.3000</UnitOfMeasurePrice>
      <AllowDiscount>1</AllowDiscount>
      <ItemStatus>1</ItemStatus>
      <ItemId>15596</ItemId>
    </Item>
    <Item>
      <PriceUpdateDate>2015-07-26 09:39:40</PriceUpdateDate>
      <ItemCode>7290004122195</ItemCode>
      <ItemType>1</ItemType>
      <ItemName>גבינה קשה גוש חלב</ItemName>
      <ManufacturerName>תנובה מרכז שיתופי לש</ManufacturerName>
      <ManufactureCountry>ישראל</ManufactureCountry>
      <ManufacturerItemDescription>גבינה קשה גוש חלב פרוס 200 גר          .</ManufacturerItemDescription>
      <UnitQty>גרמים</UnitQty>
      <Quantity>200.00</Quantity>
      <UnitOfMeasure>100 גרם</UnitOfMeasure>
      <bIsWeighted>0</bIsWeighted>
      <QtyInPackage>1</QtyInPackage>
      <ItemPrice>14.10</ItemPrice>
      <UnitOfMeasurePrice>7.0500</UnitOfMeasurePrice>
      <AllowDiscount>1</AllowDiscount>
      <ItemStatus>1</ItemStatus>
      <ItemId>15601</ItemId>
    </Item>
    <Item>
      <PriceUpdateDate>2015-10-04 10:18:19</PriceUpdateDate>
      <ItemCode>7290010116980</ItemCode>
      <ItemType>1</ItemType>
      <ItemName>שוקולית שקית</ItemName>
      <ManufacturerName>שטראוס גרופ</ManufacturerName>
      <ManufactureCountry>ישראל</ManufactureCountry>
      <ManufacturerItemDescription>שוקולית 850 גר "שקית</ManufacturerItemDescription>
      <UnitQty>גרמים</UnitQty>
      <Quantity>850.00</Quantity>
      <UnitOfMeasure>100 גרם</UnitOfMeasure>
      <bIsWeighted>0</bIsWeighted>
      <QtyInPackage>1</QtyInPackage>
      <ItemPrice>19.70</ItemPrice>
      <UnitOfMeasurePrice>2.3176</UnitOfMeasurePrice>
      <AllowDiscount>1</AllowDiscount>
      <ItemStatus>1</ItemStatus>
      <ItemId>15635</ItemId>
    </Item>
    <Item>
      <PriceUpdateDate>2015-10-04 10:17:35</PriceUpdateDate>
      <ItemCode>7290006788481</ItemCode>
      <ItemType>1</ItemType>
      <ItemName>דאודורנט לאישה כתום</ItemName>
      <ManufacturerName>אמיליה קוסמטיקס</ManufacturerName>
      <ManufactureCountry>ישראל</ManufactureCountry>
      <ManufacturerItemDescription>דאו .תרסיס כתום מס - .4קרליין</ManufacturerItemDescription>
      <UnitQty>מיליליטרים</UnitQty>
      <Quantity>200.00</Quantity>
      <UnitOfMeasure>100 מ"ל</UnitOfMeasure>
      <bIsWeighted>0</bIsWeighted>
      <QtyInPackage>1</QtyInPackage>
      <ItemPrice>15.70</ItemPrice>
      <UnitOfMeasurePrice>7.8500</UnitOfMeasurePrice>
      <AllowDiscount>1</AllowDiscount>
      <ItemStatus>1</ItemStatus>
      <ItemId>15655</ItemId>
    </Item>
    <Item>
      <PriceUpdateDate>2015-10-19 15:25:17</PriceUpdateDate>
      <ItemCode>3141360050001</ItemCode>
      <ItemType>1</ItemType>
      <ItemName>מסיר אבנית קלגון גל</ItemName>
      <ManufacturerName>קלגון</ManufacturerName>
      <ManufactureCountry>לא ידוע</ManufactureCountry>
      <ManufacturerItemDescription>מסיר אבנית קלגון ג"ל 750 מ"ל</ManufacturerItemDescription>
      <UnitQty>מיליליטרים</UnitQty>
      <Quantity>750.00</Quantity>
      <UnitOfMeasure>100 מ"ל</UnitOfMeasure>
      <bIsWeighted>0</bIsWeighted>
      <QtyInPackage>1</QtyInPackage>
      <ItemPrice>34.40</ItemPrice>
      <UnitOfMeasurePrice>4.5867</UnitOfMeasurePrice>
      <AllowDiscount>1</AllowDiscount>
      <ItemStatus>1</ItemStatus>
      <ItemId>15809</ItemId>
    </Item>
    <Item>
      <PriceUpdateDate>2015-01-01 00:00:00</PriceUpdateDate>
      <ItemCode>9928</ItemCode>
      <ItemType>0</ItemType>
      <ItemName>שמיר</ItemName>
      <ManufacturerName>חקלאי</ManufacturerName>
      <ManufactureCountry>ישראל</ManufactureCountry>
      <ManufacturerItemDescription>שמיר</ManufacturerItemDescription>
      <UnitQty>Unknown </UnitQty>
      <Quantity>0.00</Quantity>
      <UnitOfMeasure>Unknown </UnitOfMeasure>
      <bIsWeighted>0</bIsWeighted>
      <QtyInPackage>1</QtyInPackage>
      <ItemPrice>2.90</ItemPrice>
      <UnitOfMeasurePrice>0.0000</UnitOfMeasurePrice>
      <AllowDiscount>1</AllowDiscount>
      <ItemStatus>1</ItemStatus>
      <ItemId>98984</ItemId>
    </Item>
    <Item>
      <PriceUpdateDate>2015-10-04 10:17:43</PriceUpdateDate>
      <ItemCode>7290104962134</ItemCode>
      <ItemType>1</ItemType>
      <ItemName>דאו רולאון נושם בנות</ItemName>
      <ManufacturerName>אמיליה קוסמטיקס</ManufacturerName>
      <ManufactureCountry>ישראל</ManufactureCountry>
      <ManufacturerItemDescription>דאו רולאון נושם בנות</ManufacturerItemDescription>
      <UnitQty>גרמים</UnitQty>
      <Quantity>119.00</Quantity>
      <UnitOfMeasure>100 גרם</UnitOfMeasure>
      <bIsWeighted>0</bIsWeighted>
      <QtyInPackage>1</QtyInPackage>
      <ItemPrice>15.70</ItemPrice>
      <UnitOfMeasurePrice>13.1933</UnitOfMeasurePrice>
      <AllowDiscount>1</AllowDiscount>
      <ItemStatus>1</ItemStatus>
      <ItemId>93213</ItemId>
    </Item>
    <Item>
      <PriceUpdateDate>2015-01-01 00:00:00</PriceUpdateDate>
      <ItemCode>7290000134550</ItemCode>
      <ItemType>1</ItemType>
      <ItemName>עלי דפנה שקית</ItemName>
      <ManufacturerName>תבליני טעם וריח</ManufacturerName>
      <ManufactureCountry>ישראל</ManufactureCountry>
      <ManufacturerItemDescription>עלי דפנה 20 גר  בשקית</ManufacturerItemDescription>
      <UnitQty>גרמים</UnitQty>
      <Quantity>20.00</Quantity>
      <UnitOfMeasure>100 גרם</UnitOfMeasure>
      <bIsWeighted>0</bIsWeighted>
      <QtyInPackage>1</QtyInPackage>
      <ItemPrice>4.60</ItemPrice>
      <UnitOfMeasurePrice>23.0000</UnitOfMeasurePrice>
      <AllowDiscount>1</AllowDiscount>
      <ItemStatus>1</ItemStatus>
      <ItemId>16024</ItemId>
    </Item>
    <Item>
      <PriceUpdateDate>2016-06-07 07:37:07</PriceUpdateDate>
      <ItemCode>7290000134987</ItemCode>
      <ItemType>1</ItemType>
      <ItemName>פלפל שחור גרוס מיכל</ItemName>
      <ManufacturerName>תבליני טעם וריח</ManufacturerName>
      <ManufactureCountry>לא ידוע</ManufactureCountry>
      <ManufacturerItemDescription>פלפל שחור גרוס 90 גר  "מכיל</ManufacturerItemDescription>
      <UnitQty>גרמים</UnitQty>
      <Quantity>90.00</Quantity>
      <UnitOfMeasure>100 גרם</UnitOfMeasure>
      <bIsWeighted>0</bIsWeighted>
      <QtyInPackage>1</QtyInPackage>
      <ItemPrice>15.60</ItemPrice>
      <UnitOfMeasurePrice>17.3333</UnitOfMeasurePrice>
      <AllowDiscount>1</AllowDiscount>
      <ItemStatus>1</ItemStatus>
      <ItemId>16025</ItemId>
    </Item>
    <Item>
      <PriceUpdateDate>2015-10-04 10:19:17</PriceUpdateDate>
      <ItemCode>7290004122119</ItemCode>
      <ItemType>1</ItemType>
      <ItemName>פרמזן פתיתים100 גר</ItemName>
      <ManufacturerName>תנובה מרכז שיתופי לש</ManufacturerName>
      <ManufactureCountry>ישראל</ManufactureCountry>
      <ManufacturerItemDescription>פרמזן פתיתים100 גר                     .</ManufacturerItemDescription>
      <UnitQty>גרמים</UnitQty>
      <Quantity>100.00</Quantity>
      <UnitOfMeasure>100 גרם</UnitOfMeasure>
      <bIsWeighted>0</bIsWeighted>
      <QtyInPackage>1</QtyInPackage>
      <ItemPrice>13.40</ItemPrice>
      <UnitOfMeasurePrice>13.4000</UnitOfMeasurePrice>
      <AllowDiscount>1</AllowDiscount>
      <ItemStatus>1</ItemStatus>
      <ItemId>16046</ItemId>
    </Item>
    <Item>
      <PriceUpdateDate>2016-06-07 07:37:07</PriceUpdateDate>
      <ItemCode>7290000134109</ItemCode>
      <ItemType>1</ItemType>
      <ItemName>כמון מזרחי מיכל קטן</ItemName>
      <ManufacturerName>תבליני טעם וריח</ManufacturerName>
      <ManufactureCountry>לא ידוע</ManufactureCountry>
      <ManufacturerItemDescription>כמון מזרחי 40 גר מיכל קטן</ManufacturerItemDescription>
      <UnitQty>גרמים</UnitQty>
      <Quantity>40.00</Quantity>
      <UnitOfMeasure>100 גרם</UnitOfMeasure>
      <bIsWeighted>0</bIsWeighted>
      <QtyInPackage>1</QtyInPackage>
      <ItemPrice>7.40</ItemPrice>
      <UnitOfMeasurePrice>18.5000</UnitOfMeasurePrice>
      <AllowDiscount>1</AllowDiscount>
      <ItemStatus>1</ItemStatus>
      <ItemId>16116</ItemId>
    </Item>
    <Item>
      <PriceUpdateDate>2015-11-12 10:52:11</PriceUpdateDate>
      <ItemCode>7290000211169</ItemCode>
      <ItemType>1</ItemType>
      <ItemName>אורז תאילנדי</ItemName>
      <ManufacturerName>סוגת</ManufacturerName>
      <ManufactureCountry>לא ידוע</ManufactureCountry>
      <ManufacturerItemDescription>אורז תאילנדי 1 ק"ג</ManufacturerItemDescription>
      <UnitQty>קילוגרמים</UnitQty>
      <Quantity>1.00</Quantity>
      <UnitOfMeasure>ק"ג</UnitOfMeasure>
      <bIsWeighted>0</bIsWeighted>
      <QtyInPackage>1</QtyInPackage>
      <ItemPrice>7.90</ItemPrice>
      <UnitOfMeasurePrice>7.9000</UnitOfMeasurePrice>
      <AllowDiscount>1</AllowDiscount>
      <ItemStatus>1</ItemStatus>
      <ItemId>16122</ItemId>
    </Item>
    <Item>
      <PriceUpdateDate>2015-10-04 10:17:35</PriceUpdateDate>
      <ItemCode>7290003401635</ItemCode>
      <ItemType>1</ItemType>
      <ItemName>לחות לפתיחת תלתלים</ItemName>
      <ManufacturerName>אמיליה קוסמטיקס</ManufacturerName>
      <ManufactureCountry>ישראל</ManufactureCountry>
      <ManufacturerItemDescription>קרם לחות לפתיחת תלתלים          GO</ManufacturerItemDescription>
      <UnitQty>מיליליטרים</UnitQty>
      <Quantity>400.00</Quantity>
      <UnitOfMeasure>100 מ"ל</UnitOfMeasure>
      <bIsWeighted>0</bIsWeighted>
      <QtyInPackage>1</QtyInPackage>
      <ItemPrice>26.00</ItemPrice>
      <UnitOfMeasurePrice>6.5000</UnitOfMeasurePrice>
      <AllowDiscount>1</AllowDiscount>
      <ItemStatus>1</ItemStatus>
      <ItemId>16128</ItemId>
    </Item>
    <Item>
      <PriceUpdateDate>2016-06-07 07:37:07</PriceUpdateDate>
      <ItemCode>7290000134826</ItemCode>
      <ItemType>1</ItemType>
      <ItemName>תבלין זעתר מיכל</ItemName>
      <ManufacturerName>תבליני טעם וריח</ManufacturerName>
      <ManufactureCountry>לא ידוע</ManufactureCountry>
      <ManufacturerItemDescription>תבלין זעתר 100 גר  "מיכל</ManufacturerItemDescription>
      <UnitQty>גרמים</UnitQty>
      <Quantity>100.00</Quantity>
      <UnitOfMeasure>100 גרם</UnitOfMeasure>
      <bIsWeighted>0</bIsWeighted>
      <QtyInPackage>1</QtyInPackage>
      <ItemPrice>12.30</ItemPrice>
      <UnitOfMeasurePrice>12.3000</UnitOfMeasurePrice>
      <AllowDiscount>1</AllowDiscount>
      <ItemStatus>1</ItemStatus>
      <ItemId>16170</ItemId>
    </Item>
    <Item>
      <PriceUpdateDate>2015-10-04 10:18:27</PriceUpdateDate>
      <ItemCode>7290000197951</ItemCode>
      <ItemType>1</ItemType>
      <ItemName>תבניות אלומיניום</ItemName>
      <ManufacturerName>פאלאס</ManufacturerName>
      <ManufactureCountry>ישראל</ManufactureCountry>
      <ManufacturerItemDescription>תבנית אלומיניום ענק 2 יח               "</ManufacturerItemDescription>
      <UnitQty>Unknown </UnitQty>
      <Quantity>0.00</Quantity>
      <UnitOfMeasure>Unknown </UnitOfMeasure>
      <bIsWeighted>0</bIsWeighted>
      <QtyInPackage>1</QtyInPackage>
      <ItemPrice>10.80</ItemPrice>
      <UnitOfMeasurePrice>0.0000</UnitOfMeasurePrice>
      <AllowDiscount>1</AllowDiscount>
      <ItemStatus>1</ItemStatus>
      <ItemId>16176</ItemId>
    </Item>
    <Item>
      <PriceUpdateDate>2015-07-14 17:14:17</PriceUpdateDate>
      <ItemCode>7290000303598</ItemCode>
      <ItemType>1</ItemType>
      <ItemName>שעועית לבנה אפויה בר</ItemName>
      <ManufacturerName>ויטה פרי גליל</ManufacturerName>
      <ManufactureCountry>ישראל</ManufactureCountry>
      <ManufacturerItemDescription>שעועית לבנה אפויה ברוטב 570 גר</ManufacturerItemDescription>
      <UnitQty>גרמים</UnitQty>
      <Quantity>570.00</Quantity>
      <UnitOfMeasure>100 גרם</UnitOfMeasure>
      <bIsWeighted>0</bIsWeighted>
      <QtyInPackage>1</QtyInPackage>
      <ItemPrice>7.70</ItemPrice>
      <UnitOfMeasurePrice>1.3509</UnitOfMeasurePrice>
      <AllowDiscount>1</AllowDiscount>
      <ItemStatus>1</ItemStatus>
      <ItemId>16186</ItemId>
    </Item>
    <Item>
      <PriceUpdateDate>2015-08-12 10:24:49</PriceUpdateDate>
      <ItemCode>7290000110844</ItemCode>
      <ItemType>1</ItemType>
      <ItemName>חטיף כיפלי גריל בדץ</ItemName>
      <ManufacturerName>אתר שפע - Food</ManufacturerName>
      <ManufactureCountry>ישראל</ManufactureCountry>
      <ManufacturerItemDescription>חטיף כיפלי גריל 70 גר בדץ</ManufacturerItemDescription>
      <UnitQty>גרמים</UnitQty>
      <Quantity>70.00</Quantity>
      <UnitOfMeasure>100 גרם</UnitOfMeasure>
      <bIsWeighted>0</bIsWeighted>
      <QtyInPackage>1</QtyInPackage>
      <ItemPrice>6.50</ItemPrice>
      <UnitOfMeasurePrice>9.2857</UnitOfMeasurePrice>
      <AllowDiscount>1</AllowDiscount>
      <ItemStatus>1</ItemStatus>
      <ItemId>16216</ItemId>
    </Item>
    <Item>
      <PriceUpdateDate>2015-08-12 10:24:49</PriceUpdateDate>
      <ItemCode>7290000110851</ItemCode>
      <ItemType>1</ItemType>
      <ItemName>חטיף כיפלי בצל בדץ</ItemName>
      <ManufacturerName>אתר שפע - Food</ManufacturerName>
      <ManufactureCountry>ישראל</ManufactureCountry>
      <ManufacturerItemDescription>חטיף כיפלי בצל70 גר "בדץ</ManufacturerItemDescription>
      <UnitQty>גרמים</UnitQty>
      <Quantity>70.00</Quantity>
      <UnitOfMeasure>100 גרם</UnitOfMeasure>
      <bIsWeighted>0</bIsWeighted>
      <QtyInPackage>1</QtyInPackage>
      <ItemPrice>6.50</ItemPrice>
      <UnitOfMeasurePrice>9.2857</UnitOfMeasurePrice>
      <AllowDiscount>1</AllowDiscount>
      <ItemStatus>1</ItemStatus>
      <ItemId>16217</ItemId>
    </Item>
    <Item>
      <PriceUpdateDate>2016-06-06 12:13:02</PriceUpdateDate>
      <ItemCode>7290105431868</ItemCode>
      <ItemType>1</ItemType>
      <ItemName>פלמוליב סבון נוזלי</ItemName>
      <ManufacturerName>COLGATE ($) -PALMOLI</ManufacturerName>
      <ManufactureCountry>טורקיה</ManufactureCountry>
      <ManufacturerItemDescription>פלמוליב סבון נוזלי ספא קוקוס</ManufacturerItemDescription>
      <UnitQty>מיליליטרים</UnitQty>
      <Quantity>500.00</Quantity>
      <UnitOfMeasure>100 מ"ל</UnitOfMeasure>
      <bIsWeighted>0</bIsWeighted>
      <QtyInPackage>1</QtyInPackage>
      <ItemPrice>22.90</ItemPrice>
      <UnitOfMeasurePrice>4.5800</UnitOfMeasurePrice>
      <AllowDiscount>1</AllowDiscount>
      <ItemStatus>1</ItemStatus>
      <ItemId>93214</ItemId>
    </Item>
    <Item>
      <PriceUpdateDate>2016-05-27 08:56:17</PriceUpdateDate>
      <ItemCode>7290003427154</ItemCode>
      <ItemType>1</ItemType>
      <ItemName>שמן זית כתית מעולה</ItemName>
      <ManufacturerName>זיתא – י.ט.ב תעשיות</ManufacturerName>
      <ManufactureCountry>לא ידוע</ManufactureCountry>
      <ManufacturerItemDescription>שמן זית כתית מעולה 750 מל</ManufacturerItemDescription>
      <UnitQty>מיליליטרים</UnitQty>
      <Quantity>750.00</Quantity>
      <UnitOfMeasure>100 מ"ל</UnitOfMeasure>
      <bIsWeighted>0</bIsWeighted>
      <QtyInPackage>1</QtyInPackage>
      <ItemPrice>36.90</ItemPrice>
      <UnitOfMeasurePrice>4.9200</UnitOfMeasurePrice>
      <AllowDiscount>1</AllowDiscount>
      <ItemStatus>1</ItemStatus>
      <ItemId>16224</ItemId>
    </Item>
    <Item>
      <PriceUpdateDate>2016-06-07 07:37:08</PriceUpdateDate>
      <ItemCode>7290000134338</ItemCode>
      <ItemType>1</ItemType>
      <ItemName>תב.אבקת שום 90 גר מי</ItemName>
      <ManufacturerName>תבליני טעם וריח</ManufacturerName>
      <ManufactureCountry>לא ידוע</ManufactureCountry>
      <ManufacturerItemDescription>תבלין אבקת שום  90 גר "מיכל</ManufacturerItemDescription>
      <UnitQty>גרמים</UnitQty>
      <Quantity>90.00</Quantity>
      <UnitOfMeasure>100 גרם</UnitOfMeasure>
      <bIsWeighted>0</bIsWeighted>
      <QtyInPackage>1</QtyInPackage>
      <ItemPrice>12.30</ItemPrice>
      <UnitOfMeasurePrice>13.6667</UnitOfMeasurePrice>
      <AllowDiscount>1</AllowDiscount>
      <ItemStatus>1</ItemStatus>
      <ItemId>16238</ItemId>
    </Item>
    <Item>
      <PriceUpdateDate>2015-07-30 12:19:34</PriceUpdateDate>
      <ItemCode>7290002007821</ItemCode>
      <ItemType>1</ItemType>
      <ItemName>צבע מאכל</ItemName>
      <ManufacturerName>ממתקי עלה</ManufacturerName>
      <ManufactureCountry>ישראל</ManufactureCountry>
      <ManufacturerItemDescription>צבע מאכל</ManufacturerItemDescription>
      <UnitQty>Unknown </UnitQty>
      <Quantity>0.00</Quantity>
      <UnitOfMeasure>Unknown </UnitOfMeasure>
      <bIsWeighted>0</bIsWeighted>
      <QtyInPackage>1</QtyInPackage>
      <ItemPrice>3.90</ItemPrice>
      <UnitOfMeasurePrice>0.0000</UnitOfMeasurePrice>
      <AllowDiscount>1</AllowDiscount>
      <ItemStatus>1</ItemStatus>
      <ItemId>16241</ItemId>
    </Item>
    <Item>
      <PriceUpdateDate>2015-08-03 07:55:58</PriceUpdateDate>
      <ItemCode>7290000355719</ItemCode>
      <ItemType>1</ItemType>
      <ItemName>עגבניות קוביות טל  8</ItemName>
      <ManufacturerName>ויטה פרי גליל</ManufacturerName>
      <ManufactureCountry>ישראל</ManufactureCountry>
      <ManufacturerItemDescription>עגב.קוביות א- 2.5טל</ManufacturerItemDescription>
      <UnitQty>גרמים</UnitQty>
      <Quantity>800.00</Quantity>
      <UnitOfMeasure>100 גרם</UnitOfMeasure>
      <bIsWeighted>0</bIsWeighted>
      <QtyInPackage>1</QtyInPackage>
      <ItemPrice>8.50</ItemPrice>
      <UnitOfMeasurePrice>1.0625</UnitOfMeasurePrice>
      <AllowDiscount>1</AllowDiscount>
      <ItemStatus>1</ItemStatus>
      <ItemId>16255</ItemId>
    </Item>
    <Item>
      <PriceUpdateDate>2016-06-07 07:37:08</PriceUpdateDate>
      <ItemCode>7290000134116</ItemCode>
      <ItemType>1</ItemType>
      <ItemName>פפריקה מתוקה</ItemName>
      <ManufacturerName>תבליני טעם וריח</ManufacturerName>
      <ManufactureCountry>לא ידוע</ManufactureCountry>
      <ManufacturerItemDescription>פפריקה מתוקה 40 גר "מיכל קטן</ManufacturerItemDescription>
      <UnitQty>גרמים</UnitQty>
      <Quantity>40.00</Quantity>
      <UnitOfMeasure>100 גרם</UnitOfMeasure>
      <bIsWeighted>0</bIsWeighted>
      <QtyInPackage>1</QtyInPackage>
      <ItemPrice>7.40</ItemPrice>
      <UnitOfMeasurePrice>18.5000</UnitOfMeasurePrice>
      <AllowDiscount>1</AllowDiscount>
      <ItemStatus>1</ItemStatus>
      <ItemId>16280</ItemId>
    </Item>
    <Item>
      <PriceUpdateDate>2016-06-07 07:37:08</PriceUpdateDate>
      <ItemCode>7290000134970</ItemCode>
      <ItemType>1</ItemType>
      <ItemName>תבלין חאוויגי מיכל</ItemName>
      <ManufacturerName>תבליני טעם וריח</ManufacturerName>
      <ManufactureCountry>לא ידוע</ManufactureCountry>
      <ManufacturerItemDescription>תבלין חאוויג 100 "גר "מיכל</ManufacturerItemDescription>
      <UnitQty>גרמים</UnitQty>
      <Quantity>100.00</Quantity>
      <UnitOfMeasure>100 גרם</UnitOfMeasure>
      <bIsWeighted>0</bIsWeighted>
      <QtyInPackage>1</QtyInPackage>
      <ItemPrice>11.80</ItemPrice>
      <UnitOfMeasurePrice>11.8000</UnitOfMeasurePrice>
      <AllowDiscount>1</AllowDiscount>
      <ItemStatus>1</ItemStatus>
      <ItemId>16282</ItemId>
    </Item>
    <Item>
      <PriceUpdateDate>2015-01-01 00:00:00</PriceUpdateDate>
      <ItemCode>7290005559969</ItemCode>
      <ItemType>1</ItemType>
      <ItemName>פיצה אישית גבינה</ItemName>
      <ManufacturerName>מעדנות</ManufacturerName>
      <ManufactureCountry>ישראל</ManufactureCountry>
      <ManufacturerItemDescription>פיצה אישית גבינה משולשים</ManufacturerItemDescription>
      <UnitQty>גרמים</UnitQty>
      <Quantity>750.00</Quantity>
      <UnitOfMeasure>100 גרם</UnitOfMeasure>
      <bIsWeighted>0</bIsWeighted>
      <QtyInPackage>1</QtyInPackage>
      <ItemPrice>35.80</ItemPrice>
      <UnitOfMeasurePrice>4.7733</UnitOfMeasurePrice>
      <AllowDiscount>1</AllowDiscount>
      <ItemStatus>1</ItemStatus>
      <ItemId>16300</ItemId>
    </Item>
    <Item>
      <PriceUpdateDate>2016-06-07 07:37:08</PriceUpdateDate>
      <ItemCode>7290000134857</ItemCode>
      <ItemType>1</ItemType>
      <ItemName>תבלין פפריקה מתוקה 1</ItemName>
      <ManufacturerName>תבליני טעם וריח</ManufacturerName>
      <ManufactureCountry>לא ידוע</ManufactureCountry>
      <ManufacturerItemDescription>תבלין פפריקה מתוקה 100 גר מיכל</ManufacturerItemDescription>
      <UnitQty>גרמים</UnitQty>
      <Quantity>100.00</Quantity>
      <UnitOfMeasure>100 גרם</UnitOfMeasure>
      <bIsWeighted>0</bIsWeighted>
      <QtyInPackage>1</QtyInPackage>
      <ItemPrice>11.80</ItemPrice>
      <UnitOfMeasurePrice>11.8000</UnitOfMeasurePrice>
      <AllowDiscount>1</AllowDiscount>
      <ItemStatus>1</ItemStatus>
      <ItemId>16313</ItemId>
    </Item>
    <Item>
      <PriceUpdateDate>2015-07-26 09:39:33</PriceUpdateDate>
      <ItemCode>7290001990094</ItemCode>
      <ItemType>1</ItemType>
      <ItemName>סוכר חום צנצנת</ItemName>
      <ManufacturerName>סוגת</ManufacturerName>
      <ManufactureCountry>לא ידוע</ManufactureCountry>
      <ManufacturerItemDescription>סוכר חום צנצנת 1 קג</ManufacturerItemDescription>
      <UnitQty>קילוגרמים</UnitQty>
      <Quantity>1.00</Quantity>
      <UnitOfMeasure>ק"ג</UnitOfMeasure>
      <bIsWeighted>0</bIsWeighted>
      <QtyInPackage>1</QtyInPackage>
      <ItemPrice>12.70</ItemPrice>
      <UnitOfMeasurePrice>12.7000</UnitOfMeasurePrice>
      <AllowDiscount>1</AllowDiscount>
      <ItemStatus>1</ItemStatus>
      <ItemId>16316</ItemId>
    </Item>
    <Item>
      <PriceUpdateDate>2015-10-04 10:19:39</PriceUpdateDate>
      <ItemCode>7290000266756</ItemCode>
      <ItemType>1</ItemType>
      <ItemName>לחמניית שמיניה עם חב</ItemName>
      <ManufacturerName>עינת תעשיות מזון</ManufacturerName>
      <ManufactureCountry>ישראל</ManufactureCountry>
      <ManufacturerItemDescription>לחמניית שמיניה עם חביתה</ManufacturerItemDescription>
      <UnitQty>גרמים</UnitQty>
      <Quantity>275.00</Quantity>
      <UnitOfMeasure>100 גרם</UnitOfMeasure>
      <bIsWeighted>0</bIsWeighted>
      <QtyInPackage>1</QtyInPackage>
      <ItemPrice>18.70</ItemPrice>
      <UnitOfMeasurePrice>6.8000</UnitOfMeasurePrice>
      <AllowDiscount>1</AllowDiscount>
      <ItemStatus>1</ItemStatus>
      <ItemId>95896</ItemId>
    </Item>
    <Item>
      <PriceUpdateDate>2015-10-04 10:17:36</PriceUpdateDate>
      <ItemCode>7290006788412</ItemCode>
      <ItemType>1</ItemType>
      <ItemName>דאו רול און כחול מס3</ItemName>
      <ManufacturerName>אמיליה קוסמטיקס</ManufacturerName>
      <ManufactureCountry>ישראל</ManufactureCountry>
      <ManufacturerItemDescription>דאו.רול און כחול מס- .3קרליין</ManufacturerItemDescription>
      <UnitQty>גרמים</UnitQty>
      <Quantity>119.00</Quantity>
      <UnitOfMeasure>100 גרם</UnitOfMeasure>
      <bIsWeighted>0</bIsWeighted>
      <QtyInPackage>1</QtyInPackage>
      <ItemPrice>15.70</ItemPrice>
      <UnitOfMeasurePrice>13.1933</UnitOfMeasurePrice>
      <AllowDiscount>1</AllowDiscount>
      <ItemStatus>1</ItemStatus>
      <ItemId>16342</ItemId>
    </Item>
    <Item>
      <PriceUpdateDate>2015-10-04 10:17:36</PriceUpdateDate>
      <ItemCode>7290006788429</ItemCode>
      <ItemType>1</ItemType>
      <ItemName>דאו.רול און כתום מס4</ItemName>
      <ManufacturerName>אמיליה קוסמטיקס</ManufacturerName>
      <ManufactureCountry>ישראל</ManufactureCountry>
      <ManufacturerItemDescription>דאו.רול און כתום מס.-4קרליין</ManufacturerItemDescription>
      <UnitQty>גרמים</UnitQty>
      <Quantity>119.00</Quantity>
      <UnitOfMeasure>100 גרם</UnitOfMeasure>
      <bIsWeighted>0</bIsWeighted>
      <QtyInPackage>1</QtyInPackage>
      <ItemPrice>15.70</ItemPrice>
      <UnitOfMeasurePrice>13.1933</UnitOfMeasurePrice>
      <AllowDiscount>1</AllowDiscount>
      <ItemStatus>1</ItemStatus>
      <ItemId>16343</ItemId>
    </Item>
    <Item>
      <PriceUpdateDate>2015-01-01 00:00:00</PriceUpdateDate>
      <ItemCode>7296058000014</ItemCode>
      <ItemType>1</ItemType>
      <ItemName>פריכיות דגניות אורז</ItemName>
      <ManufacturerName>פרח תעשיות מזון בע"מ</ManufacturerName>
      <ManufactureCountry>ישראל</ManufactureCountry>
      <ManufacturerItemDescription>פריכיות דגניות אורז100 גר</ManufacturerItemDescription>
      <UnitQty>גרמים</UnitQty>
      <Quantity>100.00</Quantity>
      <UnitOfMeasure>100 גרם</UnitOfMeasure>
      <bIsWeighted>0</bIsWeighted>
      <QtyInPackage>1</QtyInPackage>
      <ItemPrice>6.30</ItemPrice>
      <UnitOfMeasurePrice>6.3000</UnitOfMeasurePrice>
      <AllowDiscount>1</AllowDiscount>
      <ItemStatus>1</ItemStatus>
      <ItemId>16379</ItemId>
    </Item>
    <Item>
      <PriceUpdateDate>2015-09-17 14:02:19</PriceUpdateDate>
      <ItemCode>4600659010854</ItemCode>
      <ItemType>1</ItemType>
      <ItemName>וודקה סטולי 700 מ"ל</ItemName>
      <ManufacturerName>מזקקת וודקה</ManufacturerName>
      <ManufactureCountry>לטביה</ManufactureCountry>
      <ManufacturerItemDescription>וודקה סטולי 700 מל</ManufacturerItemDescription>
      <UnitQty>מיליליטרים</UnitQty>
      <Quantity>700.00</Quantity>
      <UnitOfMeasure>100 מ"ל</UnitOfMeasure>
      <bIsWeighted>0</bIsWeighted>
      <QtyInPackage>1</QtyInPackage>
      <ItemPrice>89.90</ItemPrice>
      <UnitOfMeasurePrice>12.8429</UnitOfMeasurePrice>
      <AllowDiscount>1</AllowDiscount>
      <ItemStatus>1</ItemStatus>
      <ItemId>16391</ItemId>
    </Item>
    <Item>
      <PriceUpdateDate>2015-01-01 00:00:00</PriceUpdateDate>
      <ItemCode>7290002008507</ItemCode>
      <ItemType>1</ItemType>
      <ItemName>נייר אפיה        50</ItemName>
      <ManufacturerName>נורדיק פייפר</ManufacturerName>
      <ManufactureCountry>נורווגיה</ManufactureCountry>
      <ManufacturerItemDescription>נייר אפיה                            50</ManufacturerItemDescription>
      <UnitQty>Unknown </UnitQty>
      <Quantity>0.00</Quantity>
      <UnitOfMeasure>Unknown </UnitOfMeasure>
      <bIsWeighted>0</bIsWeighted>
      <QtyInPackage>1</QtyInPackage>
      <ItemPrice>11.30</ItemPrice>
      <UnitOfMeasurePrice>0.0000</UnitOfMeasurePrice>
      <AllowDiscount>1</AllowDiscount>
      <ItemStatus>1</ItemStatus>
      <ItemId>16445</ItemId>
    </Item>
    <Item>
      <PriceUpdateDate>2015-10-04 10:17:36</PriceUpdateDate>
      <ItemCode>7290005426278</ItemCode>
      <ItemType>1</ItemType>
      <ItemName>סנו גהץ לי מרסס</ItemName>
      <ManufacturerName>סנו</ManufacturerName>
      <ManufactureCountry>ישראל</ManufactureCountry>
      <ManufacturerItemDescription>סנו גהץ לי מרסס 700 מל</ManufacturerItemDescription>
      <UnitQty>מיליליטרים</UnitQty>
      <Quantity>700.00</Quantity>
      <UnitOfMeasure>100 מ"ל</UnitOfMeasure>
      <bIsWeighted>0</bIsWeighted>
      <QtyInPackage>1</QtyInPackage>
      <ItemPrice>22.00</ItemPrice>
      <UnitOfMeasurePrice>3.1429</UnitOfMeasurePrice>
      <AllowDiscount>1</AllowDiscount>
      <ItemStatus>1</ItemStatus>
      <ItemId>16453</ItemId>
    </Item>
    <Item>
      <PriceUpdateDate>2015-10-04 10:17:36</PriceUpdateDate>
      <ItemCode>7290005427770</ItemCode>
      <ItemType>1</ItemType>
      <ItemName>קרמה לחות לשיער לגבר</ItemName>
      <ManufacturerName>קוסמופארם</ManufacturerName>
      <ManufactureCountry>לא ידוע</ManufactureCountry>
      <ManufacturerItemDescription>קרמה לחות לשיער לגבר 400 מל</ManufacturerItemDescription>
      <UnitQty>מיליליטרים</UnitQty>
      <Quantity>400.00</Quantity>
      <UnitOfMeasure>100 מ"ל</UnitOfMeasure>
      <bIsWeighted>0</bIsWeighted>
      <QtyInPackage>1</QtyInPackage>
      <ItemPrice>20.70</ItemPrice>
      <UnitOfMeasurePrice>5.1750</UnitOfMeasurePrice>
      <AllowDiscount>1</AllowDiscount>
      <ItemStatus>1</ItemStatus>
      <ItemId>16566</ItemId>
    </Item>
    <Item>
      <PriceUpdateDate>2015-10-04 10:18:50</PriceUpdateDate>
      <ItemCode>7290000805795</ItemCode>
      <ItemType>1</ItemType>
      <ItemName>חול לחתולים</ItemName>
      <ManufacturerName>שחם גבעת עדה בע"מ</ManufacturerName>
      <ManufactureCountry>ישראל</ManufactureCountry>
      <ManufacturerItemDescription>חול לחתולים 10 קג                      .</ManufacturerItemDescription>
      <UnitQty>קילוגרמים</UnitQty>
      <Quantity>10.00</Quantity>
      <UnitOfMeasure>ק"ג</UnitOfMeasure>
      <bIsWeighted>0</bIsWeighted>
      <QtyInPackage>1</QtyInPackage>
      <ItemPrice>33.40</ItemPrice>
      <UnitOfMeasurePrice>3.3400</UnitOfMeasurePrice>
      <AllowDiscount>1</AllowDiscount>
      <ItemStatus>1</ItemStatus>
      <ItemId>16596</ItemId>
    </Item>
    <Item>
      <PriceUpdateDate>2015-01-01 00:00:00</PriceUpdateDate>
      <ItemCode>7290000214115</ItemCode>
      <ItemType>1</ItemType>
      <ItemName>מרק עוף צנצנת 400 גר</ItemName>
      <ManufacturerName>פרי הגליל בעמ</ManufacturerName>
      <ManufactureCountry>ישראל</ManufactureCountry>
      <ManufacturerItemDescription>מרק עוף צנצנת 400 גרם</ManufacturerItemDescription>
      <UnitQty>גרמים</UnitQty>
      <Quantity>400.00</Quantity>
      <UnitOfMeasure>100 גרם</UnitOfMeasure>
      <bIsWeighted>0</bIsWeighted>
      <QtyInPackage>1</QtyInPackage>
      <ItemPrice>14.80</ItemPrice>
      <UnitOfMeasurePrice>3.7000</UnitOfMeasurePrice>
      <AllowDiscount>1</AllowDiscount>
      <ItemStatus>1</ItemStatus>
      <ItemId>16644</ItemId>
    </Item>
    <Item>
      <PriceUpdateDate>2015-10-04 10:19:51</PriceUpdateDate>
      <ItemCode>5038483574416</ItemCode>
      <ItemType>1</ItemType>
      <ItemName>דורקס אקסטרא</ItemName>
      <ManufacturerName>רקיט בנקיזר הלת'קר</ManufacturerName>
      <ManufactureCountry>תאילנד</ManufactureCountry>
      <ManufacturerItemDescription>דורקס אקסטרא 12 * 3 יחידות</ManufacturerItemDescription>
      <UnitQty>Unknown </UnitQty>
      <Quantity>0.00</Quantity>
      <UnitOfMeasure>Unknown </UnitOfMeasure>
      <bIsWeighted>0</bIsWeighted>
      <QtyInPackage>3</QtyInPackage>
      <ItemPrice>17.30</ItemPrice>
      <UnitOfMeasurePrice>0.0000</UnitOfMeasurePrice>
      <AllowDiscount>1</AllowDiscount>
      <ItemStatus>1</ItemStatus>
      <ItemId>85718</ItemId>
    </Item>
    <Item>
      <PriceUpdateDate>2015-10-04 10:17:36</PriceUpdateDate>
      <ItemCode>7290006788399</ItemCode>
      <ItemType>1</ItemType>
      <ItemName>דאו .רולאון סנסטיב</ItemName>
      <ManufacturerName>אמיליה קוסמטיקס</ManufacturerName>
      <ManufactureCountry>ישראל</ManufactureCountry>
      <ManufacturerItemDescription>דאו רולאון סנסטיב</ManufacturerItemDescription>
      <UnitQty>גרמים</UnitQty>
      <Quantity>119.00</Quantity>
      <UnitOfMeasure>100 גרם</UnitOfMeasure>
      <bIsWeighted>0</bIsWeighted>
      <QtyInPackage>1</QtyInPackage>
      <ItemPrice>15.70</ItemPrice>
      <UnitOfMeasurePrice>13.1933</UnitOfMeasurePrice>
      <AllowDiscount>1</AllowDiscount>
      <ItemStatus>1</ItemStatus>
      <ItemId>16815</ItemId>
    </Item>
    <Item>
      <PriceUpdateDate>2015-10-04 10:17:36</PriceUpdateDate>
      <ItemCode>7290006788450</ItemCode>
      <ItemType>1</ItemType>
      <ItemName>דאו תרסיס סנסטיב</ItemName>
      <ManufacturerName>אמיליה קוסמטיקס</ManufacturerName>
      <ManufactureCountry>ישראל</ManufactureCountry>
      <ManufacturerItemDescription>דאו תרסיס סנסטיב</ManufacturerItemDescription>
      <UnitQty>מיליליטרים</UnitQty>
      <Quantity>200.00</Quantity>
      <UnitOfMeasure>100 מ"ל</UnitOfMeasure>
      <bIsWeighted>0</bIsWeighted>
      <QtyInPackage>1</QtyInPackage>
      <ItemPrice>15.70</ItemPrice>
      <UnitOfMeasurePrice>7.8500</UnitOfMeasurePrice>
      <AllowDiscount>1</AllowDiscount>
      <ItemStatus>1</ItemStatus>
      <ItemId>16819</ItemId>
    </Item>
    <Item>
      <PriceUpdateDate>2016-06-07 07:37:08</PriceUpdateDate>
      <ItemCode>7290000134147</ItemCode>
      <ItemType>1</ItemType>
      <ItemName>מוסקט טחון</ItemName>
      <ManufacturerName>תבליני טעם וריח</ManufacturerName>
      <ManufactureCountry>לא ידוע</ManufactureCountry>
      <ManufacturerItemDescription>מוסקט טחון 40 גר פלסטיק קטן</ManufacturerItemDescription>
      <UnitQty>גרמים</UnitQty>
      <Quantity>40.00</Quantity>
      <UnitOfMeasure>100 גרם</UnitOfMeasure>
      <bIsWeighted>0</bIsWeighted>
      <QtyInPackage>1</QtyInPackage>
      <ItemPrice>18.70</ItemPrice>
      <UnitOfMeasurePrice>46.7500</UnitOfMeasurePrice>
      <AllowDiscount>1</AllowDiscount>
      <ItemStatus>1</ItemStatus>
      <ItemId>16909</ItemId>
    </Item>
    <Item>
      <PriceUpdateDate>2015-10-04 10:19:14</PriceUpdateDate>
      <ItemCode>7290004200930</ItemCode>
      <ItemType>1</ItemType>
      <ItemName>זיקוק זוג 15 ס"מ בשק</ItemName>
      <ManufacturerName>F.T.I</ManufacturerName>
      <ManufactureCountry>לא ידוע</ManufactureCountry>
      <ManufacturerItemDescription>זיקוק זוג 15 סמ בשקית</ManufacturerItemDescription>
      <UnitQty>Unknown </UnitQty>
      <Quantity>0.00</Quantity>
      <UnitOfMeasure>Unknown </UnitOfMeasure>
      <bIsWeighted>0</bIsWeighted>
      <QtyInPackage>1</QtyInPackage>
      <ItemPrice>6.80</ItemPrice>
      <UnitOfMeasurePrice>0.0000</UnitOfMeasurePrice>
      <AllowDiscount>1</AllowDiscount>
      <ItemStatus>1</ItemStatus>
      <ItemId>90131</ItemId>
    </Item>
    <Item>
      <PriceUpdateDate>2015-10-04 10:17:53</PriceUpdateDate>
      <ItemCode>7290002360155</ItemCode>
      <ItemType>1</ItemType>
      <ItemName>תה פומפדור חליטתשומר</ItemName>
      <ManufacturerName>TEEKANNE GMBH &amp; CO.</ManufacturerName>
      <ManufactureCountry>גרמניה</ManufactureCountry>
      <ManufacturerItemDescription>תה פומפדור חליטה שומר 20 יח</ManufacturerItemDescription>
      <UnitQty>גרמים</UnitQty>
      <Quantity>40.00</Quantity>
      <UnitOfMeasure>100 גרם</UnitOfMeasure>
      <bIsWeighted>0</bIsWeighted>
      <QtyInPackage>1</QtyInPackage>
      <ItemPrice>20.40</ItemPrice>
      <UnitOfMeasurePrice>51.0000</UnitOfMeasurePrice>
      <AllowDiscount>1</AllowDiscount>
      <ItemStatus>1</ItemStatus>
      <ItemId>18261</ItemId>
    </Item>
    <Item>
      <PriceUpdateDate>2015-01-01 00:00:00</PriceUpdateDate>
      <ItemCode>50375370</ItemCode>
      <ItemType>1</ItemType>
      <ItemName>ממחטות אף קלינקס בוד</ItemName>
      <ManufacturerName>קימברלי</ManufacturerName>
      <ManufactureCountry>ארצות הברית</ManufactureCountry>
      <ManufacturerItemDescription>ממחטות אף קלינקס בודד</ManufacturerItemDescription>
      <UnitQty>Unknown </UnitQty>
      <Quantity>0.00</Quantity>
      <UnitOfMeasure>Unknown </UnitOfMeasure>
      <bIsWeighted>0</bIsWeighted>
      <QtyInPackage>1</QtyInPackage>
      <ItemPrice>0.00</ItemPrice>
      <UnitOfMeasurePrice>0.0000</UnitOfMeasurePrice>
      <AllowDiscount>1</AllowDiscount>
      <ItemStatus>1</ItemStatus>
      <ItemId>109488</ItemId>
    </Item>
    <Item>
      <PriceUpdateDate>2015-07-14 17:14:17</PriceUpdateDate>
      <ItemCode>7290000303604</ItemCode>
      <ItemType>1</ItemType>
      <ItemName>חומוס גרגרים     A2</ItemName>
      <ManufacturerName>ויטה פרי גליל</ManufacturerName>
      <ManufactureCountry>ישראל</ManufactureCountry>
      <ManufacturerItemDescription>חומוס גרגרים שלם</ManufacturerItemDescription>
      <UnitQty>גרמים</UnitQty>
      <Quantity>560.00</Quantity>
      <UnitOfMeasure>100 גרם</UnitOfMeasure>
      <bIsWeighted>0</bIsWeighted>
      <QtyInPackage>1</QtyInPackage>
      <ItemPrice>6.90</ItemPrice>
      <UnitOfMeasurePrice>1.2321</UnitOfMeasurePrice>
      <AllowDiscount>1</AllowDiscount>
      <ItemStatus>1</ItemStatus>
      <ItemId>18736</ItemId>
    </Item>
    <Item>
      <PriceUpdateDate>2015-08-03 07:55:58</PriceUpdateDate>
      <ItemCode>7290000355481</ItemCode>
      <ItemType>1</ItemType>
      <ItemName>רסק A2  22 TOMATO</ItemName>
      <ManufacturerName>ויטה פרי גליל</ManufacturerName>
      <ManufactureCountry>לא ידוע</ManufactureCountry>
      <ManufacturerItemDescription>רוטב עגב. א- BX22 2טומטו</ManufacturerItemDescription>
      <UnitQty>גרמים</UnitQty>
      <Quantity>560.00</Quantity>
      <UnitOfMeasure>100 גרם</UnitOfMeasure>
      <bIsWeighted>0</bIsWeighted>
      <QtyInPackage>1</QtyInPackage>
      <ItemPrice>5.60</ItemPrice>
      <UnitOfMeasurePrice>1.0000</UnitOfMeasurePrice>
      <AllowDiscount>1</AllowDiscount>
      <ItemStatus>1</ItemStatus>
      <ItemId>18817</ItemId>
    </Item>
    <Item>
      <PriceUpdateDate>2015-08-03 07:55:58</PriceUpdateDate>
      <ItemCode>7290000355498</ItemCode>
      <ItemType>1</ItemType>
      <ItemName>רסק 560 A2 28 TOMATO</ItemName>
      <ManufacturerName>ויטה פרי גליל</ManufacturerName>
      <ManufactureCountry>ישראל</ManufactureCountry>
      <ManufacturerItemDescription>רוטב עגב. א- BX28 2טומטו</ManufacturerItemDescription>
      <UnitQty>גרמים</UnitQty>
      <Quantity>560.00</Quantity>
      <UnitOfMeasure>100 גרם</UnitOfMeasure>
      <bIsWeighted>0</bIsWeighted>
      <QtyInPackage>1</QtyInPackage>
      <ItemPrice>6.50</ItemPrice>
      <UnitOfMeasurePrice>1.1607</UnitOfMeasurePrice>
      <AllowDiscount>1</AllowDiscount>
      <ItemStatus>1</ItemStatus>
      <ItemId>18818</ItemId>
    </Item>
    <Item>
      <PriceUpdateDate>2015-08-12 10:24:50</PriceUpdateDate>
      <ItemCode>7290000169071</ItemCode>
      <ItemType>1</ItemType>
      <ItemName>מרק גורמה בטטה</ItemName>
      <ManufacturerName>אתר חיפה אבקות - Foo</ManufacturerName>
      <ManufactureCountry>ישראל</ManufactureCountry>
      <ManufacturerItemDescription>מרק גורמה בטטה עם נגיעות טימין</ManufacturerItemDescription>
      <UnitQty>גרמים</UnitQty>
      <Quantity>82.00</Quantity>
      <UnitOfMeasure>100 גרם</UnitOfMeasure>
      <bIsWeighted>0</bIsWeighted>
      <QtyInPackage>1</QtyInPackage>
      <ItemPrice>11.90</ItemPrice>
      <UnitOfMeasurePrice>14.5122</UnitOfMeasurePrice>
      <AllowDiscount>1</AllowDiscount>
      <ItemStatus>1</ItemStatus>
      <ItemId>92419</ItemId>
    </Item>
    <Item>
      <PriceUpdateDate>2015-10-04 10:19:17</PriceUpdateDate>
      <ItemCode>7290004131296</ItemCode>
      <ItemType>1</ItemType>
      <ItemName>חלב              3%</ItemName>
      <ManufacturerName>תנובה מרכז שיתופי לש</ManufacturerName>
      <ManufactureCountry>ישראל</ManufactureCountry>
      <ManufacturerItemDescription>חלב 1  1 3% ליטר</ManufacturerItemDescription>
      <UnitQty>ליטרים</UnitQty>
      <Quantity>1.00</Quantity>
      <UnitOfMeasure>ליטר</UnitOfMeasure>
      <bIsWeighted>0</bIsWeighted>
      <QtyInPackage>1</QtyInPackage>
      <ItemPrice>11.30</ItemPrice>
      <UnitOfMeasurePrice>11.3000</UnitOfMeasurePrice>
      <AllowDiscount>1</AllowDiscount>
      <ItemStatus>1</ItemStatus>
      <ItemId>18880</ItemId>
    </Item>
    <Item>
      <PriceUpdateDate>2015-08-27 12:55:52</PriceUpdateDate>
      <ItemCode>8437000906209</ItemCode>
      <ItemType>1</ItemType>
      <ItemName>עלי טורטיה ספרדי 5 ד</ItemName>
      <ManufacturerName>Azteca foods europe</ManufacturerName>
      <ManufactureCountry>ספרד</ManufactureCountry>
      <ManufacturerItemDescription>עלי טורטיה ספרדי 5 דגנים 25 ס"מ</ManufacturerItemDescription>
      <UnitQty>גרמים</UnitQty>
      <Quantity>325.00</Quantity>
      <UnitOfMeasure>100 גרם</UnitOfMeasure>
      <bIsWeighted>0</bIsWeighted>
      <QtyInPackage>1</QtyInPackage>
      <ItemPrice>10.90</ItemPrice>
      <UnitOfMeasurePrice>3.3538</UnitOfMeasurePrice>
      <AllowDiscount>1</AllowDiscount>
      <ItemStatus>1</ItemStatus>
      <ItemId>96619</ItemId>
    </Item>
    <Item>
      <PriceUpdateDate>2015-01-01 00:00:00</PriceUpdateDate>
      <ItemCode>7290003778034</ItemCode>
      <ItemType>1</ItemType>
      <ItemName>תמר כבוש500 גרם</ItemName>
      <ManufacturerName>דין שיווק וקליה בע"מ</ManufacturerName>
      <ManufactureCountry>ישראל</ManufactureCountry>
      <ManufacturerItemDescription>תמר כבוש500 גרם</ManufacturerItemDescription>
      <UnitQty>גרמים</UnitQty>
      <Quantity>500.00</Quantity>
      <UnitOfMeasure>100 גרם</UnitOfMeasure>
      <bIsWeighted>0</bIsWeighted>
      <QtyInPackage>1</QtyInPackage>
      <ItemPrice>17.50</ItemPrice>
      <UnitOfMeasurePrice>3.5000</UnitOfMeasurePrice>
      <AllowDiscount>1</AllowDiscount>
      <ItemStatus>1</ItemStatus>
      <ItemId>20033</ItemId>
    </Item>
    <Item>
      <PriceUpdateDate>2016-05-11 08:01:48</PriceUpdateDate>
      <ItemCode>7290001230739</ItemCode>
      <ItemType>1</ItemType>
      <ItemName>סיגריות קאמל כחול</ItemName>
      <ManufacturerName>JTI</ManufacturerName>
      <ManufactureCountry>לא ידוע</ManufactureCountry>
      <ManufacturerItemDescription>סיגריות קאמל כחול בודד</ManufacturerItemDescription>
      <UnitQty>Unknown </UnitQty>
      <Quantity>0.00</Quantity>
      <UnitOfMeasure>Unknown </UnitOfMeasure>
      <bIsWeighted>0</bIsWeighted>
      <QtyInPackage>1</QtyInPackage>
      <ItemPrice>32.50</ItemPrice>
      <UnitOfMeasurePrice>0.0000</UnitOfMeasurePrice>
      <AllowDiscount>0</AllowDiscount>
      <ItemStatus>1</ItemStatus>
      <ItemId>20118</ItemId>
    </Item>
    <Item>
      <PriceUpdateDate>2015-10-04 10:16:45</PriceUpdateDate>
      <ItemCode>7290006664631</ItemCode>
      <ItemType>1</ItemType>
      <ItemName>מארז אקטימל תות</ItemName>
      <ManufacturerName>שטראוס גרופ</ManufacturerName>
      <ManufactureCountry>ישראל</ManufactureCountry>
      <ManufacturerItemDescription>מארז אקטימל תות 8 יח                   "</ManufacturerItemDescription>
      <UnitQty>מיליליטרים</UnitQty>
      <Quantity>800.00</Quantity>
      <UnitOfMeasure>100 מ"ל</UnitOfMeasure>
      <bIsWeighted>0</bIsWeighted>
      <QtyInPackage>1</QtyInPackage>
      <ItemPrice>23.50</ItemPrice>
      <UnitOfMeasurePrice>2.9375</UnitOfMeasurePrice>
      <AllowDiscount>1</AllowDiscount>
      <ItemStatus>1</ItemStatus>
      <ItemId>20421</ItemId>
    </Item>
    <Item>
      <PriceUpdateDate>2015-10-04 10:16:45</PriceUpdateDate>
      <ItemCode>7290006664655</ItemCode>
      <ItemType>1</ItemType>
      <ItemName>מארז אקטימל</ItemName>
      <ManufacturerName>שטראוס גרופ</ManufacturerName>
      <ManufactureCountry>ישראל</ManufactureCountry>
      <ManufacturerItemDescription>מארז אקטימל 8 יח                       "</ManufacturerItemDescription>
      <UnitQty>מיליליטרים</UnitQty>
      <Quantity>800.00</Quantity>
      <UnitOfMeasure>100 מ"ל</UnitOfMeasure>
      <bIsWeighted>0</bIsWeighted>
      <QtyInPackage>1</QtyInPackage>
      <ItemPrice>23.50</ItemPrice>
      <UnitOfMeasurePrice>2.9375</UnitOfMeasurePrice>
      <AllowDiscount>1</AllowDiscount>
      <ItemStatus>1</ItemStatus>
      <ItemId>20423</ItemId>
    </Item>
    <Item>
      <PriceUpdateDate>2015-10-04 10:18:13</PriceUpdateDate>
      <ItemCode>7290001594025</ItemCode>
      <ItemType>1</ItemType>
      <ItemName>קוקה קולה קלאסי</ItemName>
      <ManufacturerName>החברה המרכזית למשקאו</ManufacturerName>
      <ManufactureCountry>ישראל</ManufactureCountry>
      <ManufacturerItemDescription>קוקה קולה קלאסי בקבוק 330 מל</ManufacturerItemDescription>
      <UnitQty>מיליליטרים</UnitQty>
      <Quantity>330.00</Quantity>
      <UnitOfMeasure>100 מ"ל</UnitOfMeasure>
      <bIsWeighted>0</bIsWeighted>
      <QtyInPackage>1</QtyInPackage>
      <ItemPrice>6.20</ItemPrice>
      <UnitOfMeasurePrice>1.8788</UnitOfMeasurePrice>
      <AllowDiscount>1</AllowDiscount>
      <ItemStatus>1</ItemStatus>
      <ItemId>20502</ItemId>
    </Item>
    <Item>
      <PriceUpdateDate>2015-01-01 00:00:00</PriceUpdateDate>
      <ItemCode>839762000658</ItemCode>
      <ItemType>1</ItemType>
      <ItemName>נקטר איילנד גויאבה</ItemName>
      <ManufacturerName>The Egyptian Co. for</ManufacturerName>
      <ManufactureCountry>מצרים</ManufactureCountry>
      <ManufacturerItemDescription>נקטר איילנד גויאבה 1 ליטר בק</ManufacturerItemDescription>
      <UnitQty>ליטרים</UnitQty>
      <Quantity>1.00</Quantity>
      <UnitOfMeasure>ליטר</UnitOfMeasure>
      <bIsWeighted>0</bIsWeighted>
      <QtyInPackage>1</QtyInPackage>
      <ItemPrice>11.10</ItemPrice>
      <UnitOfMeasurePrice>11.1000</UnitOfMeasurePrice>
      <AllowDiscount>1</AllowDiscount>
      <ItemStatus>1</ItemStatus>
      <ItemId>20560</ItemId>
    </Item>
    <Item>
      <PriceUpdateDate>2016-06-07 07:37:08</PriceUpdateDate>
      <ItemCode>7290000134123</ItemCode>
      <ItemType>1</ItemType>
      <ItemName>פלפל שחור טחון</ItemName>
      <ManufacturerName>תבליני טעם וריח</ManufacturerName>
      <ManufactureCountry>לא ידוע</ManufactureCountry>
      <ManufacturerItemDescription>פלפל שחור טחון 40 גר מיכל קטן</ManufacturerItemDescription>
      <UnitQty>גרמים</UnitQty>
      <Quantity>40.00</Quantity>
      <UnitOfMeasure>100 גרם</UnitOfMeasure>
      <bIsWeighted>0</bIsWeighted>
      <QtyInPackage>1</QtyInPackage>
      <ItemPrice>10.80</ItemPrice>
      <UnitOfMeasurePrice>27.0000</UnitOfMeasurePrice>
      <AllowDiscount>1</AllowDiscount>
      <ItemStatus>1</ItemStatus>
      <ItemId>20570</ItemId>
    </Item>
    <Item>
      <PriceUpdateDate>2016-05-11 08:02:23</PriceUpdateDate>
      <ItemCode>4002448017684</ItemCode>
      <ItemType>1</ItemType>
      <ItemName>סיליט באנג ספריי</ItemName>
      <ManufacturerName>סיליט</ManufacturerName>
      <ManufactureCountry>פולין</ManufactureCountry>
      <ManufacturerItemDescription>סיליט באנג ספריי 750 מ"ל</ManufacturerItemDescription>
      <UnitQty>מיליליטרים</UnitQty>
      <Quantity>750.00</Quantity>
      <UnitOfMeasure>100 מ"ל</UnitOfMeasure>
      <bIsWeighted>0</bIsWeighted>
      <QtyInPackage>1</QtyInPackage>
      <ItemPrice>22.50</ItemPrice>
      <UnitOfMeasurePrice>3.0000</UnitOfMeasurePrice>
      <AllowDiscount>1</AllowDiscount>
      <ItemStatus>1</ItemStatus>
      <ItemId>20582</ItemId>
    </Item>
    <Item>
      <PriceUpdateDate>2016-05-16 12:37:17</PriceUpdateDate>
      <ItemCode>7290107643122</ItemCode>
      <ItemType>1</ItemType>
      <ItemName>טעמקור  עם ביסקוויט</ItemName>
      <ManufacturerName>שטראוס גלידות</ManufacturerName>
      <ManufactureCountry>ישראל</ManufactureCountry>
      <ManufacturerItemDescription>טעמקור  עם ביסקוויט שוקולד</ManufacturerItemDescription>
      <UnitQty>גרמים</UnitQty>
      <Quantity>75.00</Quantity>
      <UnitOfMeasure>100 גרם</UnitOfMeasure>
      <bIsWeighted>0</bIsWeighted>
      <QtyInPackage>1</QtyInPackage>
      <ItemPrice>7.80</ItemPrice>
      <UnitOfMeasurePrice>10.4000</UnitOfMeasurePrice>
      <AllowDiscount>1</AllowDiscount>
      <ItemStatus>1</ItemStatus>
      <ItemId>109183</ItemId>
    </Item>
    <Item>
      <PriceUpdateDate>2015-08-03 07:56:02</PriceUpdateDate>
      <ItemCode>7290004129736</ItemCode>
      <ItemType>1</ItemType>
      <ItemName>יופלה לבן מעודן</ItemName>
      <ManufacturerName>תנובה מרכז שיתופי לש</ManufacturerName>
      <ManufactureCountry>ישראל</ManufactureCountry>
      <ManufacturerItemDescription>יוגורט יופלה לבן 1.5% מעודן          200</ManufacturerItemDescription>
      <UnitQty>גרמים</UnitQty>
      <Quantity>200.00</Quantity>
      <UnitOfMeasure>100 גרם</UnitOfMeasure>
      <bIsWeighted>0</bIsWeighted>
      <QtyInPackage>1</QtyInPackage>
      <ItemPrice>4.30</ItemPrice>
      <UnitOfMeasurePrice>2.1500</UnitOfMeasurePrice>
      <AllowDiscount>1</AllowDiscount>
      <ItemStatus>1</ItemStatus>
      <ItemId>20839</ItemId>
    </Item>
    <Item>
      <PriceUpdateDate>2015-01-01 00:00:00</PriceUpdateDate>
      <ItemCode>7290004131432</ItemCode>
      <ItemType>1</ItemType>
      <ItemName>יוגורט יופלה לבן 200</ItemName>
      <ManufacturerName>תנובה מרכז שיתופי לש</ManufacturerName>
      <ManufactureCountry>ישראל</ManufactureCountry>
      <ManufacturerItemDescription>יוגורט יופלה לבן 200 3% גרם</ManufacturerItemDescription>
      <UnitQty>גרמים</UnitQty>
      <Quantity>200.00</Quantity>
      <UnitOfMeasure>100 גרם</UnitOfMeasure>
      <bIsWeighted>0</bIsWeighted>
      <QtyInPackage>1</QtyInPackage>
      <ItemPrice>3.90</ItemPrice>
      <UnitOfMeasurePrice>1.9500</UnitOfMeasurePrice>
      <AllowDiscount>1</AllowDiscount>
      <ItemStatus>1</ItemStatus>
      <ItemId>20841</ItemId>
    </Item>
    <Item>
      <PriceUpdateDate>2015-01-01 00:00:00</PriceUpdateDate>
      <ItemCode>7290004131456</ItemCode>
      <ItemType>1</ItemType>
      <ItemName>יופלה לבן      1.5%</ItemName>
      <ManufacturerName>תנובה מרכז שיתופי לש</ManufacturerName>
      <ManufactureCountry>ישראל</ManufactureCountry>
      <ManufacturerItemDescription>יוגורט יופלה לבן 200 1.5% גרם</ManufacturerItemDescription>
      <UnitQty>גרמים</UnitQty>
      <Quantity>200.00</Quantity>
      <UnitOfMeasure>100 גרם</UnitOfMeasure>
      <bIsWeighted>0</bIsWeighted>
      <QtyInPackage>1</QtyInPackage>
      <ItemPrice>3.90</ItemPrice>
      <UnitOfMeasurePrice>1.9500</UnitOfMeasurePrice>
      <AllowDiscount>1</AllowDiscount>
      <ItemStatus>1</ItemStatus>
      <ItemId>20842</ItemId>
    </Item>
    <Item>
      <PriceUpdateDate>2015-10-04 10:17:53</PriceUpdateDate>
      <ItemCode>7290002360124</ItemCode>
      <ItemType>1</ItemType>
      <ItemName>חליטה ורד הבר</ItemName>
      <ManufacturerName>TEEKANNE GMBH &amp; CO.</ManufacturerName>
      <ManufactureCountry>גרמניה</ManufactureCountry>
      <ManufacturerItemDescription>תה פומפדור חליטה ורד הבר 20 יח</ManufacturerItemDescription>
      <UnitQty>גרמים</UnitQty>
      <Quantity>70.00</Quantity>
      <UnitOfMeasure>100 גרם</UnitOfMeasure>
      <bIsWeighted>0</bIsWeighted>
      <QtyInPackage>1</QtyInPackage>
      <ItemPrice>20.40</ItemPrice>
      <UnitOfMeasurePrice>29.1429</UnitOfMeasurePrice>
      <AllowDiscount>1</AllowDiscount>
      <ItemStatus>1</ItemStatus>
      <ItemId>20942</ItemId>
    </Item>
    <Item>
      <PriceUpdateDate>2015-10-04 10:18:19</PriceUpdateDate>
      <ItemCode>4000512776536</ItemCode>
      <ItemType>1</ItemType>
      <ItemName>סוכריות טרולי סוורגל</ItemName>
      <ManufacturerName>טרולי</ManufacturerName>
      <ManufactureCountry>ספרד</ManufactureCountry>
      <ManufacturerItemDescription>סוכריות טרולי סוורגלוורמס100 ג</ManufacturerItemDescription>
      <UnitQty>גרמים</UnitQty>
      <Quantity>100.00</Quantity>
      <UnitOfMeasure>100 גרם</UnitOfMeasure>
      <bIsWeighted>0</bIsWeighted>
      <QtyInPackage>1</QtyInPackage>
      <ItemPrice>8.80</ItemPrice>
      <UnitOfMeasurePrice>8.8000</UnitOfMeasurePrice>
      <AllowDiscount>1</AllowDiscount>
      <ItemStatus>1</ItemStatus>
      <ItemId>20965</ItemId>
    </Item>
    <Item>
      <PriceUpdateDate>2015-10-04 10:18:19</PriceUpdateDate>
      <ItemCode>4000512776543</ItemCode>
      <ItemType>1</ItemType>
      <ItemName>סוכריות טרולי קלאסיק</ItemName>
      <ManufacturerName>טרולי</ManufacturerName>
      <ManufactureCountry>ספרד</ManufactureCountry>
      <ManufacturerItemDescription>סוכריות טרולי קלאסיקבירס100 ג</ManufacturerItemDescription>
      <UnitQty>גרמים</UnitQty>
      <Quantity>100.00</Quantity>
      <UnitOfMeasure>100 גרם</UnitOfMeasure>
      <bIsWeighted>0</bIsWeighted>
      <QtyInPackage>1</QtyInPackage>
      <ItemPrice>8.80</ItemPrice>
      <UnitOfMeasurePrice>8.8000</UnitOfMeasurePrice>
      <AllowDiscount>1</AllowDiscount>
      <ItemStatus>1</ItemStatus>
      <ItemId>20966</ItemId>
    </Item>
    <Item>
      <PriceUpdateDate>2015-01-01 00:00:00</PriceUpdateDate>
      <ItemCode>7290000169798</ItemCode>
      <ItemType>1</ItemType>
      <ItemName>עוגי מופחת 20% סוכר</ItemName>
      <ManufacturerName>אתר שפע - Food</ManufacturerName>
      <ManufactureCountry>ישראל</ManufactureCountry>
      <ManufacturerItemDescription>עוגי מופחת 20% סוכר 500 גרם</ManufacturerItemDescription>
      <UnitQty>גרמים</UnitQty>
      <Quantity>500.00</Quantity>
      <UnitOfMeasure>100 גרם</UnitOfMeasure>
      <bIsWeighted>0</bIsWeighted>
      <QtyInPackage>1</QtyInPackage>
      <ItemPrice>28.50</ItemPrice>
      <UnitOfMeasurePrice>5.7000</UnitOfMeasurePrice>
      <AllowDiscount>1</AllowDiscount>
      <ItemStatus>1</ItemStatus>
      <ItemId>92424</ItemId>
    </Item>
    <Item>
      <PriceUpdateDate>2016-02-11 13:05:56</PriceUpdateDate>
      <ItemCode>7290000474410</ItemCode>
      <ItemType>1</ItemType>
      <ItemName>חמאה מהדרין</ItemName>
      <ManufacturerName>טרה</ManufacturerName>
      <ManufactureCountry>ישראל</ManufactureCountry>
      <ManufacturerItemDescription>חמאה 100 גרם מהדרין פיקוח</ManufacturerItemDescription>
      <UnitQty>גרמים</UnitQty>
      <Quantity>100.00</Quantity>
      <UnitOfMeasure>100 גרם</UnitOfMeasure>
      <bIsWeighted>0</bIsWeighted>
      <QtyInPackage>1</QtyInPackage>
      <ItemPrice>3.80</ItemPrice>
      <UnitOfMeasurePrice>3.8000</UnitOfMeasurePrice>
      <AllowDiscount>1</AllowDiscount>
      <ItemStatus>1</ItemStatus>
      <ItemId>21125</ItemId>
    </Item>
    <Item>
      <PriceUpdateDate>2015-10-04 10:18:32</PriceUpdateDate>
      <ItemCode>7290011501617</ItemCode>
      <ItemType>1</ItemType>
      <ItemName>חמוציות ברכז תפוחים</ItemName>
      <ManufacturerName>דין שיווק וקליה בע"מ</ManufacturerName>
      <ManufactureCountry>ארצות הברית</ManufactureCountry>
      <ManufacturerItemDescription>חמוציות ברכז תפוחים ללא סוכר</ManufacturerItemDescription>
      <UnitQty>גרמים</UnitQty>
      <Quantity>250.00</Quantity>
      <UnitOfMeasure>100 גרם</UnitOfMeasure>
      <bIsWeighted>0</bIsWeighted>
      <QtyInPackage>1</QtyInPackage>
      <ItemPrice>16.70</ItemPrice>
      <UnitOfMeasurePrice>6.6800</UnitOfMeasurePrice>
      <AllowDiscount>1</AllowDiscount>
      <ItemStatus>1</ItemStatus>
      <ItemId>101665</ItemId>
    </Item>
    <Item>
      <PriceUpdateDate>2015-11-05 14:16:49</PriceUpdateDate>
      <ItemCode>4005808650002</ItemCode>
      <ItemType>1</ItemType>
      <ItemName>לבלו כחול</ItemName>
      <ManufacturerName>ברייסדוף</ManufacturerName>
      <ManufactureCountry>גרמניה</ManufactureCountry>
      <ManufacturerItemDescription>לבלו כחול  בודד</ManufacturerItemDescription>
      <UnitQty>Unknown </UnitQty>
      <Quantity>0.00</Quantity>
      <UnitOfMeasure>Unknown </UnitOfMeasure>
      <bIsWeighted>0</bIsWeighted>
      <QtyInPackage>1</QtyInPackage>
      <ItemPrice>12.90</ItemPrice>
      <UnitOfMeasurePrice>0.0000</UnitOfMeasurePrice>
      <AllowDiscount>1</AllowDiscount>
      <ItemStatus>1</ItemStatus>
      <ItemId>21405</ItemId>
    </Item>
    <Item>
      <PriceUpdateDate>2015-11-05 14:17:18</PriceUpdateDate>
      <ItemCode>7290000134307</ItemCode>
      <ItemType>1</ItemType>
      <ItemName>קינמון טחון 50 שקית</ItemName>
      <ManufacturerName>תבליני טעם וריח</ManufacturerName>
      <ManufactureCountry>ישראל</ManufactureCountry>
      <ManufacturerItemDescription>קינמון טחון 50 גר שקית</ManufacturerItemDescription>
      <UnitQty>גרמים</UnitQty>
      <Quantity>50.00</Quantity>
      <UnitOfMeasure>100 גרם</UnitOfMeasure>
      <bIsWeighted>0</bIsWeighted>
      <QtyInPackage>1</QtyInPackage>
      <ItemPrice>4.60</ItemPrice>
      <UnitOfMeasurePrice>9.2000</UnitOfMeasurePrice>
      <AllowDiscount>1</AllowDiscount>
      <ItemStatus>1</ItemStatus>
      <ItemId>21541</ItemId>
    </Item>
    <Item>
      <PriceUpdateDate>2016-06-07 07:37:08</PriceUpdateDate>
      <ItemCode>7290000134314</ItemCode>
      <ItemType>1</ItemType>
      <ItemName>תיבול לפיצה</ItemName>
      <ManufacturerName>תבליני טעם וריח</ManufacturerName>
      <ManufactureCountry>לא ידוע</ManufactureCountry>
      <ManufacturerItemDescription>תיבול לפיצה מיכל</ManufacturerItemDescription>
      <UnitQty>גרמים</UnitQty>
      <Quantity>120.00</Quantity>
      <UnitOfMeasure>100 גרם</UnitOfMeasure>
      <bIsWeighted>0</bIsWeighted>
      <QtyInPackage>1</QtyInPackage>
      <ItemPrice>11.80</ItemPrice>
      <UnitOfMeasurePrice>9.8333</UnitOfMeasurePrice>
      <AllowDiscount>1</AllowDiscount>
      <ItemStatus>1</ItemStatus>
      <ItemId>21589</ItemId>
    </Item>
    <Item>
      <PriceUpdateDate>2015-10-04 10:16:45</PriceUpdateDate>
      <ItemCode>7290100850008</ItemCode>
      <ItemType>1</ItemType>
      <ItemName>שוקולד חלב סוכריות</ItemName>
      <ManufacturerName>שטראוס גרופ</ManufacturerName>
      <ManufactureCountry>ישראל</ManufactureCountry>
      <ManufacturerItemDescription>שוקולד חלב עם סוכריות קופצות</ManufacturerItemDescription>
      <UnitQty>Unknown </UnitQty>
      <Quantity>0.00</Quantity>
      <UnitOfMeasure>Unknown </UnitOfMeasure>
      <bIsWeighted>0</bIsWeighted>
      <QtyInPackage>1</QtyInPackage>
      <ItemPrice>6.60</ItemPrice>
      <UnitOfMeasurePrice>0.0000</UnitOfMeasurePrice>
      <AllowDiscount>1</AllowDiscount>
      <ItemStatus>1</ItemStatus>
      <ItemId>21654</ItemId>
    </Item>
    <Item>
      <PriceUpdateDate>2015-10-04 10:16:45</PriceUpdateDate>
      <ItemCode>77245111136</ItemCode>
      <ItemType>1</ItemType>
      <ItemName>סוכריות מאסט ריבת חל</ItemName>
      <ManufacturerName>MIESZKO S.A - MS. JO</ManufacturerName>
      <ManufactureCountry>פולין</ManufactureCountry>
      <ManufacturerItemDescription>סוכריות מאסט ללא סוכר ריבת חלב</ManufacturerItemDescription>
      <UnitQty>גרמים</UnitQty>
      <Quantity>80.00</Quantity>
      <UnitOfMeasure>100 גרם</UnitOfMeasure>
      <bIsWeighted>0</bIsWeighted>
      <QtyInPackage>1</QtyInPackage>
      <ItemPrice>8.80</ItemPrice>
      <UnitOfMeasurePrice>11.0000</UnitOfMeasurePrice>
      <AllowDiscount>1</AllowDiscount>
      <ItemStatus>1</ItemStatus>
      <ItemId>21655</ItemId>
    </Item>
    <Item>
      <PriceUpdateDate>2015-10-04 10:16:45</PriceUpdateDate>
      <ItemCode>7290006664990</ItemCode>
      <ItemType>1</ItemType>
      <ItemName>מארז דנונה ביו</ItemName>
      <ManufacturerName>שטראוס גרופ</ManufacturerName>
      <ManufactureCountry>ישראל</ManufactureCountry>
      <ManufacturerItemDescription>מארז חסכון ביו 1.7% שמינייה</ManufacturerItemDescription>
      <UnitQty>קילוגרמים</UnitQty>
      <Quantity>1.20</Quantity>
      <UnitOfMeasure>ק"ג</UnitOfMeasure>
      <bIsWeighted>0</bIsWeighted>
      <QtyInPackage>1</QtyInPackage>
      <ItemPrice>17.60</ItemPrice>
      <UnitOfMeasurePrice>14.6667</UnitOfMeasurePrice>
      <AllowDiscount>1</AllowDiscount>
      <ItemStatus>1</ItemStatus>
      <ItemId>21677</ItemId>
    </Item>
    <Item>
      <PriceUpdateDate>2015-10-04 10:18:15</PriceUpdateDate>
      <ItemCode>7290002107019</ItemCode>
      <ItemType>1</ItemType>
      <ItemName>צפתית מעודנת     5%</ItemName>
      <ManufacturerName>מחלבת משק צוריאל</ManufacturerName>
      <ManufactureCountry>ישראל</ManufactureCountry>
      <ManufacturerItemDescription>צפתית מעודנת 250 5% ג</ManufacturerItemDescription>
      <UnitQty>גרמים</UnitQty>
      <Quantity>250.00</Quantity>
      <UnitOfMeasure>100 גרם</UnitOfMeasure>
      <bIsWeighted>0</bIsWeighted>
      <QtyInPackage>1</QtyInPackage>
      <ItemPrice>16.70</ItemPrice>
      <UnitOfMeasurePrice>6.6800</UnitOfMeasurePrice>
      <AllowDiscount>1</AllowDiscount>
      <ItemStatus>1</ItemStatus>
      <ItemId>21716</ItemId>
    </Item>
    <Item>
      <PriceUpdateDate>2016-05-04 07:07:15</PriceUpdateDate>
      <ItemCode>46024824</ItemCode>
      <ItemType>1</ItemType>
      <ItemName>נקסט לייט</ItemName>
      <ManufacturerName>פיליפ מוריס</ManufacturerName>
      <ManufactureCountry>לא ידוע</ManufactureCountry>
      <ManufacturerItemDescription>סיגריות נקסט בודד</ManufacturerItemDescription>
      <UnitQty>Unknown </UnitQty>
      <Quantity>0.00</Quantity>
      <UnitOfMeasure>Unknown </UnitOfMeasure>
      <bIsWeighted>0</bIsWeighted>
      <QtyInPackage>1</QtyInPackage>
      <ItemPrice>30.00</ItemPrice>
      <UnitOfMeasurePrice>0.0000</UnitOfMeasurePrice>
      <AllowDiscount>0</AllowDiscount>
      <ItemStatus>1</ItemStatus>
      <ItemId>21718</ItemId>
    </Item>
    <Item>
      <PriceUpdateDate>2016-05-04 07:07:15</PriceUpdateDate>
      <ItemCode>46024817</ItemCode>
      <ItemType>1</ItemType>
      <ItemName>נקסט  FF כחול</ItemName>
      <ManufacturerName>פיליפ מוריס</ManufacturerName>
      <ManufactureCountry>לא ידוע</ManufactureCountry>
      <ManufacturerItemDescription>סיגריות נקסט  FF בודד</ManufacturerItemDescription>
      <UnitQty>Unknown </UnitQty>
      <Quantity>0.00</Quantity>
      <UnitOfMeasure>Unknown </UnitOfMeasure>
      <bIsWeighted>0</bIsWeighted>
      <QtyInPackage>1</QtyInPackage>
      <ItemPrice>30.00</ItemPrice>
      <UnitOfMeasurePrice>0.0000</UnitOfMeasurePrice>
      <AllowDiscount>0</AllowDiscount>
      <ItemStatus>1</ItemStatus>
      <ItemId>21793</ItemId>
    </Item>
    <Item>
      <PriceUpdateDate>2015-10-04 10:17:53</PriceUpdateDate>
      <ItemCode>7290002360278</ItemCode>
      <ItemType>1</ItemType>
      <ItemName>תה פומפדור חליטתמנטה</ItemName>
      <ManufacturerName>TEEKANNE GMBH &amp; CO.</ManufacturerName>
      <ManufactureCountry>גרמניה</ManufactureCountry>
      <ManufacturerItemDescription>תה פומפדור חליטה מנטה 20 יח</ManufacturerItemDescription>
      <UnitQty>גרמים</UnitQty>
      <Quantity>45.00</Quantity>
      <UnitOfMeasure>100 גרם</UnitOfMeasure>
      <bIsWeighted>0</bIsWeighted>
      <QtyInPackage>1</QtyInPackage>
      <ItemPrice>20.40</ItemPrice>
      <UnitOfMeasurePrice>45.3333</UnitOfMeasurePrice>
      <AllowDiscount>1</AllowDiscount>
      <ItemStatus>1</ItemStatus>
      <ItemId>21918</ItemId>
    </Item>
    <Item>
      <PriceUpdateDate>2015-01-01 00:00:00</PriceUpdateDate>
      <ItemCode>7290007008146</ItemCode>
      <ItemType>1</ItemType>
      <ItemName>חרדל צהוב רגיל 297 ג</ItemName>
      <ManufacturerName>ניצן מותגי מזון בע"מ</ManufacturerName>
      <ManufactureCountry>ארצות הברית</ManufactureCountry>
      <ManufacturerItemDescription>חרדל צהוב רגיל 297 גרם</ManufacturerItemDescription>
      <UnitQty>גרמים</UnitQty>
      <Quantity>297.00</Quantity>
      <UnitOfMeasure>100 גרם</UnitOfMeasure>
      <bIsWeighted>0</bIsWeighted>
      <QtyInPackage>1</QtyInPackage>
      <ItemPrice>11.00</ItemPrice>
      <UnitOfMeasurePrice>3.7037</UnitOfMeasurePrice>
      <AllowDiscount>1</AllowDiscount>
      <ItemStatus>1</ItemStatus>
      <ItemId>21941</ItemId>
    </Item>
    <Item>
      <PriceUpdateDate>2015-08-12 10:25:04</PriceUpdateDate>
      <ItemCode>7290010471669</ItemCode>
      <ItemType>1</ItemType>
      <ItemName>דנונה תות קורנפלקס</ItemName>
      <ManufacturerName>שטראוס גרופ</ManufacturerName>
      <ManufactureCountry>ישראל</ManufactureCountry>
      <ManufacturerItemDescription>דנונהבר תות קורנפלקס מצופהשוקו</ManufacturerItemDescription>
      <UnitQty>גרמים</UnitQty>
      <Quantity>175.00</Quantity>
      <UnitOfMeasure>100 גרם</UnitOfMeasure>
      <bIsWeighted>0</bIsWeighted>
      <QtyInPackage>1</QtyInPackage>
      <ItemPrice>5.00</ItemPrice>
      <UnitOfMeasurePrice>2.8571</UnitOfMeasurePrice>
      <AllowDiscount>1</AllowDiscount>
      <ItemStatus>1</ItemStatus>
      <ItemId>21942</ItemId>
    </Item>
    <Item>
      <PriceUpdateDate>2015-10-04 10:17:53</PriceUpdateDate>
      <ItemCode>8076809513654</ItemCode>
      <ItemType>1</ItemType>
      <ItemName>בסיס רוטב עגבניות</ItemName>
      <ManufacturerName>BARILLA G.E.R.</ManufacturerName>
      <ManufactureCountry>איטליה</ManufactureCountry>
      <ManufacturerItemDescription>בסיס רוטב ברילה עגבניות לבולנז</ManufacturerItemDescription>
      <UnitQty>גרמים</UnitQty>
      <Quantity>400.00</Quantity>
      <UnitOfMeasure>100 גרם</UnitOfMeasure>
      <bIsWeighted>0</bIsWeighted>
      <QtyInPackage>1</QtyInPackage>
      <ItemPrice>15.80</ItemPrice>
      <UnitOfMeasurePrice>3.9500</UnitOfMeasurePrice>
      <AllowDiscount>1</AllowDiscount>
      <ItemStatus>1</ItemStatus>
      <ItemId>21997</ItemId>
    </Item>
    <Item>
      <PriceUpdateDate>2016-06-14 12:02:41</PriceUpdateDate>
      <ItemCode>7290006681843</ItemCode>
      <ItemType>1</ItemType>
      <ItemName>מאגדת לייט פרי</ItemName>
      <ManufacturerName>שטראוס גלידות</ManufacturerName>
      <ManufactureCountry>ישראל</ManufactureCountry>
      <ManufacturerItemDescription>מאגדת לייט פרי                      1/6</ManufacturerItemDescription>
      <UnitQty>גרמים</UnitQty>
      <Quantity>342.00</Quantity>
      <UnitOfMeasure>100 גרם</UnitOfMeasure>
      <bIsWeighted>0</bIsWeighted>
      <QtyInPackage>1</QtyInPackage>
      <ItemPrice>23.90</ItemPrice>
      <UnitOfMeasurePrice>6.9883</UnitOfMeasurePrice>
      <AllowDiscount>1</AllowDiscount>
      <ItemStatus>1</ItemStatus>
      <ItemId>22044</ItemId>
    </Item>
    <Item>
      <PriceUpdateDate>2015-08-03 07:55:59</PriceUpdateDate>
      <ItemCode>87304770</ItemCode>
      <ItemType>1</ItemType>
      <ItemName>סוכריות מנטוס BOX מנ</ItemName>
      <ManufacturerName>פרפטי ואן מלה</ManufacturerName>
      <ManufactureCountry>לא ידוע</ManufactureCountry>
      <ManufacturerItemDescription>סוכריות מנטוס BOX מנטה 64 גרם</ManufacturerItemDescription>
      <UnitQty>Unknown </UnitQty>
      <Quantity>0.00</Quantity>
      <UnitOfMeasure>Unknown </UnitOfMeasure>
      <bIsWeighted>0</bIsWeighted>
      <QtyInPackage>1</QtyInPackage>
      <ItemPrice>8.20</ItemPrice>
      <UnitOfMeasurePrice>0.0000</UnitOfMeasurePrice>
      <AllowDiscount>1</AllowDiscount>
      <ItemStatus>1</ItemStatus>
      <ItemId>22070</ItemId>
    </Item>
    <Item>
      <PriceUpdateDate>2015-08-03 07:55:59</PriceUpdateDate>
      <ItemCode>87304787</ItemCode>
      <ItemType>1</ItemType>
      <ItemName>סוכריות מנטוס BOX פי</ItemName>
      <ManufacturerName>פרפטי ואן מלה</ManufacturerName>
      <ManufactureCountry>לא ידוע</ManufactureCountry>
      <ManufacturerItemDescription>סוכריות מנטוס BOX פירות 64 גרם</ManufacturerItemDescription>
      <UnitQty>Unknown </UnitQty>
      <Quantity>0.00</Quantity>
      <UnitOfMeasure>Unknown </UnitOfMeasure>
      <bIsWeighted>0</bIsWeighted>
      <QtyInPackage>1</QtyInPackage>
      <ItemPrice>8.20</ItemPrice>
      <UnitOfMeasurePrice>0.0000</UnitOfMeasurePrice>
      <AllowDiscount>1</AllowDiscount>
      <ItemStatus>1</ItemStatus>
      <ItemId>22071</ItemId>
    </Item>
    <Item>
      <PriceUpdateDate>2015-10-04 10:18:15</PriceUpdateDate>
      <ItemCode>7290002107798</ItemCode>
      <ItemType>1</ItemType>
      <ItemName>גבינה בולגרית    5%</ItemName>
      <ManufacturerName>מחלבת משק צוריאל</ManufacturerName>
      <ManufactureCountry>ישראל</ManufactureCountry>
      <ManufacturerItemDescription>גבינה בולגרית250 - 5% גר               .</ManufacturerItemDescription>
      <UnitQty>גרמים</UnitQty>
      <Quantity>250.00</Quantity>
      <UnitOfMeasure>100 גרם</UnitOfMeasure>
      <bIsWeighted>0</bIsWeighted>
      <QtyInPackage>1</QtyInPackage>
      <ItemPrice>21.70</ItemPrice>
      <UnitOfMeasurePrice>8.6800</UnitOfMeasurePrice>
      <AllowDiscount>1</AllowDiscount>
      <ItemStatus>1</ItemStatus>
      <ItemId>22095</ItemId>
    </Item>
    <Item>
      <PriceUpdateDate>2015-10-04 10:18:05</PriceUpdateDate>
      <ItemCode>7290010237623</ItemCode>
      <ItemType>1</ItemType>
      <ItemName>בירה נשר מאלט .</ItemName>
      <ManufacturerName>טמפו</ManufacturerName>
      <ManufactureCountry>ישראל</ManufactureCountry>
      <ManufacturerItemDescription>בירה נשר מאלט 1.5 ל</ManufacturerItemDescription>
      <UnitQty>ליטרים</UnitQty>
      <Quantity>1.50</Quantity>
      <UnitOfMeasure>ליטר</UnitOfMeasure>
      <bIsWeighted>0</bIsWeighted>
      <QtyInPackage>1</QtyInPackage>
      <ItemPrice>7.90</ItemPrice>
      <UnitOfMeasurePrice>5.2667</UnitOfMeasurePrice>
      <AllowDiscount>1</AllowDiscount>
      <ItemStatus>1</ItemStatus>
      <ItemId>22136</ItemId>
    </Item>
    <Item>
      <PriceUpdateDate>2015-10-04 10:16:45</PriceUpdateDate>
      <ItemCode>7290100850411</ItemCode>
      <ItemType>1</ItemType>
      <ItemName>מיקס מעורב 190 גרם</ItemName>
      <ManufacturerName>שטראוס גרופ</ManufacturerName>
      <ManufactureCountry>ישראל</ManufactureCountry>
      <ManufacturerItemDescription>מיקס מעורב 190 גרם</ManufacturerItemDescription>
      <UnitQty>גרמים</UnitQty>
      <Quantity>190.00</Quantity>
      <UnitOfMeasure>100 גרם</UnitOfMeasure>
      <bIsWeighted>0</bIsWeighted>
      <QtyInPackage>1</QtyInPackage>
      <ItemPrice>16.70</ItemPrice>
      <UnitOfMeasurePrice>8.7895</UnitOfMeasurePrice>
      <AllowDiscount>1</AllowDiscount>
      <ItemStatus>1</ItemStatus>
      <ItemId>22170</ItemId>
    </Item>
    <Item>
      <PriceUpdateDate>2016-07-20 06:58:10</PriceUpdateDate>
      <ItemCode>856591000062</ItemCode>
      <ItemType>1</ItemType>
      <ItemName>עוגיות מזרחיות מלח</ItemName>
      <ManufacturerName>עבאדי</ManufacturerName>
      <ManufactureCountry>לא ידוע</ManufactureCountry>
      <ManufacturerItemDescription>עוגיות מזרחיות עבאדי מלח400 גר</ManufacturerItemDescription>
      <UnitQty>גרמים</UnitQty>
      <Quantity>400.00</Quantity>
      <UnitOfMeasure>100 גרם</UnitOfMeasure>
      <bIsWeighted>0</bIsWeighted>
      <QtyInPackage>1</QtyInPackage>
      <ItemPrice>19.90</ItemPrice>
      <UnitOfMeasurePrice>4.9750</UnitOfMeasurePrice>
      <AllowDiscount>1</AllowDiscount>
      <ItemStatus>1</ItemStatus>
      <ItemId>22258</ItemId>
    </Item>
    <Item>
      <PriceUpdateDate>2016-06-14 13:20:20</PriceUpdateDate>
      <ItemCode>7290001780800</ItemCode>
      <ItemType>1</ItemType>
      <ItemName>קראנץ ליבת נוגט</ItemName>
      <ManufacturerName>נגה גלידות</ManufacturerName>
      <ManufactureCountry>ישראל</ManufactureCountry>
      <ManufacturerItemDescription>קראנץ ליבת נוגט</ManufacturerItemDescription>
      <UnitQty>Unknown </UnitQty>
      <Quantity>0.00</Quantity>
      <UnitOfMeasure>Unknown </UnitOfMeasure>
      <bIsWeighted>0</bIsWeighted>
      <QtyInPackage>1</QtyInPackage>
      <ItemPrice>9.80</ItemPrice>
      <UnitOfMeasurePrice>0.0000</UnitOfMeasurePrice>
      <AllowDiscount>1</AllowDiscount>
      <ItemStatus>1</ItemStatus>
      <ItemId>22340</ItemId>
    </Item>
    <Item>
      <PriceUpdateDate>2015-01-01 00:00:00</PriceUpdateDate>
      <ItemCode>7290100850916</ItemCode>
      <ItemType>1</ItemType>
      <ItemName>חטיף דוריטוס חמוץ</ItemName>
      <ManufacturerName>שטראוס גרופ</ManufacturerName>
      <ManufactureCountry>ישראל</ManufactureCountry>
      <ManufacturerItemDescription>דוריטוס חמוץ חריף 70 גר</ManufacturerItemDescription>
      <UnitQty>גרמים</UnitQty>
      <Quantity>70.00</Quantity>
      <UnitOfMeasure>100 גרם</UnitOfMeasure>
      <bIsWeighted>0</bIsWeighted>
      <QtyInPackage>1</QtyInPackage>
      <ItemPrice>3.90</ItemPrice>
      <UnitOfMeasurePrice>5.5714</UnitOfMeasurePrice>
      <AllowDiscount>1</AllowDiscount>
      <ItemStatus>1</ItemStatus>
      <ItemId>22398</ItemId>
    </Item>
    <Item>
      <PriceUpdateDate>2015-01-01 00:00:00</PriceUpdateDate>
      <ItemCode>7290100850923</ItemCode>
      <ItemType>1</ItemType>
      <ItemName>חטיף דוריטוס  גריל</ItemName>
      <ManufacturerName>שטראוס גרופ</ManufacturerName>
      <ManufactureCountry>ישראל</ManufactureCountry>
      <ManufacturerItemDescription>דוריטוס גריל 70 גר</ManufacturerItemDescription>
      <UnitQty>גרמים</UnitQty>
      <Quantity>70.00</Quantity>
      <UnitOfMeasure>100 גרם</UnitOfMeasure>
      <bIsWeighted>0</bIsWeighted>
      <QtyInPackage>1</QtyInPackage>
      <ItemPrice>3.90</ItemPrice>
      <UnitOfMeasurePrice>5.5714</UnitOfMeasurePrice>
      <AllowDiscount>1</AllowDiscount>
      <ItemStatus>1</ItemStatus>
      <ItemId>22399</ItemId>
    </Item>
    <Item>
      <PriceUpdateDate>2015-01-01 00:00:00</PriceUpdateDate>
      <ItemCode>7290100850930</ItemCode>
      <ItemType>1</ItemType>
      <ItemName>דוריטוס דיפ טעם טבעי</ItemName>
      <ManufacturerName>שטראוס גרופ</ManufacturerName>
      <ManufactureCountry>ישראל</ManufactureCountry>
      <ManufacturerItemDescription>דוריטוס דיפ בטעם טבעי 70 גרם</ManufacturerItemDescription>
      <UnitQty>גרמים</UnitQty>
      <Quantity>70.00</Quantity>
      <UnitOfMeasure>100 גרם</UnitOfMeasure>
      <bIsWeighted>0</bIsWeighted>
      <QtyInPackage>1</QtyInPackage>
      <ItemPrice>3.90</ItemPrice>
      <UnitOfMeasurePrice>5.5714</UnitOfMeasurePrice>
      <AllowDiscount>1</AllowDiscount>
      <ItemStatus>1</ItemStatus>
      <ItemId>22400</ItemId>
    </Item>
    <Item>
      <PriceUpdateDate>2015-10-04 10:17:53</PriceUpdateDate>
      <ItemCode>7290002360230</ItemCode>
      <ItemType>1</ItemType>
      <ItemName>חרדל דיזון גרגירים</ItemName>
      <ManufacturerName>EUROPEENNE DE CONDIM</ManufacturerName>
      <ManufactureCountry>צרפת</ManufactureCountry>
      <ManufacturerItemDescription>חרדל דיזון גרגירים 210 גרם</ManufacturerItemDescription>
      <UnitQty>גרמים</UnitQty>
      <Quantity>210.00</Quantity>
      <UnitOfMeasure>100 גרם</UnitOfMeasure>
      <bIsWeighted>0</bIsWeighted>
      <QtyInPackage>1</QtyInPackage>
      <ItemPrice>13.60</ItemPrice>
      <UnitOfMeasurePrice>6.4762</UnitOfMeasurePrice>
      <AllowDiscount>1</AllowDiscount>
      <ItemStatus>1</ItemStatus>
      <ItemId>22495</ItemId>
    </Item>
    <Item>
      <PriceUpdateDate>2015-10-04 10:19:17</PriceUpdateDate>
      <ItemCode>7290004132712</ItemCode>
      <ItemType>1</ItemType>
      <ItemName>אצבעות עמק 172 גרם</ItemName>
      <ManufacturerName>תנובה מרכז שיתופי לש</ManufacturerName>
      <ManufactureCountry>ישראל</ManufactureCountry>
      <ManufacturerItemDescription>אצבעות עמק 172 גרם</ManufacturerItemDescription>
      <UnitQty>גרמים</UnitQty>
      <Quantity>172.00</Quantity>
      <UnitOfMeasure>100 גרם</UnitOfMeasure>
      <bIsWeighted>0</bIsWeighted>
      <QtyInPackage>1</QtyInPackage>
      <ItemPrice>17.30</ItemPrice>
      <UnitOfMeasurePrice>10.0581</UnitOfMeasurePrice>
      <AllowDiscount>1</AllowDiscount>
      <ItemStatus>1</ItemStatus>
      <ItemId>22624</ItemId>
    </Item>
    <Item>
      <PriceUpdateDate>2015-01-01 00:00:00</PriceUpdateDate>
      <ItemCode>7290002319092</ItemCode>
      <ItemType>1</ItemType>
      <ItemName>קמח תפוח אדמה</ItemName>
      <ManufacturerName>מיה תעשיות מזון</ManufacturerName>
      <ManufactureCountry>ישראל</ManufactureCountry>
      <ManufacturerItemDescription>קמח ת.אדמה 500 גרם</ManufacturerItemDescription>
      <UnitQty>גרמים</UnitQty>
      <Quantity>500.00</Quantity>
      <UnitOfMeasure>100 גרם</UnitOfMeasure>
      <bIsWeighted>0</bIsWeighted>
      <QtyInPackage>1</QtyInPackage>
      <ItemPrice>7.20</ItemPrice>
      <UnitOfMeasurePrice>1.4400</UnitOfMeasurePrice>
      <AllowDiscount>1</AllowDiscount>
      <ItemStatus>1</ItemStatus>
      <ItemId>22689</ItemId>
    </Item>
    <Item>
      <PriceUpdateDate>2015-10-04 10:19:17</PriceUpdateDate>
      <ItemCode>7290004132231</ItemCode>
      <ItemType>1</ItemType>
      <ItemName>חלב פלוס לקפה  800 3</ItemName>
      <ManufacturerName>תנובה מרכז שיתופי לש</ManufacturerName>
      <ManufactureCountry>לא ידוע</ManufactureCountry>
      <ManufacturerItemDescription>חלב פלוס לקפה  800 3.5% מהדרין</ManufacturerItemDescription>
      <UnitQty>מיליליטרים</UnitQty>
      <Quantity>800.00</Quantity>
      <UnitOfMeasure>100 מ"ל</UnitOfMeasure>
      <bIsWeighted>0</bIsWeighted>
      <QtyInPackage>1</QtyInPackage>
      <ItemPrice>7.80</ItemPrice>
      <UnitOfMeasurePrice>0.9750</UnitOfMeasurePrice>
      <AllowDiscount>1</AllowDiscount>
      <ItemStatus>1</ItemStatus>
      <ItemId>22697</ItemId>
    </Item>
    <Item>
      <PriceUpdateDate>2016-02-11 07:45:26</PriceUpdateDate>
      <ItemCode>7290004131227</ItemCode>
      <ItemType>1</ItemType>
      <ItemName>גבינה למריחה</ItemName>
      <ManufacturerName>תנובה מרכז שיתופי לש</ManufacturerName>
      <ManufactureCountry>ישראל</ManufactureCountry>
      <ManufacturerItemDescription>גבינה למריחה 500 3% גרם</ManufacturerItemDescription>
      <UnitQty>גרמים</UnitQty>
      <Quantity>500.00</Quantity>
      <UnitOfMeasure>100 גרם</UnitOfMeasure>
      <bIsWeighted>0</bIsWeighted>
      <QtyInPackage>1</QtyInPackage>
      <ItemPrice>9.20</ItemPrice>
      <UnitOfMeasurePrice>1.8400</UnitOfMeasurePrice>
      <AllowDiscount>1</AllowDiscount>
      <ItemStatus>1</ItemStatus>
      <ItemId>22818</ItemId>
    </Item>
    <Item>
      <PriceUpdateDate>2015-10-04 10:19:17</PriceUpdateDate>
      <ItemCode>7290004133627</ItemCode>
      <ItemType>1</ItemType>
      <ItemName>חלב 3% על הבוקר</ItemName>
      <ManufacturerName>תנובה מרכז שיתופי לש</ManufacturerName>
      <ManufactureCountry>ישראל</ManufactureCountry>
      <ManufacturerItemDescription>חלב 3% על הבוקר קרטון+פקק 1 ל</ManufacturerItemDescription>
      <UnitQty>ליטרים</UnitQty>
      <Quantity>1.00</Quantity>
      <UnitOfMeasure>ליטר</UnitOfMeasure>
      <bIsWeighted>0</bIsWeighted>
      <QtyInPackage>1</QtyInPackage>
      <ItemPrice>9.60</ItemPrice>
      <UnitOfMeasurePrice>9.6000</UnitOfMeasurePrice>
      <AllowDiscount>1</AllowDiscount>
      <ItemStatus>1</ItemStatus>
      <ItemId>23563</ItemId>
    </Item>
    <Item>
      <PriceUpdateDate>2015-10-04 10:19:17</PriceUpdateDate>
      <ItemCode>7290004131814</ItemCode>
      <ItemType>1</ItemType>
      <ItemName>פיראוס צפתית מעודנ</ItemName>
      <ManufacturerName>תנובה מרכז שיתופי לש</ManufacturerName>
      <ManufactureCountry>ישראל</ManufactureCountry>
      <ManufacturerItemDescription>פיראוס צפתית מעודנת 200 5% ג</ManufacturerItemDescription>
      <UnitQty>גרמים</UnitQty>
      <Quantity>200.00</Quantity>
      <UnitOfMeasure>100 גרם</UnitOfMeasure>
      <bIsWeighted>0</bIsWeighted>
      <QtyInPackage>1</QtyInPackage>
      <ItemPrice>16.10</ItemPrice>
      <UnitOfMeasurePrice>8.0500</UnitOfMeasurePrice>
      <AllowDiscount>1</AllowDiscount>
      <ItemStatus>1</ItemStatus>
      <ItemId>23583</ItemId>
    </Item>
    <Item>
      <PriceUpdateDate>2015-01-01 00:00:00</PriceUpdateDate>
      <ItemCode>578</ItemCode>
      <ItemType>0</ItemType>
      <ItemName>נקטרינה</ItemName>
      <ManufacturerName>חקלאי</ManufacturerName>
      <ManufactureCountry>ישראל</ManufactureCountry>
      <ManufacturerItemDescription>נקטרינה                               6</ManufacturerItemDescription>
      <UnitQty>קילוגרמים</UnitQty>
      <Quantity>1.00</Quantity>
      <UnitOfMeasure>ק"ג</UnitOfMeasure>
      <bIsWeighted>1</bIsWeighted>
      <QtyInPackage>1</QtyInPackage>
      <ItemPrice>11.90</ItemPrice>
      <UnitOfMeasurePrice>11.9000</UnitOfMeasurePrice>
      <AllowDiscount>1</AllowDiscount>
      <ItemStatus>1</ItemStatus>
      <ItemId>23690</ItemId>
    </Item>
    <Item>
      <PriceUpdateDate>2015-01-01 00:00:00</PriceUpdateDate>
      <ItemCode>7290004133207</ItemCode>
      <ItemType>1</ItemType>
      <ItemName>יופלה לבן דיאט</ItemName>
      <ManufacturerName>תנובה מרכז שיתופי לש</ManufacturerName>
      <ManufactureCountry>ישראל</ManufactureCountry>
      <ManufacturerItemDescription>יופלה לבן דיאט 200 ג</ManufacturerItemDescription>
      <UnitQty>גרמים</UnitQty>
      <Quantity>200.00</Quantity>
      <UnitOfMeasure>100 גרם</UnitOfMeasure>
      <bIsWeighted>0</bIsWeighted>
      <QtyInPackage>1</QtyInPackage>
      <ItemPrice>3.90</ItemPrice>
      <UnitOfMeasurePrice>1.9500</UnitOfMeasurePrice>
      <AllowDiscount>1</AllowDiscount>
      <ItemStatus>1</ItemStatus>
      <ItemId>23723</ItemId>
    </Item>
    <Item>
      <PriceUpdateDate>2015-01-01 00:00:00</PriceUpdateDate>
      <ItemCode>7290001670668</ItemCode>
      <ItemType>1</ItemType>
      <ItemName>שקיות להכנת קרח</ItemName>
      <ManufacturerName>הנמל</ManufacturerName>
      <ManufactureCountry>ישראל</ManufactureCountry>
      <ManufacturerItemDescription>שקיות להכנת קרח 12 יח                  "</ManufacturerItemDescription>
      <UnitQty>Unknown </UnitQty>
      <Quantity>0.00</Quantity>
      <UnitOfMeasure>Unknown </UnitOfMeasure>
      <bIsWeighted>0</bIsWeighted>
      <QtyInPackage>1</QtyInPackage>
      <ItemPrice>4.40</ItemPrice>
      <UnitOfMeasurePrice>0.0000</UnitOfMeasurePrice>
      <AllowDiscount>1</AllowDiscount>
      <ItemStatus>1</ItemStatus>
      <ItemId>23739</ItemId>
    </Item>
    <Item>
      <PriceUpdateDate>2015-01-01 00:00:00</PriceUpdateDate>
      <ItemCode>835811007494</ItemCode>
      <ItemType>1</ItemType>
      <ItemName>אבקת גלטין טהור</ItemName>
      <ManufacturerName>הנמל</ManufacturerName>
      <ManufactureCountry>ישראל</ManufactureCountry>
      <ManufacturerItemDescription>גלטין טהור 28 גרם</ManufacturerItemDescription>
      <UnitQty>גרמים</UnitQty>
      <Quantity>28.00</Quantity>
      <UnitOfMeasure>100 גרם</UnitOfMeasure>
      <bIsWeighted>0</bIsWeighted>
      <QtyInPackage>1</QtyInPackage>
      <ItemPrice>11.20</ItemPrice>
      <UnitOfMeasurePrice>40.0000</UnitOfMeasurePrice>
      <AllowDiscount>1</AllowDiscount>
      <ItemStatus>1</ItemStatus>
      <ItemId>23772</ItemId>
    </Item>
    <Item>
      <PriceUpdateDate>2015-10-04 10:19:26</PriceUpdateDate>
      <ItemCode>4067700013019</ItemCode>
      <ItemType>1</ItemType>
      <ItemName>ייגרמייסטר 700 מל</ItemName>
      <ManufacturerName>מזקקת ליקר</ManufacturerName>
      <ManufactureCountry>גרמניה</ManufactureCountry>
      <ManufacturerItemDescription>ייגרמייסטר 700 מל</ManufacturerItemDescription>
      <UnitQty>מיליליטרים</UnitQty>
      <Quantity>700.00</Quantity>
      <UnitOfMeasure>100 מ"ל</UnitOfMeasure>
      <bIsWeighted>0</bIsWeighted>
      <QtyInPackage>1</QtyInPackage>
      <ItemPrice>137.90</ItemPrice>
      <UnitOfMeasurePrice>19.7000</UnitOfMeasurePrice>
      <AllowDiscount>1</AllowDiscount>
      <ItemStatus>1</ItemStatus>
      <ItemId>92427</ItemId>
    </Item>
    <Item>
      <PriceUpdateDate>2015-11-05 14:17:25</PriceUpdateDate>
      <ItemCode>3059943009080</ItemCode>
      <ItemType>1</ItemType>
      <ItemName>ספריי מילוי לבנדר</ItemName>
      <ManufacturerName>אירוויק</ManufacturerName>
      <ManufactureCountry>לא ידוע</ManufactureCountry>
      <ManufacturerItemDescription>אירוויק פרשמטיק מילוי לבנדר</ManufacturerItemDescription>
      <UnitQty>מיליליטרים</UnitQty>
      <Quantity>250.00</Quantity>
      <UnitOfMeasure>100 מ"ל</UnitOfMeasure>
      <bIsWeighted>0</bIsWeighted>
      <QtyInPackage>1</QtyInPackage>
      <ItemPrice>29.90</ItemPrice>
      <UnitOfMeasurePrice>11.9600</UnitOfMeasurePrice>
      <AllowDiscount>1</AllowDiscount>
      <ItemStatus>1</ItemStatus>
      <ItemId>23875</ItemId>
    </Item>
    <Item>
      <PriceUpdateDate>2016-04-07 08:03:06</PriceUpdateDate>
      <ItemCode>7290003411924</ItemCode>
      <ItemType>1</ItemType>
      <ItemName>שלגון להקפאה   8 יח</ItemName>
      <ManufacturerName>גנה</ManufacturerName>
      <ManufactureCountry>ישראל</ManufactureCountry>
      <ManufacturerItemDescription>משקה להקפאה 800 מל                     .</ManufacturerItemDescription>
      <UnitQty>מיליליטרים</UnitQty>
      <Quantity>800.00</Quantity>
      <UnitOfMeasure>100 מ"ל</UnitOfMeasure>
      <bIsWeighted>0</bIsWeighted>
      <QtyInPackage>1</QtyInPackage>
      <ItemPrice>5.90</ItemPrice>
      <UnitOfMeasurePrice>0.7375</UnitOfMeasurePrice>
      <AllowDiscount>1</AllowDiscount>
      <ItemStatus>1</ItemStatus>
      <ItemId>23903</ItemId>
    </Item>
    <Item>
      <PriceUpdateDate>2015-10-04 10:17:36</PriceUpdateDate>
      <ItemCode>7290004731472</ItemCode>
      <ItemType>1</ItemType>
      <ItemName>מארז אלסבון כיף שליש</ItemName>
      <ManufacturerName>קוסמופארם</ManufacturerName>
      <ManufactureCountry>ישראל</ManufactureCountry>
      <ManufacturerItemDescription>מארז אלסבון כיף שלישייה צבעוני</ManufacturerItemDescription>
      <UnitQty>ליטרים</UnitQty>
      <Quantity>1.50</Quantity>
      <UnitOfMeasure>ליטר</UnitOfMeasure>
      <bIsWeighted>0</bIsWeighted>
      <QtyInPackage>3</QtyInPackage>
      <ItemPrice>19.70</ItemPrice>
      <UnitOfMeasurePrice>13.1333</UnitOfMeasurePrice>
      <AllowDiscount>1</AllowDiscount>
      <ItemStatus>1</ItemStatus>
      <ItemId>23967</ItemId>
    </Item>
    <Item>
      <PriceUpdateDate>2015-10-04 10:18:27</PriceUpdateDate>
      <ItemCode>7290000204239</ItemCode>
      <ItemType>1</ItemType>
      <ItemName>מטלית רצפה ניקול</ItemName>
      <ManufacturerName>עופרטקס</ManufacturerName>
      <ManufactureCountry>ישראל</ManufactureCountry>
      <ManufacturerItemDescription>מטלית רצפה ניקול                    1/4</ManufacturerItemDescription>
      <UnitQty>Unknown </UnitQty>
      <Quantity>0.00</Quantity>
      <UnitOfMeasure>Unknown </UnitOfMeasure>
      <bIsWeighted>0</bIsWeighted>
      <QtyInPackage>1</QtyInPackage>
      <ItemPrice>14.80</ItemPrice>
      <UnitOfMeasurePrice>0.0000</UnitOfMeasurePrice>
      <AllowDiscount>1</AllowDiscount>
      <ItemStatus>1</ItemStatus>
      <ItemId>24101</ItemId>
    </Item>
    <Item>
      <PriceUpdateDate>2015-10-04 10:17:36</PriceUpdateDate>
      <ItemCode>7290004731410</ItemCode>
      <ItemType>1</ItemType>
      <ItemName>כרית קרצוף סנו סושי</ItemName>
      <ManufacturerName>סנו</ManufacturerName>
      <ManufactureCountry>ישראל</ManufactureCountry>
      <ManufacturerItemDescription>כרית קרצוף סנו סושי ירוק            1/3</ManufacturerItemDescription>
      <UnitQty>Unknown </UnitQty>
      <Quantity>0.00</Quantity>
      <UnitOfMeasure>Unknown </UnitOfMeasure>
      <bIsWeighted>0</bIsWeighted>
      <QtyInPackage>3</QtyInPackage>
      <ItemPrice>9.80</ItemPrice>
      <UnitOfMeasurePrice>0.0000</UnitOfMeasurePrice>
      <AllowDiscount>1</AllowDiscount>
      <ItemStatus>1</ItemStatus>
      <ItemId>24104</ItemId>
    </Item>
    <Item>
      <PriceUpdateDate>2015-10-04 10:17:36</PriceUpdateDate>
      <ItemCode>7290005426940</ItemCode>
      <ItemType>1</ItemType>
      <ItemName>משמיד חרקים K300 פלו</ItemName>
      <ManufacturerName>סנו</ManufacturerName>
      <ManufactureCountry>לא ידוע</ManufactureCountry>
      <ManufacturerItemDescription>משמיד חרקים K300 פלוס</ManufacturerItemDescription>
      <UnitQty>מיליליטרים</UnitQty>
      <Quantity>400.00</Quantity>
      <UnitOfMeasure>100 מ"ל</UnitOfMeasure>
      <bIsWeighted>0</bIsWeighted>
      <QtyInPackage>1</QtyInPackage>
      <ItemPrice>18.70</ItemPrice>
      <UnitOfMeasurePrice>4.6750</UnitOfMeasurePrice>
      <AllowDiscount>1</AllowDiscount>
      <ItemStatus>1</ItemStatus>
      <ItemId>24108</ItemId>
    </Item>
    <Item>
      <PriceUpdateDate>2015-07-26 09:39:33</PriceUpdateDate>
      <ItemCode>7290100700020</ItemCode>
      <ItemType>1</ItemType>
      <ItemName>גריסי פנינה</ItemName>
      <ManufacturerName>סוגת</ManufacturerName>
      <ManufactureCountry>לא ידוע</ManufactureCountry>
      <ManufacturerItemDescription>גריסי פנינה 500 גרם</ManufacturerItemDescription>
      <UnitQty>גרמים</UnitQty>
      <Quantity>500.00</Quantity>
      <UnitOfMeasure>100 גרם</UnitOfMeasure>
      <bIsWeighted>0</bIsWeighted>
      <QtyInPackage>1</QtyInPackage>
      <ItemPrice>5.90</ItemPrice>
      <UnitOfMeasurePrice>1.1800</UnitOfMeasurePrice>
      <AllowDiscount>1</AllowDiscount>
      <ItemStatus>1</ItemStatus>
      <ItemId>24144</ItemId>
    </Item>
    <Item>
      <PriceUpdateDate>2015-11-05 14:18:01</PriceUpdateDate>
      <ItemCode>7290008645935</ItemCode>
      <ItemType>1</ItemType>
      <ItemName>חומוס 750 גרם</ItemName>
      <ManufacturerName>שטראוס גרופ</ManufacturerName>
      <ManufactureCountry>ישראל</ManufactureCountry>
      <ManufacturerItemDescription>חומוס 750 גרם</ManufacturerItemDescription>
      <UnitQty>גרמים</UnitQty>
      <Quantity>750.00</Quantity>
      <UnitOfMeasure>100 גרם</UnitOfMeasure>
      <bIsWeighted>0</bIsWeighted>
      <QtyInPackage>1</QtyInPackage>
      <ItemPrice>10.00</ItemPrice>
      <UnitOfMeasurePrice>1.3333</UnitOfMeasurePrice>
      <AllowDiscount>1</AllowDiscount>
      <ItemStatus>1</ItemStatus>
      <ItemId>24225</ItemId>
    </Item>
    <Item>
      <PriceUpdateDate>2015-07-30 12:19:34</PriceUpdateDate>
      <ItemCode>7290003411993</ItemCode>
      <ItemType>1</ItemType>
      <ItemName>גפרורים        1/10</ItemName>
      <ManufacturerName>י.ד.יבוא -קל בע"מ</ManufacturerName>
      <ManufactureCountry>לא ידוע</ManufactureCountry>
      <ManufacturerItemDescription>גפרורים                            1/10</ManufacturerItemDescription>
      <UnitQty>Unknown </UnitQty>
      <Quantity>0.00</Quantity>
      <UnitOfMeasure>Unknown </UnitOfMeasure>
      <bIsWeighted>0</bIsWeighted>
      <QtyInPackage>1</QtyInPackage>
      <ItemPrice>4.30</ItemPrice>
      <UnitOfMeasurePrice>0.0000</UnitOfMeasurePrice>
      <AllowDiscount>1</AllowDiscount>
      <ItemStatus>1</ItemStatus>
      <ItemId>24228</ItemId>
    </Item>
    <Item>
      <PriceUpdateDate>2016-03-15 15:37:33</PriceUpdateDate>
      <ItemCode>7290015193405</ItemCode>
      <ItemType>1</ItemType>
      <ItemName>חתיכות אננס בסירופ ק</ItemName>
      <ManufacturerName>מיי אנדוור</ManufacturerName>
      <ManufactureCountry>תאילנד</ManufactureCountry>
      <ManufacturerItemDescription>חתיכות אננס בסירופ קל 850 גר</ManufacturerItemDescription>
      <UnitQty>גרמים</UnitQty>
      <Quantity>850.00</Quantity>
      <UnitOfMeasure>100 גרם</UnitOfMeasure>
      <bIsWeighted>0</bIsWeighted>
      <QtyInPackage>1</QtyInPackage>
      <ItemPrice>9.90</ItemPrice>
      <UnitOfMeasurePrice>1.1647</UnitOfMeasurePrice>
      <AllowDiscount>1</AllowDiscount>
      <ItemStatus>1</ItemStatus>
      <ItemId>108888</ItemId>
    </Item>
    <Item>
      <PriceUpdateDate>2015-10-04 10:19:31</PriceUpdateDate>
      <ItemCode>7290010173037</ItemCode>
      <ItemType>1</ItemType>
      <ItemName>יין הרי גליל רוזה</ItemName>
      <ManufacturerName>יקב הרי גליל</ManufacturerName>
      <ManufactureCountry>לא ידוע</ManufactureCountry>
      <ManufacturerItemDescription>יין הרי גליל רוזה 750     מל</ManufacturerItemDescription>
      <UnitQty>Unknown </UnitQty>
      <Quantity>0.00</Quantity>
      <UnitOfMeasure>Unknown </UnitOfMeasure>
      <bIsWeighted>0</bIsWeighted>
      <QtyInPackage>1</QtyInPackage>
      <ItemPrice>39.50</ItemPrice>
      <UnitOfMeasurePrice>0.0000</UnitOfMeasurePrice>
      <AllowDiscount>1</AllowDiscount>
      <ItemStatus>1</ItemStatus>
      <ItemId>24338</ItemId>
    </Item>
    <Item>
      <PriceUpdateDate>2016-02-11 13:05:57</PriceUpdateDate>
      <ItemCode>7290102396962</ItemCode>
      <ItemType>1</ItemType>
      <ItemName>חלב 1 3% ליטר בשקית</ItemName>
      <ManufacturerName>טרה</ManufacturerName>
      <ManufactureCountry>ישראל</ManufactureCountry>
      <ManufacturerItemDescription>חלב1 3% ל.שקית מהדרין פיקוח</ManufacturerItemDescription>
      <UnitQty>ליטרים</UnitQty>
      <Quantity>1.00</Quantity>
      <UnitOfMeasure>ליטר</UnitOfMeasure>
      <bIsWeighted>0</bIsWeighted>
      <QtyInPackage>1</QtyInPackage>
      <ItemPrice>5.00</ItemPrice>
      <UnitOfMeasurePrice>5.0000</UnitOfMeasurePrice>
      <AllowDiscount>1</AllowDiscount>
      <ItemStatus>1</ItemStatus>
      <ItemId>104439</ItemId>
    </Item>
    <Item>
      <PriceUpdateDate>2015-10-04 10:18:15</PriceUpdateDate>
      <ItemCode>7290002107071</ItemCode>
      <ItemType>1</ItemType>
      <ItemName>פטה עיזים מעודנת</ItemName>
      <ManufacturerName>מחלבת משק צוריאל</ManufacturerName>
      <ManufactureCountry>ישראל</ManufactureCountry>
      <ManufacturerItemDescription>פטה עיזים מעודנת 200 16% ג</ManufacturerItemDescription>
      <UnitQty>גרמים</UnitQty>
      <Quantity>200.00</Quantity>
      <UnitOfMeasure>100 גרם</UnitOfMeasure>
      <bIsWeighted>0</bIsWeighted>
      <QtyInPackage>1</QtyInPackage>
      <ItemPrice>23.60</ItemPrice>
      <UnitOfMeasurePrice>11.8000</UnitOfMeasurePrice>
      <AllowDiscount>1</AllowDiscount>
      <ItemStatus>1</ItemStatus>
      <ItemId>24561</ItemId>
    </Item>
    <Item>
      <PriceUpdateDate>2016-08-04 14:47:36</PriceUpdateDate>
      <ItemCode>7290000659312</ItemCode>
      <ItemType>1</ItemType>
      <ItemName>פילה סלמון בואקום</ItemName>
      <ManufacturerName>PEQUERA DEL</ManufacturerName>
      <ManufactureCountry>צ'ילה (AACR)</ManufactureCountry>
      <ManufacturerItemDescription>פילה סלמון בואקום</ManufacturerItemDescription>
      <UnitQty>קילוגרמים</UnitQty>
      <Quantity>1.00</Quantity>
      <UnitOfMeasure>ק"ג</UnitOfMeasure>
      <bIsWeighted>1</bIsWeighted>
      <QtyInPackage>1</QtyInPackage>
      <ItemPrice>76.70</ItemPrice>
      <UnitOfMeasurePrice>76.7000</UnitOfMeasurePrice>
      <AllowDiscount>1</AllowDiscount>
      <ItemStatus>1</ItemStatus>
      <ItemId>24595</ItemId>
    </Item>
    <Item>
      <PriceUpdateDate>2015-11-05 14:17:05</PriceUpdateDate>
      <ItemCode>7290003268740</ItemCode>
      <ItemType>1</ItemType>
      <ItemName>לחם אחיד 750 גרם</ItemName>
      <ManufacturerName>דגנית עין בר</ManufacturerName>
      <ManufactureCountry>לא ידוע</ManufactureCountry>
      <ManufacturerItemDescription>לחם אחיד750 גר</ManufacturerItemDescription>
      <UnitQty>גרמים</UnitQty>
      <Quantity>750.00</Quantity>
      <UnitOfMeasure>100 גרם</UnitOfMeasure>
      <bIsWeighted>0</bIsWeighted>
      <QtyInPackage>1</QtyInPackage>
      <ItemPrice>4.90</ItemPrice>
      <UnitOfMeasurePrice>0.6533</UnitOfMeasurePrice>
      <AllowDiscount>1</AllowDiscount>
      <ItemStatus>1</ItemStatus>
      <ItemId>24605</ItemId>
    </Item>
    <Item>
      <PriceUpdateDate>2016-05-20 06:34:19</PriceUpdateDate>
      <ItemCode>7290003268764</ItemCode>
      <ItemType>1</ItemType>
      <ItemName>חלה רגילה</ItemName>
      <ManufacturerName>דגנית עין בר</ManufacturerName>
      <ManufactureCountry>ישראל</ManufactureCountry>
      <ManufacturerItemDescription>חלה רגילה500 גרם</ManufacturerItemDescription>
      <UnitQty>Unknown </UnitQty>
      <Quantity>0.00</Quantity>
      <UnitOfMeasure>Unknown </UnitOfMeasure>
      <bIsWeighted>0</bIsWeighted>
      <QtyInPackage>1</QtyInPackage>
      <ItemPrice>4.90</ItemPrice>
      <UnitOfMeasurePrice>0.0000</UnitOfMeasurePrice>
      <AllowDiscount>1</AllowDiscount>
      <ItemStatus>1</ItemStatus>
      <ItemId>24607</ItemId>
    </Item>
    <Item>
      <PriceUpdateDate>2015-01-01 00:00:00</PriceUpdateDate>
      <ItemCode>7290003268771</ItemCode>
      <ItemType>1</ItemType>
      <ItemName>חלה מתוקה קלועה</ItemName>
      <ManufacturerName>דגנית עין בר</ManufacturerName>
      <ManufactureCountry>ישראל</ManufactureCountry>
      <ManufacturerItemDescription>חלה קלועה מתוקה 500 גר                 .</ManufacturerItemDescription>
      <UnitQty>גרמים</UnitQty>
      <Quantity>500.00</Quantity>
      <UnitOfMeasure>100 גרם</UnitOfMeasure>
      <bIsWeighted>0</bIsWeighted>
      <QtyInPackage>1</QtyInPackage>
      <ItemPrice>11.90</ItemPrice>
      <UnitOfMeasurePrice>2.3800</UnitOfMeasurePrice>
      <AllowDiscount>1</AllowDiscount>
      <ItemStatus>1</ItemStatus>
      <ItemId>24608</ItemId>
    </Item>
    <Item>
      <PriceUpdateDate>2015-01-01 00:00:00</PriceUpdateDate>
      <ItemCode>42102021</ItemCode>
      <ItemType>1</ItemType>
      <ItemName>אורביט פרופשיונל</ItemName>
      <ManufacturerName>ריגלי</ManufacturerName>
      <ManufactureCountry>פולין</ManufactureCountry>
      <ManufacturerItemDescription>אורביט פרופשיונל</ManufacturerItemDescription>
      <UnitQty>Unknown </UnitQty>
      <Quantity>0.00</Quantity>
      <UnitOfMeasure>Unknown </UnitOfMeasure>
      <bIsWeighted>0</bIsWeighted>
      <QtyInPackage>1</QtyInPackage>
      <ItemPrice>3.50</ItemPrice>
      <UnitOfMeasurePrice>0.0000</UnitOfMeasurePrice>
      <AllowDiscount>1</AllowDiscount>
      <ItemStatus>1</ItemStatus>
      <ItemId>24627</ItemId>
    </Item>
    <Item>
      <PriceUpdateDate>2015-10-04 10:17:36</PriceUpdateDate>
      <ItemCode>7290010378500</ItemCode>
      <ItemType>1</ItemType>
      <ItemName>נקה 7 סופטקר שמפו</ItemName>
      <ManufacturerName>אמיליה קוסמטיקס</ManufacturerName>
      <ManufactureCountry>לא ידוע</ManufactureCountry>
      <ManufacturerItemDescription>נקה 7 סופטקר שמפו אל דמע</ManufacturerItemDescription>
      <UnitQty>ליטרים</UnitQty>
      <Quantity>1.00</Quantity>
      <UnitOfMeasure>ליטר</UnitOfMeasure>
      <bIsWeighted>0</bIsWeighted>
      <QtyInPackage>1</QtyInPackage>
      <ItemPrice>19.70</ItemPrice>
      <UnitOfMeasurePrice>19.7000</UnitOfMeasurePrice>
      <AllowDiscount>1</AllowDiscount>
      <ItemStatus>1</ItemStatus>
      <ItemId>24646</ItemId>
    </Item>
    <Item>
      <PriceUpdateDate>2015-10-04 10:17:36</PriceUpdateDate>
      <ItemCode>7290010378517</ItemCode>
      <ItemType>1</ItemType>
      <ItemName>נקה 7 סופטקר ת.רחצה+</ItemName>
      <ManufacturerName>אמיליה קוסמטיקס</ManufacturerName>
      <ManufactureCountry>לא ידוע</ManufactureCountry>
      <ManufacturerItemDescription>נקה 7 סופטקר ת.רחצה+ויטמין            E</ManufacturerItemDescription>
      <UnitQty>ליטרים</UnitQty>
      <Quantity>1.00</Quantity>
      <UnitOfMeasure>ליטר</UnitOfMeasure>
      <bIsWeighted>0</bIsWeighted>
      <QtyInPackage>1</QtyInPackage>
      <ItemPrice>19.70</ItemPrice>
      <UnitOfMeasurePrice>19.7000</UnitOfMeasurePrice>
      <AllowDiscount>1</AllowDiscount>
      <ItemStatus>1</ItemStatus>
      <ItemId>24647</ItemId>
    </Item>
    <Item>
      <PriceUpdateDate>2015-10-04 10:17:23</PriceUpdateDate>
      <ItemCode>7290014855120</ItemCode>
      <ItemType>1</ItemType>
      <ItemName>תחבושות טופ פד נייט+</ItemName>
      <ManufacturerName>dpl תעשיות מוצרים חד</ManufacturerName>
      <ManufactureCountry>ישראל</ManufactureCountry>
      <ManufacturerItemDescription>תחבושות טופ פד נייט 22  יח</ManufacturerItemDescription>
      <UnitQty>Unknown </UnitQty>
      <Quantity>0.00</Quantity>
      <UnitOfMeasure>Unknown </UnitOfMeasure>
      <bIsWeighted>0</bIsWeighted>
      <QtyInPackage>1</QtyInPackage>
      <ItemPrice>12.80</ItemPrice>
      <UnitOfMeasurePrice>0.0000</UnitOfMeasurePrice>
      <AllowDiscount>1</AllowDiscount>
      <ItemStatus>1</ItemStatus>
      <ItemId>98583</ItemId>
    </Item>
    <Item>
      <PriceUpdateDate>2015-10-04 10:18:19</PriceUpdateDate>
      <ItemCode>3046920028370</ItemCode>
      <ItemType>1</ItemType>
      <ItemName>שוקולד אקסלנס תפוז</ItemName>
      <ManufacturerName>לינדט</ManufacturerName>
      <ManufactureCountry>שוויץ</ManufactureCountry>
      <ManufacturerItemDescription>שוקולד לינדט אקסלנס תפוז100 גר</ManufacturerItemDescription>
      <UnitQty>גרמים</UnitQty>
      <Quantity>100.00</Quantity>
      <UnitOfMeasure>100 גרם</UnitOfMeasure>
      <bIsWeighted>0</bIsWeighted>
      <QtyInPackage>1</QtyInPackage>
      <ItemPrice>17.30</ItemPrice>
      <UnitOfMeasurePrice>17.3000</UnitOfMeasurePrice>
      <AllowDiscount>1</AllowDiscount>
      <ItemStatus>1</ItemStatus>
      <ItemId>24796</ItemId>
    </Item>
    <Item>
      <PriceUpdateDate>2015-01-01 00:00:00</PriceUpdateDate>
      <ItemCode>7290000208084</ItemCode>
      <ItemType>1</ItemType>
      <ItemName>אפונה בינונית יכין</ItemName>
      <ManufacturerName>זנלכל בע"מ</ManufacturerName>
      <ManufactureCountry>ישראל</ManufactureCountry>
      <ManufacturerItemDescription>אפונה בינונית560 גר .יכין</ManufacturerItemDescription>
      <UnitQty>גרמים</UnitQty>
      <Quantity>560.00</Quantity>
      <UnitOfMeasure>100 גרם</UnitOfMeasure>
      <bIsWeighted>0</bIsWeighted>
      <QtyInPackage>1</QtyInPackage>
      <ItemPrice>9.60</ItemPrice>
      <UnitOfMeasurePrice>1.7143</UnitOfMeasurePrice>
      <AllowDiscount>1</AllowDiscount>
      <ItemStatus>1</ItemStatus>
      <ItemId>25021</ItemId>
    </Item>
    <Item>
      <PriceUpdateDate>2015-10-04 10:19:17</PriceUpdateDate>
      <ItemCode>7290004132552</ItemCode>
      <ItemType>1</ItemType>
      <ItemName>משקה סויה דיאט     .</ItemName>
      <ManufacturerName>תנובה מרכז שיתופי לש</ManufacturerName>
      <ManufactureCountry>ישראל</ManufactureCountry>
      <ManufacturerItemDescription>משקה סויה דיאט 1 ליטר</ManufacturerItemDescription>
      <UnitQty>ליטרים</UnitQty>
      <Quantity>1.00</Quantity>
      <UnitOfMeasure>ליטר</UnitOfMeasure>
      <bIsWeighted>0</bIsWeighted>
      <QtyInPackage>1</QtyInPackage>
      <ItemPrice>11.50</ItemPrice>
      <UnitOfMeasurePrice>11.5000</UnitOfMeasurePrice>
      <AllowDiscount>1</AllowDiscount>
      <ItemStatus>1</ItemStatus>
      <ItemId>25059</ItemId>
    </Item>
    <Item>
      <PriceUpdateDate>2015-10-04 10:17:53</PriceUpdateDate>
      <ItemCode>7290100653586</ItemCode>
      <ItemType>1</ItemType>
      <ItemName>ליידי ספיד סטיק ורוד</ItemName>
      <ManufacturerName>COLGATE ($) -PALMOLI</ManufacturerName>
      <ManufactureCountry>ארצות הברית</ManufactureCountry>
      <ManufacturerItemDescription>ליידי ספיד סטיק 24/7 גל ורוד</ManufacturerItemDescription>
      <UnitQty>Unknown </UnitQty>
      <Quantity>0.00</Quantity>
      <UnitOfMeasure>Unknown </UnitOfMeasure>
      <bIsWeighted>0</bIsWeighted>
      <QtyInPackage>1</QtyInPackage>
      <ItemPrice>29.60</ItemPrice>
      <UnitOfMeasurePrice>0.0000</UnitOfMeasurePrice>
      <AllowDiscount>1</AllowDiscount>
      <ItemStatus>1</ItemStatus>
      <ItemId>25066</ItemId>
    </Item>
    <Item>
      <PriceUpdateDate>2015-01-01 00:00:00</PriceUpdateDate>
      <ItemCode>7290100653593</ItemCode>
      <ItemType>1</ItemType>
      <ItemName>ליידי ספיד סטיק ירוק</ItemName>
      <ManufacturerName>COLGATE ($) -PALMOLI</ManufacturerName>
      <ManufactureCountry>ארצות הברית</ManufactureCountry>
      <ManufacturerItemDescription>ליידי ספיד סטיק 24/7 גל ירוק</ManufacturerItemDescription>
      <UnitQty>Unknown </UnitQty>
      <Quantity>0.00</Quantity>
      <UnitOfMeasure>Unknown </UnitOfMeasure>
      <bIsWeighted>0</bIsWeighted>
      <QtyInPackage>1</QtyInPackage>
      <ItemPrice>29.90</ItemPrice>
      <UnitOfMeasurePrice>0.0000</UnitOfMeasurePrice>
      <AllowDiscount>1</AllowDiscount>
      <ItemStatus>1</ItemStatus>
      <ItemId>25067</ItemId>
    </Item>
    <Item>
      <PriceUpdateDate>2015-10-04 10:19:33</PriceUpdateDate>
      <ItemCode>7290008409124</ItemCode>
      <ItemType>1</ItemType>
      <ItemName>שניצל גונגל מאמא עוף</ItemName>
      <ManufacturerName>תנובה</ManufacturerName>
      <ManufactureCountry>ישראל</ManufactureCountry>
      <ManufacturerItemDescription>שניצל גונגל מאמא עוף 700 גרם</ManufacturerItemDescription>
      <UnitQty>גרמים</UnitQty>
      <Quantity>700.00</Quantity>
      <UnitOfMeasure>100 גרם</UnitOfMeasure>
      <bIsWeighted>0</bIsWeighted>
      <QtyInPackage>1</QtyInPackage>
      <ItemPrice>36.50</ItemPrice>
      <UnitOfMeasurePrice>5.2143</UnitOfMeasurePrice>
      <AllowDiscount>1</AllowDiscount>
      <ItemStatus>1</ItemStatus>
      <ItemId>25193</ItemId>
    </Item>
    <Item>
      <PriceUpdateDate>2016-03-09 13:48:52</PriceUpdateDate>
      <ItemCode>7290000262161</ItemCode>
      <ItemType>1</ItemType>
      <ItemName>נייר טואלט מולט לבבו</ItemName>
      <ManufacturerName>חוגלה קימברלי</ManufacturerName>
      <ManufactureCountry>ישראל</ManufactureCountry>
      <ManufacturerItemDescription>נייר טואלט מולט לבבות              1/40</ManufacturerItemDescription>
      <UnitQty>מטרים</UnitQty>
      <Quantity>73600.00</Quantity>
      <UnitOfMeasure>מטר</UnitOfMeasure>
      <bIsWeighted>0</bIsWeighted>
      <QtyInPackage>1</QtyInPackage>
      <ItemPrice>39.30</ItemPrice>
      <UnitOfMeasurePrice>0.0005</UnitOfMeasurePrice>
      <AllowDiscount>1</AllowDiscount>
      <ItemStatus>1</ItemStatus>
      <ItemId>25412</ItemId>
    </Item>
    <Item>
      <PriceUpdateDate>2015-05-19 16:41:39</PriceUpdateDate>
      <ItemCode>5906485301012</ItemCode>
      <ItemType>1</ItemType>
      <ItemName>משקה אנרגיה      XL</ItemName>
      <ManufacturerName>טמפו</ManufacturerName>
      <ManufactureCountry>ישראל</ManufactureCountry>
      <ManufacturerItemDescription>משקה אנרגיה XL מל                  250</ManufacturerItemDescription>
      <UnitQty>מיליליטרים</UnitQty>
      <Quantity>250.00</Quantity>
      <UnitOfMeasure>100 מ"ל</UnitOfMeasure>
      <bIsWeighted>0</bIsWeighted>
      <QtyInPackage>1</QtyInPackage>
      <ItemPrice>5.20</ItemPrice>
      <UnitOfMeasurePrice>2.0800</UnitOfMeasurePrice>
      <AllowDiscount>1</AllowDiscount>
      <ItemStatus>1</ItemStatus>
      <ItemId>25560</ItemId>
    </Item>
    <Item>
      <PriceUpdateDate>2015-06-15 14:25:27</PriceUpdateDate>
      <ItemCode>7290102393169</ItemCode>
      <ItemType>1</ItemType>
      <ItemName>יוגורט סימפלי תות</ItemName>
      <ManufacturerName>טרה</ManufacturerName>
      <ManufactureCountry>ישראל</ManufactureCountry>
      <ManufacturerItemDescription>יוגורט סימפלי תות 150 3% גרם</ManufacturerItemDescription>
      <UnitQty>גרמים</UnitQty>
      <Quantity>150.00</Quantity>
      <UnitOfMeasure>100 גרם</UnitOfMeasure>
      <bIsWeighted>0</bIsWeighted>
      <QtyInPackage>1</QtyInPackage>
      <ItemPrice>4.90</ItemPrice>
      <UnitOfMeasurePrice>3.2667</UnitOfMeasurePrice>
      <AllowDiscount>1</AllowDiscount>
      <ItemStatus>1</ItemStatus>
      <ItemId>70130</ItemId>
    </Item>
    <Item>
      <PriceUpdateDate>2015-10-04 10:18:34</PriceUpdateDate>
      <ItemCode>7290000416854</ItemCode>
      <ItemType>1</ItemType>
      <ItemName>קקאו השחר העולה</ItemName>
      <ManufacturerName>השחר</ManufacturerName>
      <ManufactureCountry>ישראל</ManufactureCountry>
      <ManufacturerItemDescription>קקאו השחר העולה150 גר                  .</ManufacturerItemDescription>
      <UnitQty>גרמים</UnitQty>
      <Quantity>150.00</Quantity>
      <UnitOfMeasure>100 גרם</UnitOfMeasure>
      <bIsWeighted>0</bIsWeighted>
      <QtyInPackage>1</QtyInPackage>
      <ItemPrice>10.90</ItemPrice>
      <UnitOfMeasurePrice>7.2667</UnitOfMeasurePrice>
      <AllowDiscount>1</AllowDiscount>
      <ItemStatus>1</ItemStatus>
      <ItemId>25722</ItemId>
    </Item>
    <Item>
      <PriceUpdateDate>2015-10-04 10:16:45</PriceUpdateDate>
      <ItemCode>7290010429301</ItemCode>
      <ItemType>1</ItemType>
      <ItemName>מעדן תות 100% פרי</ItemName>
      <ManufacturerName>בית אל מזון בע"מ</ManufacturerName>
      <ManufactureCountry>ישראל</ManufactureCountry>
      <ManufacturerItemDescription>מעדן תות 100% פרי 250 גרם</ManufacturerItemDescription>
      <UnitQty>גרמים</UnitQty>
      <Quantity>250.00</Quantity>
      <UnitOfMeasure>100 גרם</UnitOfMeasure>
      <bIsWeighted>0</bIsWeighted>
      <QtyInPackage>1</QtyInPackage>
      <ItemPrice>14.20</ItemPrice>
      <UnitOfMeasurePrice>5.6800</UnitOfMeasurePrice>
      <AllowDiscount>1</AllowDiscount>
      <ItemStatus>1</ItemStatus>
      <ItemId>25733</ItemId>
    </Item>
    <Item>
      <PriceUpdateDate>2015-10-04 10:18:55</PriceUpdateDate>
      <ItemCode>7290014789814</ItemCode>
      <ItemType>1</ItemType>
      <ItemName>רוטב ברביקיו אורגינל</ItemName>
      <ManufacturerName>היינץ צפון אמריקה מק</ManufacturerName>
      <ManufactureCountry>ארצות הברית</ManufactureCountry>
      <ManufacturerItemDescription>רוטב ברביקיו אורגינל היינץ</ManufacturerItemDescription>
      <UnitQty>גרמים</UnitQty>
      <Quantity>538.00</Quantity>
      <UnitOfMeasure>100 גרם</UnitOfMeasure>
      <bIsWeighted>0</bIsWeighted>
      <QtyInPackage>1</QtyInPackage>
      <ItemPrice>15.70</ItemPrice>
      <UnitOfMeasurePrice>2.9182</UnitOfMeasurePrice>
      <AllowDiscount>1</AllowDiscount>
      <ItemStatus>1</ItemStatus>
      <ItemId>92431</ItemId>
    </Item>
    <Item>
      <PriceUpdateDate>2015-10-04 10:16:45</PriceUpdateDate>
      <ItemCode>7290010429318</ItemCode>
      <ItemType>1</ItemType>
      <ItemName>מעדן פירות יער 100%</ItemName>
      <ManufacturerName>בית אל מזון בע"מ</ManufacturerName>
      <ManufactureCountry>ישראל</ManufactureCountry>
      <ManufacturerItemDescription>מעדן פירות יער 100% פרי 250 גר</ManufacturerItemDescription>
      <UnitQty>גרמים</UnitQty>
      <Quantity>250.00</Quantity>
      <UnitOfMeasure>100 גרם</UnitOfMeasure>
      <bIsWeighted>0</bIsWeighted>
      <QtyInPackage>1</QtyInPackage>
      <ItemPrice>14.20</ItemPrice>
      <UnitOfMeasurePrice>5.6800</UnitOfMeasurePrice>
      <AllowDiscount>1</AllowDiscount>
      <ItemStatus>1</ItemStatus>
      <ItemId>25734</ItemId>
    </Item>
    <Item>
      <PriceUpdateDate>2015-06-15 14:25:27</PriceUpdateDate>
      <ItemCode>7290102393176</ItemCode>
      <ItemType>1</ItemType>
      <ItemName>יוגורט סימפלי אפרסק</ItemName>
      <ManufacturerName>טרה</ManufacturerName>
      <ManufactureCountry>ישראל</ManufactureCountry>
      <ManufacturerItemDescription>יוגורט סימפלי אפרסק 150 3% גרם</ManufacturerItemDescription>
      <UnitQty>גרמים</UnitQty>
      <Quantity>150.00</Quantity>
      <UnitOfMeasure>100 גרם</UnitOfMeasure>
      <bIsWeighted>0</bIsWeighted>
      <QtyInPackage>1</QtyInPackage>
      <ItemPrice>4.90</ItemPrice>
      <UnitOfMeasurePrice>3.2667</UnitOfMeasurePrice>
      <AllowDiscount>1</AllowDiscount>
      <ItemStatus>1</ItemStatus>
      <ItemId>70131</ItemId>
    </Item>
    <Item>
      <PriceUpdateDate>2015-08-03 07:56:02</PriceUpdateDate>
      <ItemCode>7290004131531</ItemCode>
      <ItemType>1</ItemType>
      <ItemName>שוקו תנובה 1 ליטר</ItemName>
      <ManufacturerName>תנובה מרכז שיתופי לש</ManufacturerName>
      <ManufactureCountry>ישראל</ManufactureCountry>
      <ManufacturerItemDescription>שוקו תנובה בקבוק 1 ליטר</ManufacturerItemDescription>
      <UnitQty>ליטרים</UnitQty>
      <Quantity>1.00</Quantity>
      <UnitOfMeasure>ליטר</UnitOfMeasure>
      <bIsWeighted>0</bIsWeighted>
      <QtyInPackage>1</QtyInPackage>
      <ItemPrice>12.60</ItemPrice>
      <UnitOfMeasurePrice>12.6000</UnitOfMeasurePrice>
      <AllowDiscount>1</AllowDiscount>
      <ItemStatus>1</ItemStatus>
      <ItemId>28233</ItemId>
    </Item>
    <Item>
      <PriceUpdateDate>2015-10-04 10:16:57</PriceUpdateDate>
      <ItemCode>7290000124841</ItemCode>
      <ItemType>1</ItemType>
      <ItemName>שוקולד חלב בדצ</ItemName>
      <ManufacturerName>יוניליוור</ManufacturerName>
      <ManufactureCountry>ישראל</ManufactureCountry>
      <ManufacturerItemDescription>שוקולד חלב 300 גר "מארז בד"צ</ManufacturerItemDescription>
      <UnitQty>גרמים</UnitQty>
      <Quantity>300.00</Quantity>
      <UnitOfMeasure>100 גרם</UnitOfMeasure>
      <bIsWeighted>0</bIsWeighted>
      <QtyInPackage>1</QtyInPackage>
      <ItemPrice>18.70</ItemPrice>
      <UnitOfMeasurePrice>6.2333</UnitOfMeasurePrice>
      <AllowDiscount>1</AllowDiscount>
      <ItemStatus>1</ItemStatus>
      <ItemId>28246</ItemId>
    </Item>
    <Item>
      <PriceUpdateDate>2015-08-14 09:03:44</PriceUpdateDate>
      <ItemCode>7290002008019</ItemCode>
      <ItemType>1</ItemType>
      <ItemName>סוכ.לעוגה שוקו</ItemName>
      <ManufacturerName>ממתקי עלה</ManufacturerName>
      <ManufactureCountry>ישראל</ManufactureCountry>
      <ManufacturerItemDescription>סוכריות לעוגה גמבו שוקו 200 גר</ManufacturerItemDescription>
      <UnitQty>גרמים</UnitQty>
      <Quantity>200.00</Quantity>
      <UnitOfMeasure>100 גרם</UnitOfMeasure>
      <bIsWeighted>0</bIsWeighted>
      <QtyInPackage>1</QtyInPackage>
      <ItemPrice>9.40</ItemPrice>
      <UnitOfMeasurePrice>4.7000</UnitOfMeasurePrice>
      <AllowDiscount>1</AllowDiscount>
      <ItemStatus>1</ItemStatus>
      <ItemId>28248</ItemId>
    </Item>
    <Item>
      <PriceUpdateDate>2016-06-07 07:39:52</PriceUpdateDate>
      <ItemCode>8002085001257</ItemCode>
      <ItemType>1</ItemType>
      <ItemName>ציפס קריק קרוק אורגי</ItemName>
      <ManufacturerName>איקה</ManufacturerName>
      <ManufactureCountry>לא ידוע</ManufactureCountry>
      <ManufacturerItemDescription>ציפס קריק קרוק בטעם טבעי 100 גרם</ManufacturerItemDescription>
      <UnitQty>גרמים</UnitQty>
      <Quantity>100.00</Quantity>
      <UnitOfMeasure>100 גרם</UnitOfMeasure>
      <bIsWeighted>0</bIsWeighted>
      <QtyInPackage>1</QtyInPackage>
      <ItemPrice>9.90</ItemPrice>
      <UnitOfMeasurePrice>9.9000</UnitOfMeasurePrice>
      <AllowDiscount>1</AllowDiscount>
      <ItemStatus>1</ItemStatus>
      <ItemId>81092</ItemId>
    </Item>
    <Item>
      <PriceUpdateDate>2015-10-04 10:16:57</PriceUpdateDate>
      <ItemCode>7290000161648</ItemCode>
      <ItemType>1</ItemType>
      <ItemName>חטיף קליק IN במילוי</ItemName>
      <ManufacturerName>אתר צפת חטיפים - Foo</ManufacturerName>
      <ManufactureCountry>ישראל</ManufactureCountry>
      <ManufacturerItemDescription>חטיף קליק IN במילוי קרם חלב</ManufacturerItemDescription>
      <UnitQty>Unknown </UnitQty>
      <Quantity>0.00</Quantity>
      <UnitOfMeasure>Unknown </UnitOfMeasure>
      <bIsWeighted>0</bIsWeighted>
      <QtyInPackage>1</QtyInPackage>
      <ItemPrice>5.80</ItemPrice>
      <UnitOfMeasurePrice>0.0000</UnitOfMeasurePrice>
      <AllowDiscount>1</AllowDiscount>
      <ItemStatus>1</ItemStatus>
      <ItemId>30105</ItemId>
    </Item>
    <Item>
      <PriceUpdateDate>2015-10-04 10:18:27</PriceUpdateDate>
      <ItemCode>7290000189208</ItemCode>
      <ItemType>1</ItemType>
      <ItemName>מטלית הקסם למשטח</ItemName>
      <ManufacturerName>UFO</ManufacturerName>
      <ManufactureCountry>סין</ManufactureCountry>
      <ManufacturerItemDescription>מטלית הקסם ניקול למשטח</ManufacturerItemDescription>
      <UnitQty>Unknown </UnitQty>
      <Quantity>0.00</Quantity>
      <UnitOfMeasure>Unknown </UnitOfMeasure>
      <bIsWeighted>0</bIsWeighted>
      <QtyInPackage>1</QtyInPackage>
      <ItemPrice>8.80</ItemPrice>
      <UnitOfMeasurePrice>0.0000</UnitOfMeasurePrice>
      <AllowDiscount>1</AllowDiscount>
      <ItemStatus>1</ItemStatus>
      <ItemId>30107</ItemId>
    </Item>
    <Item>
      <PriceUpdateDate>2015-10-04 10:17:23</PriceUpdateDate>
      <ItemCode>8858271004126</ItemCode>
      <ItemType>1</ItemType>
      <ItemName>רוטב חמוץ מתוק</ItemName>
      <ManufacturerName>יאן וואל יאן</ManufacturerName>
      <ManufactureCountry>תאילנד</ManufactureCountry>
      <ManufacturerItemDescription>רוטב חמוץ מתוק 700 מל</ManufacturerItemDescription>
      <UnitQty>מיליליטרים</UnitQty>
      <Quantity>700.00</Quantity>
      <UnitOfMeasure>100 מ"ל</UnitOfMeasure>
      <bIsWeighted>0</bIsWeighted>
      <QtyInPackage>1</QtyInPackage>
      <ItemPrice>16.30</ItemPrice>
      <UnitOfMeasurePrice>2.3286</UnitOfMeasurePrice>
      <AllowDiscount>1</AllowDiscount>
      <ItemStatus>1</ItemStatus>
      <ItemId>99236</ItemId>
    </Item>
    <Item>
      <PriceUpdateDate>2016-01-20 15:51:55</PriceUpdateDate>
      <ItemCode>7290010719013</ItemCode>
      <ItemType>1</ItemType>
      <ItemName>שמן זית כתית מעולה</ItemName>
      <ManufacturerName>משק אחיה</ManufacturerName>
      <ManufactureCountry>ישראל</ManufactureCountry>
      <ManufacturerItemDescription>שמן זית כתית מעולה 750 מ"ל</ManufacturerItemDescription>
      <UnitQty>מיליליטרים</UnitQty>
      <Quantity>750.00</Quantity>
      <UnitOfMeasure>100 מ"ל</UnitOfMeasure>
      <bIsWeighted>0</bIsWeighted>
      <QtyInPackage>1</QtyInPackage>
      <ItemPrice>42.90</ItemPrice>
      <UnitOfMeasurePrice>5.7200</UnitOfMeasurePrice>
      <AllowDiscount>1</AllowDiscount>
      <ItemStatus>1</ItemStatus>
      <ItemId>30236</ItemId>
    </Item>
    <Item>
      <PriceUpdateDate>2015-07-26 09:40:13</PriceUpdateDate>
      <ItemCode>7290010045006</ItemCode>
      <ItemType>1</ItemType>
      <ItemName>עוגיות חמאה פריכות</ItemName>
      <ManufacturerName>קונדיטוריות לחמי</ManufacturerName>
      <ManufactureCountry>ישראל</ManufactureCountry>
      <ManufacturerItemDescription>עוגיות חמאה פריכות280 גר</ManufacturerItemDescription>
      <UnitQty>גרמים</UnitQty>
      <Quantity>250.00</Quantity>
      <UnitOfMeasure>100 גרם</UnitOfMeasure>
      <bIsWeighted>0</bIsWeighted>
      <QtyInPackage>1</QtyInPackage>
      <ItemPrice>19.90</ItemPrice>
      <UnitOfMeasurePrice>7.9600</UnitOfMeasurePrice>
      <AllowDiscount>1</AllowDiscount>
      <ItemStatus>1</ItemStatus>
      <ItemId>30391</ItemId>
    </Item>
    <Item>
      <PriceUpdateDate>2015-10-04 10:17:06</PriceUpdateDate>
      <ItemCode>7290010045013</ItemCode>
      <ItemType>1</ItemType>
      <ItemName>עוגיות חמאה צרפתיות</ItemName>
      <ManufacturerName>קונדיטוריות לחמי</ManufacturerName>
      <ManufactureCountry>ישראל</ManufactureCountry>
      <ManufacturerItemDescription>עוגיות חמאה צרפתיות 280 גר</ManufacturerItemDescription>
      <UnitQty>גרמים</UnitQty>
      <Quantity>280.00</Quantity>
      <UnitOfMeasure>100 גרם</UnitOfMeasure>
      <bIsWeighted>0</bIsWeighted>
      <QtyInPackage>1</QtyInPackage>
      <ItemPrice>19.70</ItemPrice>
      <UnitOfMeasurePrice>7.0357</UnitOfMeasurePrice>
      <AllowDiscount>1</AllowDiscount>
      <ItemStatus>1</ItemStatus>
      <ItemId>30392</ItemId>
    </Item>
    <Item>
      <PriceUpdateDate>2015-01-01 00:00:00</PriceUpdateDate>
      <ItemCode>7290012309939</ItemCode>
      <ItemType>1</ItemType>
      <ItemName>חלבה מסולסלת 500 גר</ItemName>
      <ManufacturerName>חפז עקר</ManufacturerName>
      <ManufactureCountry>ישראל</ManufactureCountry>
      <ManufacturerItemDescription>חלבה מסולסלת 500 גר</ManufacturerItemDescription>
      <UnitQty>גרמים</UnitQty>
      <Quantity>500.00</Quantity>
      <UnitOfMeasure>100 גרם</UnitOfMeasure>
      <bIsWeighted>0</bIsWeighted>
      <QtyInPackage>1</QtyInPackage>
      <ItemPrice>16.70</ItemPrice>
      <UnitOfMeasurePrice>3.3400</UnitOfMeasurePrice>
      <AllowDiscount>1</AllowDiscount>
      <ItemStatus>1</ItemStatus>
      <ItemId>95721</ItemId>
    </Item>
    <Item>
      <PriceUpdateDate>2015-07-26 09:40:13</PriceUpdateDate>
      <ItemCode>7290010045037</ItemCode>
      <ItemType>1</ItemType>
      <ItemName>עוגיות שוקולד ציפס</ItemName>
      <ManufacturerName>קונדיטוריות לחמי</ManufacturerName>
      <ManufactureCountry>ישראל</ManufactureCountry>
      <ManufacturerItemDescription>עוגיות שוקולד ציפס 250 גר</ManufacturerItemDescription>
      <UnitQty>גרמים</UnitQty>
      <Quantity>250.00</Quantity>
      <UnitOfMeasure>100 גרם</UnitOfMeasure>
      <bIsWeighted>0</bIsWeighted>
      <QtyInPackage>1</QtyInPackage>
      <ItemPrice>19.90</ItemPrice>
      <UnitOfMeasurePrice>7.9600</UnitOfMeasurePrice>
      <AllowDiscount>1</AllowDiscount>
      <ItemStatus>1</ItemStatus>
      <ItemId>30394</ItemId>
    </Item>
    <Item>
      <PriceUpdateDate>2015-07-26 09:40:13</PriceUpdateDate>
      <ItemCode>7290010045051</ItemCode>
      <ItemType>1</ItemType>
      <ItemName>עוגיות מלבן שקדים</ItemName>
      <ManufacturerName>קונדיטוריות לחמי</ManufacturerName>
      <ManufactureCountry>ישראל</ManufactureCountry>
      <ManufacturerItemDescription>עוגיות מלבן שקדים 280 גר</ManufacturerItemDescription>
      <UnitQty>גרמים</UnitQty>
      <Quantity>280.00</Quantity>
      <UnitOfMeasure>100 גרם</UnitOfMeasure>
      <bIsWeighted>0</bIsWeighted>
      <QtyInPackage>1</QtyInPackage>
      <ItemPrice>19.90</ItemPrice>
      <UnitOfMeasurePrice>7.1071</UnitOfMeasurePrice>
      <AllowDiscount>1</AllowDiscount>
      <ItemStatus>1</ItemStatus>
      <ItemId>30396</ItemId>
    </Item>
    <Item>
      <PriceUpdateDate>2015-10-04 10:17:06</PriceUpdateDate>
      <ItemCode>7290010045068</ItemCode>
      <ItemType>1</ItemType>
      <ItemName>עוגיות הנסיכה</ItemName>
      <ManufacturerName>קונדיטוריות לחמי</ManufacturerName>
      <ManufactureCountry>ישראל</ManufactureCountry>
      <ManufacturerItemDescription>עוגיות הנסיכה 250 גר</ManufacturerItemDescription>
      <UnitQty>גרמים</UnitQty>
      <Quantity>250.00</Quantity>
      <UnitOfMeasure>100 גרם</UnitOfMeasure>
      <bIsWeighted>0</bIsWeighted>
      <QtyInPackage>1</QtyInPackage>
      <ItemPrice>19.70</ItemPrice>
      <UnitOfMeasurePrice>7.8800</UnitOfMeasurePrice>
      <AllowDiscount>1</AllowDiscount>
      <ItemStatus>1</ItemStatus>
      <ItemId>30397</ItemId>
    </Item>
    <Item>
      <PriceUpdateDate>2015-10-04 10:19:17</PriceUpdateDate>
      <ItemCode>7290004132507</ItemCode>
      <ItemType>1</ItemType>
      <ItemName>יופלה דגנים מצופים מ</ItemName>
      <ManufacturerName>תנובה מרכז שיתופי לש</ManufacturerName>
      <ManufactureCountry>ישראל</ManufactureCountry>
      <ManufacturerItemDescription>יופלה דגנים מצופים מכסה מעל          170</ManufacturerItemDescription>
      <UnitQty>גרמים</UnitQty>
      <Quantity>170.00</Quantity>
      <UnitOfMeasure>100 גרם</UnitOfMeasure>
      <bIsWeighted>0</bIsWeighted>
      <QtyInPackage>1</QtyInPackage>
      <ItemPrice>5.70</ItemPrice>
      <UnitOfMeasurePrice>3.3529</UnitOfMeasurePrice>
      <AllowDiscount>1</AllowDiscount>
      <ItemStatus>1</ItemStatus>
      <ItemId>30555</ItemId>
    </Item>
    <Item>
      <PriceUpdateDate>2015-08-03 07:56:02</PriceUpdateDate>
      <ItemCode>7290004133108</ItemCode>
      <ItemType>1</ItemType>
      <ItemName>יופלה לבן+1.5% גרנול</ItemName>
      <ManufacturerName>תנובה מרכז שיתופי לש</ManufacturerName>
      <ManufactureCountry>ישראל</ManufactureCountry>
      <ManufacturerItemDescription>יופלה לבן+1.5% גרנולה מכסה          150</ManufacturerItemDescription>
      <UnitQty>גרמים</UnitQty>
      <Quantity>150.00</Quantity>
      <UnitOfMeasure>100 גרם</UnitOfMeasure>
      <bIsWeighted>0</bIsWeighted>
      <QtyInPackage>1</QtyInPackage>
      <ItemPrice>5.50</ItemPrice>
      <UnitOfMeasurePrice>3.6667</UnitOfMeasurePrice>
      <AllowDiscount>1</AllowDiscount>
      <ItemStatus>1</ItemStatus>
      <ItemId>30556</ItemId>
    </Item>
    <Item>
      <PriceUpdateDate>2015-01-01 00:00:00</PriceUpdateDate>
      <ItemCode>7290100680728</ItemCode>
      <ItemType>1</ItemType>
      <ItemName>פירורית רגילה</ItemName>
      <ManufacturerName>אסם</ManufacturerName>
      <ManufactureCountry>ישראל</ManufactureCountry>
      <ManufacturerItemDescription>פירורית רגילה 350  גר</ManufacturerItemDescription>
      <UnitQty>גרמים</UnitQty>
      <Quantity>350.00</Quantity>
      <UnitOfMeasure>100 גרם</UnitOfMeasure>
      <bIsWeighted>0</bIsWeighted>
      <QtyInPackage>1</QtyInPackage>
      <ItemPrice>8.40</ItemPrice>
      <UnitOfMeasurePrice>2.4000</UnitOfMeasurePrice>
      <AllowDiscount>1</AllowDiscount>
      <ItemStatus>1</ItemStatus>
      <ItemId>31201</ItemId>
    </Item>
    <Item>
      <PriceUpdateDate>2015-08-12 10:24:39</PriceUpdateDate>
      <ItemCode>7290100684146</ItemCode>
      <ItemType>1</ItemType>
      <ItemName>פסטה אסם גלגלים</ItemName>
      <ManufacturerName>זארה</ManufacturerName>
      <ManufactureCountry>איטליה</ManufactureCountry>
      <ManufacturerItemDescription>פסטה אסם גלגלים 500 גרם</ManufacturerItemDescription>
      <UnitQty>גרמים</UnitQty>
      <Quantity>500.00</Quantity>
      <UnitOfMeasure>100 גרם</UnitOfMeasure>
      <bIsWeighted>0</bIsWeighted>
      <QtyInPackage>1</QtyInPackage>
      <ItemPrice>5.90</ItemPrice>
      <UnitOfMeasurePrice>1.1800</UnitOfMeasurePrice>
      <AllowDiscount>1</AllowDiscount>
      <ItemStatus>1</ItemStatus>
      <ItemId>31252</ItemId>
    </Item>
    <Item>
      <PriceUpdateDate>2016-02-29 14:52:29</PriceUpdateDate>
      <ItemCode>7290015597265</ItemCode>
      <ItemType>1</ItemType>
      <ItemName>גלידת לוטוס 1 ליטר</ItemName>
      <ManufacturerName>גלידות שטראוס</ManufacturerName>
      <ManufactureCountry>ישראל</ManufactureCountry>
      <ManufacturerItemDescription>גלידת לוטוס 1 ליטר</ManufacturerItemDescription>
      <UnitQty>ליטרים</UnitQty>
      <Quantity>1.00</Quantity>
      <UnitOfMeasure>ליטר</UnitOfMeasure>
      <bIsWeighted>0</bIsWeighted>
      <QtyInPackage>1</QtyInPackage>
      <ItemPrice>22.90</ItemPrice>
      <UnitOfMeasurePrice>22.9000</UnitOfMeasurePrice>
      <AllowDiscount>1</AllowDiscount>
      <ItemStatus>1</ItemStatus>
      <ItemId>108446</ItemId>
    </Item>
    <Item>
      <PriceUpdateDate>2016-05-11 08:02:23</PriceUpdateDate>
      <ItemCode>4002448019480</ItemCode>
      <ItemType>1</ItemType>
      <ItemName>מסיר שומנים סיליט</ItemName>
      <ManufacturerName>סיליט</ManufacturerName>
      <ManufactureCountry>פולין</ManufactureCountry>
      <ManufacturerItemDescription>סיליט באנג מסיר שומנים 750 מ"ל</ManufacturerItemDescription>
      <UnitQty>מיליליטרים</UnitQty>
      <Quantity>750.00</Quantity>
      <UnitOfMeasure>100 מ"ל</UnitOfMeasure>
      <bIsWeighted>0</bIsWeighted>
      <QtyInPackage>1</QtyInPackage>
      <ItemPrice>22.50</ItemPrice>
      <UnitOfMeasurePrice>3.0000</UnitOfMeasurePrice>
      <AllowDiscount>1</AllowDiscount>
      <ItemStatus>1</ItemStatus>
      <ItemId>31394</ItemId>
    </Item>
    <Item>
      <PriceUpdateDate>2015-01-01 00:00:00</PriceUpdateDate>
      <ItemCode>42123873</ItemCode>
      <ItemType>1</ItemType>
      <ItemName>אורביט פרופשיונל ספי</ItemName>
      <ManufacturerName>ריגלי</ManufacturerName>
      <ManufactureCountry>פולין</ManufactureCountry>
      <ManufacturerItemDescription>אורביט פרופשיונל ספירמינט</ManufacturerItemDescription>
      <UnitQty>Unknown </UnitQty>
      <Quantity>0.00</Quantity>
      <UnitOfMeasure>Unknown </UnitOfMeasure>
      <bIsWeighted>0</bIsWeighted>
      <QtyInPackage>1</QtyInPackage>
      <ItemPrice>3.50</ItemPrice>
      <UnitOfMeasurePrice>0.0000</UnitOfMeasurePrice>
      <AllowDiscount>1</AllowDiscount>
      <ItemStatus>1</ItemStatus>
      <ItemId>31433</ItemId>
    </Item>
    <Item>
      <PriceUpdateDate>2015-10-04 10:16:45</PriceUpdateDate>
      <ItemCode>7290010429554</ItemCode>
      <ItemType>1</ItemType>
      <ItemName>שמן זית כתית מעולה2</ItemName>
      <ManufacturerName>שטראוס גרופ</ManufacturerName>
      <ManufactureCountry>ישראל</ManufactureCountry>
      <ManufacturerItemDescription>שמן זית כתית מעולה2 קלאסי</ManufacturerItemDescription>
      <UnitQty>מיליליטרים</UnitQty>
      <Quantity>750.00</Quantity>
      <UnitOfMeasure>100 מ"ל</UnitOfMeasure>
      <bIsWeighted>0</bIsWeighted>
      <QtyInPackage>1</QtyInPackage>
      <ItemPrice>39.50</ItemPrice>
      <UnitOfMeasurePrice>5.2667</UnitOfMeasurePrice>
      <AllowDiscount>1</AllowDiscount>
      <ItemStatus>1</ItemStatus>
      <ItemId>31435</ItemId>
    </Item>
    <Item>
      <PriceUpdateDate>2015-10-04 10:18:15</PriceUpdateDate>
      <ItemCode>7290010945146</ItemCode>
      <ItemType>1</ItemType>
      <ItemName>קוטג מועשר       3%</ItemName>
      <ManufacturerName>טרה</ManufacturerName>
      <ManufactureCountry>ישראל</ManufactureCountry>
      <ManufacturerItemDescription>קוטג מועשר 250 3% גרם</ManufacturerItemDescription>
      <UnitQty>גרמים</UnitQty>
      <Quantity>250.00</Quantity>
      <UnitOfMeasure>100 גרם</UnitOfMeasure>
      <bIsWeighted>0</bIsWeighted>
      <QtyInPackage>1</QtyInPackage>
      <ItemPrice>6.10</ItemPrice>
      <UnitOfMeasurePrice>2.4400</UnitOfMeasurePrice>
      <AllowDiscount>1</AllowDiscount>
      <ItemStatus>1</ItemStatus>
      <ItemId>31436</ItemId>
    </Item>
    <Item>
      <PriceUpdateDate>2015-10-04 10:19:25</PriceUpdateDate>
      <ItemCode>7804414001621</ItemCode>
      <ItemType>1</ItemType>
      <ItemName>יין קזה דה לואיג"י ש</ItemName>
      <ManufacturerName>יקב</ManufacturerName>
      <ManufactureCountry>צ'ילה (AACR)</ManufactureCountry>
      <ManufacturerItemDescription>יין קזה דה לואיגי שיראז</ManufacturerItemDescription>
      <UnitQty>מיליליטרים</UnitQty>
      <Quantity>750.00</Quantity>
      <UnitOfMeasure>100 מ"ל</UnitOfMeasure>
      <bIsWeighted>0</bIsWeighted>
      <QtyInPackage>1</QtyInPackage>
      <ItemPrice>33.80</ItemPrice>
      <UnitOfMeasurePrice>4.5067</UnitOfMeasurePrice>
      <AllowDiscount>1</AllowDiscount>
      <ItemStatus>1</ItemStatus>
      <ItemId>31443</ItemId>
    </Item>
    <Item>
      <PriceUpdateDate>2015-06-15 14:25:27</PriceUpdateDate>
      <ItemCode>7290102393190</ItemCode>
      <ItemType>1</ItemType>
      <ItemName>יוגורט סימפלי פירות</ItemName>
      <ManufacturerName>טרה</ManufacturerName>
      <ManufactureCountry>ישראל</ManufactureCountry>
      <ManufacturerItemDescription>יוגורט סימפלי פירות יער          150 3%</ManufacturerItemDescription>
      <UnitQty>גרמים</UnitQty>
      <Quantity>150.00</Quantity>
      <UnitOfMeasure>100 גרם</UnitOfMeasure>
      <bIsWeighted>0</bIsWeighted>
      <QtyInPackage>1</QtyInPackage>
      <ItemPrice>4.90</ItemPrice>
      <UnitOfMeasurePrice>3.2667</UnitOfMeasurePrice>
      <AllowDiscount>1</AllowDiscount>
      <ItemStatus>1</ItemStatus>
      <ItemId>70133</ItemId>
    </Item>
    <Item>
      <PriceUpdateDate>2015-01-01 00:00:00</PriceUpdateDate>
      <ItemCode>7290002868996</ItemCode>
      <ItemType>1</ItemType>
      <ItemName>קוטג מועשר       5%</ItemName>
      <ManufacturerName>טרה</ManufacturerName>
      <ManufactureCountry>ישראל</ManufactureCountry>
      <ManufacturerItemDescription>קוטג מועשר 250 5% גרם</ManufacturerItemDescription>
      <UnitQty>גרמים</UnitQty>
      <Quantity>250.00</Quantity>
      <UnitOfMeasure>100 גרם</UnitOfMeasure>
      <bIsWeighted>0</bIsWeighted>
      <QtyInPackage>1</QtyInPackage>
      <ItemPrice>5.80</ItemPrice>
      <UnitOfMeasurePrice>2.3200</UnitOfMeasurePrice>
      <AllowDiscount>1</AllowDiscount>
      <ItemStatus>1</ItemStatus>
      <ItemId>31550</ItemId>
    </Item>
    <Item>
      <PriceUpdateDate>2015-08-27 12:55:46</PriceUpdateDate>
      <ItemCode>7290100659106</ItemCode>
      <ItemType>1</ItemType>
      <ItemName>מאגדת חטיף בוטנים</ItemName>
      <ManufacturerName>טבעית מוצרים מן הטבע</ManufacturerName>
      <ManufactureCountry>לא ידוע</ManufactureCountry>
      <ManufacturerItemDescription>מאגדת חטיף בוטנים ללא סוכר</ManufacturerItemDescription>
      <UnitQty>גרמים</UnitQty>
      <Quantity>120.00</Quantity>
      <UnitOfMeasure>100 גרם</UnitOfMeasure>
      <bIsWeighted>0</bIsWeighted>
      <QtyInPackage>1</QtyInPackage>
      <ItemPrice>17.40</ItemPrice>
      <UnitOfMeasurePrice>14.5000</UnitOfMeasurePrice>
      <AllowDiscount>1</AllowDiscount>
      <ItemStatus>1</ItemStatus>
      <ItemId>31629</ItemId>
    </Item>
    <Item>
      <PriceUpdateDate>2015-10-04 10:19:18</PriceUpdateDate>
      <ItemCode>7290004132699</ItemCode>
      <ItemType>1</ItemType>
      <ItemName>ממרח חמאה מוקצף</ItemName>
      <ManufacturerName>תנובה מרכז שיתופי לש</ManufacturerName>
      <ManufactureCountry>ישראל</ManufactureCountry>
      <ManufacturerItemDescription>ממרח חמאה מוקצף 140 גרם</ManufacturerItemDescription>
      <UnitQty>גרמים</UnitQty>
      <Quantity>140.00</Quantity>
      <UnitOfMeasure>100 גרם</UnitOfMeasure>
      <bIsWeighted>0</bIsWeighted>
      <QtyInPackage>1</QtyInPackage>
      <ItemPrice>9.50</ItemPrice>
      <UnitOfMeasurePrice>6.7857</UnitOfMeasurePrice>
      <AllowDiscount>1</AllowDiscount>
      <ItemStatus>1</ItemStatus>
      <ItemId>31715</ItemId>
    </Item>
    <Item>
      <PriceUpdateDate>2016-01-17 13:33:11</PriceUpdateDate>
      <ItemCode>7290003029815</ItemCode>
      <ItemType>1</ItemType>
      <ItemName>חלב מועשר        3%</ItemName>
      <ManufacturerName>שטראוס גרופ</ManufacturerName>
      <ManufactureCountry>ישראל</ManufactureCountry>
      <ManufacturerItemDescription>חלב מועשר 2 3% ליטר</ManufacturerItemDescription>
      <UnitQty>ליטרים</UnitQty>
      <Quantity>2.00</Quantity>
      <UnitOfMeasure>ליטר</UnitOfMeasure>
      <bIsWeighted>0</bIsWeighted>
      <QtyInPackage>1</QtyInPackage>
      <ItemPrice>16.00</ItemPrice>
      <UnitOfMeasurePrice>8.0000</UnitOfMeasurePrice>
      <AllowDiscount>1</AllowDiscount>
      <ItemStatus>1</ItemStatus>
      <ItemId>31923</ItemId>
    </Item>
    <Item>
      <PriceUpdateDate>2015-10-04 10:16:45</PriceUpdateDate>
      <ItemCode>7290011194246</ItemCode>
      <ItemType>1</ItemType>
      <ItemName>קוטג 5% 250 גרם</ItemName>
      <ManufacturerName>שטראוס גרופ</ManufacturerName>
      <ManufactureCountry>לא ידוע</ManufactureCountry>
      <ManufacturerItemDescription>קוטג 5% 250 גרם</ManufacturerItemDescription>
      <UnitQty>גרמים</UnitQty>
      <Quantity>250.00</Quantity>
      <UnitOfMeasure>100 גרם</UnitOfMeasure>
      <bIsWeighted>0</bIsWeighted>
      <QtyInPackage>1</QtyInPackage>
      <ItemPrice>6.10</ItemPrice>
      <UnitOfMeasurePrice>2.4400</UnitOfMeasurePrice>
      <AllowDiscount>1</AllowDiscount>
      <ItemStatus>1</ItemStatus>
      <ItemId>32203</ItemId>
    </Item>
    <Item>
      <PriceUpdateDate>2015-10-04 10:17:48</PriceUpdateDate>
      <ItemCode>7290100683880</ItemCode>
      <ItemType>1</ItemType>
      <ItemName>תבשיל פירה</ItemName>
      <ManufacturerName>אסם</ManufacturerName>
      <ManufactureCountry>ישראל</ManufactureCountry>
      <ManufacturerItemDescription>תבשיל פירה 260 גרם</ManufacturerItemDescription>
      <UnitQty>גרמים</UnitQty>
      <Quantity>260.00</Quantity>
      <UnitOfMeasure>100 גרם</UnitOfMeasure>
      <bIsWeighted>0</bIsWeighted>
      <QtyInPackage>1</QtyInPackage>
      <ItemPrice>15.20</ItemPrice>
      <UnitOfMeasurePrice>5.8462</UnitOfMeasurePrice>
      <AllowDiscount>1</AllowDiscount>
      <ItemStatus>1</ItemStatus>
      <ItemId>32360</ItemId>
    </Item>
    <Item>
      <PriceUpdateDate>2015-08-12 10:24:39</PriceUpdateDate>
      <ItemCode>7290100684764</ItemCode>
      <ItemType>1</ItemType>
      <ItemName>במבה על סרט</ItemName>
      <ManufacturerName>אסם</ManufacturerName>
      <ManufactureCountry>ישראל</ManufactureCountry>
      <ManufacturerItemDescription>במבה על סרט 25 גר</ManufacturerItemDescription>
      <UnitQty>גרמים</UnitQty>
      <Quantity>25.00</Quantity>
      <UnitOfMeasure>100 גרם</UnitOfMeasure>
      <bIsWeighted>0</bIsWeighted>
      <QtyInPackage>1</QtyInPackage>
      <ItemPrice>2.50</ItemPrice>
      <UnitOfMeasurePrice>10.0000</UnitOfMeasurePrice>
      <AllowDiscount>1</AllowDiscount>
      <ItemStatus>1</ItemStatus>
      <ItemId>32787</ItemId>
    </Item>
    <Item>
      <PriceUpdateDate>2016-02-11 07:45:23</PriceUpdateDate>
      <ItemCode>7290002692478</ItemCode>
      <ItemType>1</ItemType>
      <ItemName>שמן זית כתית מעולה</ItemName>
      <ManufacturerName>שמן תעשיות</ManufacturerName>
      <ManufactureCountry>ישראל</ManufactureCountry>
      <ManufacturerItemDescription>שמן זית כתית מעולה 750 מ"ל</ManufacturerItemDescription>
      <UnitQty>מיליליטרים</UnitQty>
      <Quantity>750.00</Quantity>
      <UnitOfMeasure>100 מ"ל</UnitOfMeasure>
      <bIsWeighted>0</bIsWeighted>
      <QtyInPackage>1</QtyInPackage>
      <ItemPrice>39.90</ItemPrice>
      <UnitOfMeasurePrice>5.3200</UnitOfMeasurePrice>
      <AllowDiscount>1</AllowDiscount>
      <ItemStatus>1</ItemStatus>
      <ItemId>32835</ItemId>
    </Item>
    <Item>
      <PriceUpdateDate>2015-10-04 10:19:06</PriceUpdateDate>
      <ItemCode>7290002900566</ItemCode>
      <ItemType>1</ItemType>
      <ItemName>פסטרמה ברביקיו דש</ItemName>
      <ManufacturerName>טירת צבי</ManufacturerName>
      <ManufactureCountry>ישראל</ManufactureCountry>
      <ManufacturerItemDescription>פסטרמה ברביקיו דל שומן 360 גרם</ManufacturerItemDescription>
      <UnitQty>גרמים</UnitQty>
      <Quantity>360.00</Quantity>
      <UnitOfMeasure>100 גרם</UnitOfMeasure>
      <bIsWeighted>0</bIsWeighted>
      <QtyInPackage>1</QtyInPackage>
      <ItemPrice>35.50</ItemPrice>
      <UnitOfMeasurePrice>9.8611</UnitOfMeasurePrice>
      <AllowDiscount>1</AllowDiscount>
      <ItemStatus>1</ItemStatus>
      <ItemId>32843</ItemId>
    </Item>
    <Item>
      <PriceUpdateDate>2015-08-12 10:25:04</PriceUpdateDate>
      <ItemCode>7290001817063</ItemCode>
      <ItemType>1</ItemType>
      <ItemName>טופי מזל וברכות</ItemName>
      <ManufacturerName>שטראוס גרופ</ManufacturerName>
      <ManufactureCountry>ישראל</ManufactureCountry>
      <ManufacturerItemDescription>טופי מזל וברכות 850 ג                  "</ManufacturerItemDescription>
      <UnitQty>גרמים</UnitQty>
      <Quantity>850.00</Quantity>
      <UnitOfMeasure>100 גרם</UnitOfMeasure>
      <bIsWeighted>0</bIsWeighted>
      <QtyInPackage>1</QtyInPackage>
      <ItemPrice>19.90</ItemPrice>
      <UnitOfMeasurePrice>2.3412</UnitOfMeasurePrice>
      <AllowDiscount>1</AllowDiscount>
      <ItemStatus>1</ItemStatus>
      <ItemId>33220</ItemId>
    </Item>
    <Item>
      <PriceUpdateDate>2015-10-04 10:19:18</PriceUpdateDate>
      <ItemCode>7290004133900</ItemCode>
      <ItemType>1</ItemType>
      <ItemName>קצפת צמחית</ItemName>
      <ManufacturerName>תנובה מרכז שיתופי לש</ManufacturerName>
      <ManufactureCountry>ישראל</ManufactureCountry>
      <ManufacturerItemDescription>קצפת צמחית השף הלבן 250 מל</ManufacturerItemDescription>
      <UnitQty>מיליליטרים</UnitQty>
      <Quantity>250.00</Quantity>
      <UnitOfMeasure>100 מ"ל</UnitOfMeasure>
      <bIsWeighted>0</bIsWeighted>
      <QtyInPackage>1</QtyInPackage>
      <ItemPrice>9.40</ItemPrice>
      <UnitOfMeasurePrice>3.7600</UnitOfMeasurePrice>
      <AllowDiscount>1</AllowDiscount>
      <ItemStatus>1</ItemStatus>
      <ItemId>33294</ItemId>
    </Item>
    <Item>
      <PriceUpdateDate>2016-02-11 13:05:56</PriceUpdateDate>
      <ItemCode>7290010945306</ItemCode>
      <ItemType>1</ItemType>
      <ItemName>חלב 2 3% ליטר קרטון</ItemName>
      <ManufacturerName>טרה</ManufacturerName>
      <ManufactureCountry>ישראל</ManufactureCountry>
      <ManufacturerItemDescription>חלב 2 3% ליטר קרטון פיקוח</ManufacturerItemDescription>
      <UnitQty>ליטרים</UnitQty>
      <Quantity>2.00</Quantity>
      <UnitOfMeasure>ליטר</UnitOfMeasure>
      <bIsWeighted>0</bIsWeighted>
      <QtyInPackage>1</QtyInPackage>
      <ItemPrice>11.40</ItemPrice>
      <UnitOfMeasurePrice>5.7000</UnitOfMeasurePrice>
      <AllowDiscount>1</AllowDiscount>
      <ItemStatus>1</ItemStatus>
      <ItemId>33302</ItemId>
    </Item>
    <Item>
      <PriceUpdateDate>2016-02-11 13:05:56</PriceUpdateDate>
      <ItemCode>7290010945481</ItemCode>
      <ItemType>1</ItemType>
      <ItemName>גבינה לבנה       5%</ItemName>
      <ManufacturerName>טרה</ManufacturerName>
      <ManufactureCountry>ישראל</ManufactureCountry>
      <ManufacturerItemDescription>גבינה לבנה 500 5% גרם מהדרין</ManufacturerItemDescription>
      <UnitQty>גרמים</UnitQty>
      <Quantity>500.00</Quantity>
      <UnitOfMeasure>100 גרם</UnitOfMeasure>
      <bIsWeighted>0</bIsWeighted>
      <QtyInPackage>1</QtyInPackage>
      <ItemPrice>9.20</ItemPrice>
      <UnitOfMeasurePrice>1.8400</UnitOfMeasurePrice>
      <AllowDiscount>1</AllowDiscount>
      <ItemStatus>1</ItemStatus>
      <ItemId>33309</ItemId>
    </Item>
    <Item>
      <PriceUpdateDate>2015-10-04 10:16:40</PriceUpdateDate>
      <ItemCode>7290000107165</ItemCode>
      <ItemType>1</ItemType>
      <ItemName>חטיף פולי סויה אדממה</ItemName>
      <ManufacturerName>סנפרוסט</ManufacturerName>
      <ManufactureCountry>לא ידוע</ManufactureCountry>
      <ManufacturerItemDescription>חטיף פולי סויה אדממה 400 ג             "</ManufacturerItemDescription>
      <UnitQty>גרמים</UnitQty>
      <Quantity>400.00</Quantity>
      <UnitOfMeasure>100 גרם</UnitOfMeasure>
      <bIsWeighted>0</bIsWeighted>
      <QtyInPackage>1</QtyInPackage>
      <ItemPrice>15.70</ItemPrice>
      <UnitOfMeasurePrice>3.9250</UnitOfMeasurePrice>
      <AllowDiscount>1</AllowDiscount>
      <ItemStatus>1</ItemStatus>
      <ItemId>33322</ItemId>
    </Item>
    <Item>
      <PriceUpdateDate>2015-10-04 10:17:37</PriceUpdateDate>
      <ItemCode>7290003015467</ItemCode>
      <ItemType>1</ItemType>
      <ItemName>בייבי כיף תחליב רחצה</ItemName>
      <ManufacturerName>קוסמופארם</ManufacturerName>
      <ManufactureCountry>ישראל</ManufactureCountry>
      <ManufacturerItemDescription>בייבי כיף תחליב רחצה 1 ליטר</ManufacturerItemDescription>
      <UnitQty>ליטרים</UnitQty>
      <Quantity>1.00</Quantity>
      <UnitOfMeasure>ליטר</UnitOfMeasure>
      <bIsWeighted>0</bIsWeighted>
      <QtyInPackage>1</QtyInPackage>
      <ItemPrice>18.70</ItemPrice>
      <UnitOfMeasurePrice>18.7000</UnitOfMeasurePrice>
      <AllowDiscount>1</AllowDiscount>
      <ItemStatus>1</ItemStatus>
      <ItemId>33330</ItemId>
    </Item>
    <Item>
      <PriceUpdateDate>2015-01-01 00:00:00</PriceUpdateDate>
      <ItemCode>7290001485019</ItemCode>
      <ItemType>1</ItemType>
      <ItemName>גבינת שמנת       5%</ItemName>
      <ManufacturerName>טרה</ManufacturerName>
      <ManufactureCountry>ישראל</ManufactureCountry>
      <ManufacturerItemDescription>גבינת שמנת 200 5% גרם</ManufacturerItemDescription>
      <UnitQty>גרמים</UnitQty>
      <Quantity>200.00</Quantity>
      <UnitOfMeasure>100 גרם</UnitOfMeasure>
      <bIsWeighted>0</bIsWeighted>
      <QtyInPackage>1</QtyInPackage>
      <ItemPrice>11.30</ItemPrice>
      <UnitOfMeasurePrice>5.6500</UnitOfMeasurePrice>
      <AllowDiscount>1</AllowDiscount>
      <ItemStatus>1</ItemStatus>
      <ItemId>33369</ItemId>
    </Item>
    <Item>
      <PriceUpdateDate>2015-10-04 10:17:37</PriceUpdateDate>
      <ItemCode>7290005425547</ItemCode>
      <ItemType>1</ItemType>
      <ItemName>שמפו אל דמע בייבי</ItemName>
      <ManufacturerName>קוסמופארם</ManufacturerName>
      <ManufactureCountry>לא ידוע</ManufactureCountry>
      <ManufacturerItemDescription>בייבי כיף שמפו אל דמע 1 ליטר</ManufacturerItemDescription>
      <UnitQty>ליטרים</UnitQty>
      <Quantity>1.00</Quantity>
      <UnitOfMeasure>ליטר</UnitOfMeasure>
      <bIsWeighted>0</bIsWeighted>
      <QtyInPackage>1</QtyInPackage>
      <ItemPrice>21.70</ItemPrice>
      <UnitOfMeasurePrice>21.7000</UnitOfMeasurePrice>
      <AllowDiscount>1</AllowDiscount>
      <ItemStatus>1</ItemStatus>
      <ItemId>33471</ItemId>
    </Item>
    <Item>
      <PriceUpdateDate>2015-12-30 08:02:16</PriceUpdateDate>
      <ItemCode>7290002016236</ItemCode>
      <ItemType>1</ItemType>
      <ItemName>ממרח פסטו בזילקום 23</ItemName>
      <ManufacturerName>כד בני דרום</ManufacturerName>
      <ManufactureCountry>ישראל</ManufactureCountry>
      <ManufacturerItemDescription>ממרח פסטו בזילקום 230 גרם</ManufacturerItemDescription>
      <UnitQty>גרמים</UnitQty>
      <Quantity>230.00</Quantity>
      <UnitOfMeasure>100 גרם</UnitOfMeasure>
      <bIsWeighted>0</bIsWeighted>
      <QtyInPackage>1</QtyInPackage>
      <ItemPrice>18.90</ItemPrice>
      <UnitOfMeasurePrice>8.2174</UnitOfMeasurePrice>
      <AllowDiscount>1</AllowDiscount>
      <ItemStatus>1</ItemStatus>
      <ItemId>33619</ItemId>
    </Item>
    <Item>
      <PriceUpdateDate>2015-10-04 10:16:35</PriceUpdateDate>
      <ItemCode>7290011223021</ItemCode>
      <ItemType>1</ItemType>
      <ItemName>פרש וואנס רפידות הנק</ItemName>
      <ManufacturerName>על בד</ManufacturerName>
      <ManufactureCountry>ישראל</ManufactureCountry>
      <ManufacturerItemDescription>פרש וואנס רפידות הנקה 30   יח          "</ManufacturerItemDescription>
      <UnitQty>Unknown </UnitQty>
      <Quantity>0.00</Quantity>
      <UnitOfMeasure>Unknown </UnitOfMeasure>
      <bIsWeighted>0</bIsWeighted>
      <QtyInPackage>1</QtyInPackage>
      <ItemPrice>20.20</ItemPrice>
      <UnitOfMeasurePrice>0.0000</UnitOfMeasurePrice>
      <AllowDiscount>1</AllowDiscount>
      <ItemStatus>1</ItemStatus>
      <ItemId>33786</ItemId>
    </Item>
    <Item>
      <PriceUpdateDate>2015-08-12 10:25:04</PriceUpdateDate>
      <ItemCode>7290008754422</ItemCode>
      <ItemType>1</ItemType>
      <ItemName>מסטיק מאסט פפרמינט</ItemName>
      <ManufacturerName>שטראוס גרופ</ManufacturerName>
      <ManufactureCountry>ישראל</ManufactureCountry>
      <ManufacturerItemDescription>מסטיק מאסט קלאסי פפרמינט</ManufacturerItemDescription>
      <UnitQty>Unknown </UnitQty>
      <Quantity>0.00</Quantity>
      <UnitOfMeasure>Unknown </UnitOfMeasure>
      <bIsWeighted>0</bIsWeighted>
      <QtyInPackage>1</QtyInPackage>
      <ItemPrice>4.50</ItemPrice>
      <UnitOfMeasurePrice>0.0000</UnitOfMeasurePrice>
      <AllowDiscount>1</AllowDiscount>
      <ItemStatus>1</ItemStatus>
      <ItemId>33891</ItemId>
    </Item>
    <Item>
      <PriceUpdateDate>2015-10-04 10:18:13</PriceUpdateDate>
      <ItemCode>7290002331124</ItemCode>
      <ItemType>1</ItemType>
      <ItemName>מי נביעות +תפוח</ItemName>
      <ManufacturerName>נביעות</ManufacturerName>
      <ManufactureCountry>ישראל</ManufactureCountry>
      <ManufacturerItemDescription>נביעות +תפוח 0.5 ליטר</ManufacturerItemDescription>
      <UnitQty>מיליליטרים</UnitQty>
      <Quantity>500.00</Quantity>
      <UnitOfMeasure>100 מ"ל</UnitOfMeasure>
      <bIsWeighted>0</bIsWeighted>
      <QtyInPackage>1</QtyInPackage>
      <ItemPrice>7.70</ItemPrice>
      <UnitOfMeasurePrice>1.5400</UnitOfMeasurePrice>
      <AllowDiscount>1</AllowDiscount>
      <ItemStatus>1</ItemStatus>
      <ItemId>33899</ItemId>
    </Item>
    <Item>
      <PriceUpdateDate>2015-10-04 10:18:13</PriceUpdateDate>
      <ItemCode>7290002331155</ItemCode>
      <ItemType>1</ItemType>
      <ItemName>נביעות +אפרסק</ItemName>
      <ManufacturerName>נביעות</ManufacturerName>
      <ManufactureCountry>ישראל</ManufactureCountry>
      <ManufacturerItemDescription>נביעות +אפרסק 0.5 ליטר</ManufacturerItemDescription>
      <UnitQty>מיליליטרים</UnitQty>
      <Quantity>500.00</Quantity>
      <UnitOfMeasure>100 מ"ל</UnitOfMeasure>
      <bIsWeighted>0</bIsWeighted>
      <QtyInPackage>1</QtyInPackage>
      <ItemPrice>7.70</ItemPrice>
      <UnitOfMeasurePrice>1.5400</UnitOfMeasurePrice>
      <AllowDiscount>1</AllowDiscount>
      <ItemStatus>1</ItemStatus>
      <ItemId>33900</ItemId>
    </Item>
    <Item>
      <PriceUpdateDate>2015-01-01 00:00:00</PriceUpdateDate>
      <ItemCode>7290003126019</ItemCode>
      <ItemType>1</ItemType>
      <ItemName>גבינה עיזים פרומז</ItemName>
      <ManufacturerName>מחלבת משק צוריאל</ManufacturerName>
      <ManufactureCountry>ישראל</ManufactureCountry>
      <ManufacturerItemDescription>גבינה עיזים פרומז 250 5% גרם</ManufacturerItemDescription>
      <UnitQty>גרמים</UnitQty>
      <Quantity>250.00</Quantity>
      <UnitOfMeasure>100 גרם</UnitOfMeasure>
      <bIsWeighted>0</bIsWeighted>
      <QtyInPackage>1</QtyInPackage>
      <ItemPrice>16.40</ItemPrice>
      <UnitOfMeasurePrice>6.5600</UnitOfMeasurePrice>
      <AllowDiscount>1</AllowDiscount>
      <ItemStatus>1</ItemStatus>
      <ItemId>34018</ItemId>
    </Item>
    <Item>
      <PriceUpdateDate>2015-10-04 10:16:57</PriceUpdateDate>
      <ItemCode>7290002741084</ItemCode>
      <ItemType>1</ItemType>
      <ItemName>חטיף דגנים צדפי שוק</ItemName>
      <ManufacturerName>אתר צפת חטיפים - Foo</ManufacturerName>
      <ManufactureCountry>ישראל</ManufactureCountry>
      <ManufacturerItemDescription>חטיף דגנים צדפי שוקולד 184 גר</ManufacturerItemDescription>
      <UnitQty>גרמים</UnitQty>
      <Quantity>184.00</Quantity>
      <UnitOfMeasure>100 גרם</UnitOfMeasure>
      <bIsWeighted>0</bIsWeighted>
      <QtyInPackage>1</QtyInPackage>
      <ItemPrice>19.50</ItemPrice>
      <UnitOfMeasurePrice>10.5978</UnitOfMeasurePrice>
      <AllowDiscount>1</AllowDiscount>
      <ItemStatus>1</ItemStatus>
      <ItemId>34036</ItemId>
    </Item>
    <Item>
      <PriceUpdateDate>2015-10-04 10:16:57</PriceUpdateDate>
      <ItemCode>7290002741091</ItemCode>
      <ItemType>1</ItemType>
      <ItemName>חטיף דגנים פצפוצים</ItemName>
      <ManufacturerName>אתר צפת חטיפים - Foo</ManufacturerName>
      <ManufactureCountry>ישראל</ManufactureCountry>
      <ManufacturerItemDescription>חטיף דגנים פצפוצי שוקו 184 גר</ManufacturerItemDescription>
      <UnitQty>גרמים</UnitQty>
      <Quantity>184.00</Quantity>
      <UnitOfMeasure>100 גרם</UnitOfMeasure>
      <bIsWeighted>0</bIsWeighted>
      <QtyInPackage>1</QtyInPackage>
      <ItemPrice>19.50</ItemPrice>
      <UnitOfMeasurePrice>10.5978</UnitOfMeasurePrice>
      <AllowDiscount>1</AllowDiscount>
      <ItemStatus>1</ItemStatus>
      <ItemId>34037</ItemId>
    </Item>
    <Item>
      <PriceUpdateDate>2015-01-01 00:00:00</PriceUpdateDate>
      <ItemCode>7290000267548</ItemCode>
      <ItemType>1</ItemType>
      <ItemName>אגוז גרוס 100 גרם</ItemName>
      <ManufacturerName>שקדיה</ManufacturerName>
      <ManufactureCountry>ישראל</ManufactureCountry>
      <ManufacturerItemDescription>אגוז גרוס 100 גרם</ManufacturerItemDescription>
      <UnitQty>גרמים</UnitQty>
      <Quantity>100.00</Quantity>
      <UnitOfMeasure>100 גרם</UnitOfMeasure>
      <bIsWeighted>0</bIsWeighted>
      <QtyInPackage>1</QtyInPackage>
      <ItemPrice>10.70</ItemPrice>
      <UnitOfMeasurePrice>10.7000</UnitOfMeasurePrice>
      <AllowDiscount>1</AllowDiscount>
      <ItemStatus>1</ItemStatus>
      <ItemId>34521</ItemId>
    </Item>
    <Item>
      <PriceUpdateDate>2015-10-04 10:18:31</PriceUpdateDate>
      <ItemCode>7290000267586</ItemCode>
      <ItemType>1</ItemType>
      <ItemName>גרעין חמנייה קלוף</ItemName>
      <ManufacturerName>דין שיווק וקליה בע"מ</ManufacturerName>
      <ManufactureCountry>ארצות הברית</ManufactureCountry>
      <ManufacturerItemDescription>גרעין חמנייה קלוף טבעי 150 גרם</ManufacturerItemDescription>
      <UnitQty>גרמים</UnitQty>
      <Quantity>150.00</Quantity>
      <UnitOfMeasure>100 גרם</UnitOfMeasure>
      <bIsWeighted>0</bIsWeighted>
      <QtyInPackage>1</QtyInPackage>
      <ItemPrice>9.80</ItemPrice>
      <UnitOfMeasurePrice>6.5333</UnitOfMeasurePrice>
      <AllowDiscount>0</AllowDiscount>
      <ItemStatus>1</ItemStatus>
      <ItemId>34523</ItemId>
    </Item>
    <Item>
      <PriceUpdateDate>2015-01-01 00:00:00</PriceUpdateDate>
      <ItemCode>7290000267678</ItemCode>
      <ItemType>1</ItemType>
      <ItemName>גרעין דלעת קלוף 150</ItemName>
      <ManufacturerName>דין שיווק וקליה בע"מ</ManufacturerName>
      <ManufactureCountry>ארצות הברית</ManufactureCountry>
      <ManufacturerItemDescription>גרעין דלעת קלוף טבעי 150 גרם</ManufacturerItemDescription>
      <UnitQty>גרמים</UnitQty>
      <Quantity>150.00</Quantity>
      <UnitOfMeasure>100 גרם</UnitOfMeasure>
      <bIsWeighted>0</bIsWeighted>
      <QtyInPackage>1</QtyInPackage>
      <ItemPrice>9.90</ItemPrice>
      <UnitOfMeasurePrice>6.6000</UnitOfMeasurePrice>
      <AllowDiscount>0</AllowDiscount>
      <ItemStatus>1</ItemStatus>
      <ItemId>34524</ItemId>
    </Item>
    <Item>
      <PriceUpdateDate>2016-02-11 07:45:26</PriceUpdateDate>
      <ItemCode>7290004123284</ItemCode>
      <ItemType>1</ItemType>
      <ItemName>גבינה לבנה רכה   5%</ItemName>
      <ManufacturerName>תנובה מרכז שיתופי לש</ManufacturerName>
      <ManufactureCountry>ישראל</ManufactureCountry>
      <ManufacturerItemDescription>גבינה לבנה רכה 5% ללא מלח250 ג</ManufacturerItemDescription>
      <UnitQty>גרמים</UnitQty>
      <Quantity>250.00</Quantity>
      <UnitOfMeasure>100 גרם</UnitOfMeasure>
      <bIsWeighted>0</bIsWeighted>
      <QtyInPackage>1</QtyInPackage>
      <ItemPrice>4.60</ItemPrice>
      <UnitOfMeasurePrice>1.8400</UnitOfMeasurePrice>
      <AllowDiscount>1</AllowDiscount>
      <ItemStatus>1</ItemStatus>
      <ItemId>34735</ItemId>
    </Item>
    <Item>
      <PriceUpdateDate>2015-10-04 10:18:58</PriceUpdateDate>
      <ItemCode>7290002986652</ItemCode>
      <ItemType>1</ItemType>
      <ItemName>פתיבר שוקו גטניו</ItemName>
      <ManufacturerName>אחים גטניו בע"מ</ManufacturerName>
      <ManufactureCountry>ישראל</ManufactureCountry>
      <ManufacturerItemDescription>פתיבר שוקו 470 גרם - גטניו</ManufacturerItemDescription>
      <UnitQty>גרמים</UnitQty>
      <Quantity>470.00</Quantity>
      <UnitOfMeasure>100 גרם</UnitOfMeasure>
      <bIsWeighted>0</bIsWeighted>
      <QtyInPackage>1</QtyInPackage>
      <ItemPrice>9.80</ItemPrice>
      <UnitOfMeasurePrice>2.0851</UnitOfMeasurePrice>
      <AllowDiscount>1</AllowDiscount>
      <ItemStatus>1</ItemStatus>
      <ItemId>34755</ItemId>
    </Item>
    <Item>
      <PriceUpdateDate>2015-10-04 10:18:34</PriceUpdateDate>
      <ItemCode>7290010921034</ItemCode>
      <ItemType>1</ItemType>
      <ItemName>מיץ רימונים</ItemName>
      <ManufacturerName>גולון</ManufacturerName>
      <ManufactureCountry>טורקיה</ManufactureCountry>
      <ManufacturerItemDescription>מיץ רימונים 1 - 100% ליטר</ManufacturerItemDescription>
      <UnitQty>ליטרים</UnitQty>
      <Quantity>1.00</Quantity>
      <UnitOfMeasure>ליטר</UnitOfMeasure>
      <bIsWeighted>0</bIsWeighted>
      <QtyInPackage>1</QtyInPackage>
      <ItemPrice>16.70</ItemPrice>
      <UnitOfMeasurePrice>16.7000</UnitOfMeasurePrice>
      <AllowDiscount>1</AllowDiscount>
      <ItemStatus>1</ItemStatus>
      <ItemId>34762</ItemId>
    </Item>
    <Item>
      <PriceUpdateDate>2015-10-04 10:18:58</PriceUpdateDate>
      <ItemCode>7290000085180</ItemCode>
      <ItemType>1</ItemType>
      <ItemName>פתיבר וניל גטניו</ItemName>
      <ManufacturerName>אחים גטניו בע"מ</ManufacturerName>
      <ManufactureCountry>ישראל</ManufactureCountry>
      <ManufacturerItemDescription>פתיבר וניל 470 גרם - גטניו</ManufacturerItemDescription>
      <UnitQty>גרמים</UnitQty>
      <Quantity>470.00</Quantity>
      <UnitOfMeasure>100 גרם</UnitOfMeasure>
      <bIsWeighted>0</bIsWeighted>
      <QtyInPackage>1</QtyInPackage>
      <ItemPrice>9.80</ItemPrice>
      <UnitOfMeasurePrice>2.0851</UnitOfMeasurePrice>
      <AllowDiscount>1</AllowDiscount>
      <ItemStatus>1</ItemStatus>
      <ItemId>34771</ItemId>
    </Item>
    <Item>
      <PriceUpdateDate>2015-10-04 10:19:18</PriceUpdateDate>
      <ItemCode>7290004134198</ItemCode>
      <ItemType>1</ItemType>
      <ItemName>משקה בננה 250 מ"ל</ItemName>
      <ManufacturerName>תנובה מרכז שיתופי לש</ManufacturerName>
      <ManufactureCountry>ישראל</ManufactureCountry>
      <ManufacturerItemDescription>משקה בננה 250 מל מהדרין</ManufacturerItemDescription>
      <UnitQty>מיליליטרים</UnitQty>
      <Quantity>250.00</Quantity>
      <UnitOfMeasure>100 מ"ל</UnitOfMeasure>
      <bIsWeighted>0</bIsWeighted>
      <QtyInPackage>1</QtyInPackage>
      <ItemPrice>5.60</ItemPrice>
      <UnitOfMeasurePrice>2.2400</UnitOfMeasurePrice>
      <AllowDiscount>1</AllowDiscount>
      <ItemStatus>1</ItemStatus>
      <ItemId>35042</ItemId>
    </Item>
    <Item>
      <PriceUpdateDate>2015-10-04 10:17:53</PriceUpdateDate>
      <ItemCode>8076809513739</ItemCode>
      <ItemType>1</ItemType>
      <ItemName>רוטב פסטה בזיליקום</ItemName>
      <ManufacturerName>BARILLA G.E.R.</ManufacturerName>
      <ManufactureCountry>איטליה</ManufactureCountry>
      <ManufacturerItemDescription>רוטב פסטה ברילה בזיליקום400 גר</ManufacturerItemDescription>
      <UnitQty>גרמים</UnitQty>
      <Quantity>400.00</Quantity>
      <UnitOfMeasure>100 גרם</UnitOfMeasure>
      <bIsWeighted>0</bIsWeighted>
      <QtyInPackage>1</QtyInPackage>
      <ItemPrice>15.80</ItemPrice>
      <UnitOfMeasurePrice>3.9500</UnitOfMeasurePrice>
      <AllowDiscount>1</AllowDiscount>
      <ItemStatus>1</ItemStatus>
      <ItemId>35110</ItemId>
    </Item>
    <Item>
      <PriceUpdateDate>2015-10-04 10:18:15</PriceUpdateDate>
      <ItemCode>7290003126712</ItemCode>
      <ItemType>1</ItemType>
      <ItemName>יוגורט עיזים   3.9%</ItemName>
      <ManufacturerName>מחלבת משק צוריאל</ManufacturerName>
      <ManufactureCountry>ישראל</ManufactureCountry>
      <ManufacturerItemDescription>יוגורט עיזים 150 3.9% גר</ManufacturerItemDescription>
      <UnitQty>גרמים</UnitQty>
      <Quantity>150.00</Quantity>
      <UnitOfMeasure>100 גרם</UnitOfMeasure>
      <bIsWeighted>0</bIsWeighted>
      <QtyInPackage>1</QtyInPackage>
      <ItemPrice>6.20</ItemPrice>
      <UnitOfMeasurePrice>4.1333</UnitOfMeasurePrice>
      <AllowDiscount>1</AllowDiscount>
      <ItemStatus>1</ItemStatus>
      <ItemId>35308</ItemId>
    </Item>
    <Item>
      <PriceUpdateDate>2015-10-04 10:17:37</PriceUpdateDate>
      <ItemCode>7290000149615</ItemCode>
      <ItemType>1</ItemType>
      <ItemName>סבון מוצק  תינוק</ItemName>
      <ManufacturerName>גליל כימיכלים בע"מ</ManufacturerName>
      <ManufactureCountry>ישראל</ManufactureCountry>
      <ManufacturerItemDescription>נקה 7 סבון מוצק  תינוק              1/4</ManufacturerItemDescription>
      <UnitQty>גרמים</UnitQty>
      <Quantity>400.00</Quantity>
      <UnitOfMeasure>100 גרם</UnitOfMeasure>
      <bIsWeighted>0</bIsWeighted>
      <QtyInPackage>4</QtyInPackage>
      <ItemPrice>14.80</ItemPrice>
      <UnitOfMeasurePrice>3.7000</UnitOfMeasurePrice>
      <AllowDiscount>1</AllowDiscount>
      <ItemStatus>1</ItemStatus>
      <ItemId>35427</ItemId>
    </Item>
    <Item>
      <PriceUpdateDate>2015-01-01 00:00:00</PriceUpdateDate>
      <ItemCode>4009900379564</ItemCode>
      <ItemType>1</ItemType>
      <ItemName>הובה בובה טייפ פירות</ItemName>
      <ManufacturerName>ריגלי</ManufacturerName>
      <ManufactureCountry>בריטניה</ManufactureCountry>
      <ManufacturerItemDescription>הובה בובה טייפ פירות</ManufacturerItemDescription>
      <UnitQty>Unknown </UnitQty>
      <Quantity>0.00</Quantity>
      <UnitOfMeasure>Unknown </UnitOfMeasure>
      <bIsWeighted>0</bIsWeighted>
      <QtyInPackage>1</QtyInPackage>
      <ItemPrice>8.50</ItemPrice>
      <UnitOfMeasurePrice>0.0000</UnitOfMeasurePrice>
      <AllowDiscount>1</AllowDiscount>
      <ItemStatus>1</ItemStatus>
      <ItemId>35539</ItemId>
    </Item>
    <Item>
      <PriceUpdateDate>2015-10-04 10:17:37</PriceUpdateDate>
      <ItemCode>7290005430480</ItemCode>
      <ItemType>1</ItemType>
      <ItemName>מטלית הפלא</ItemName>
      <ManufacturerName>N.S.</ManufacturerName>
      <ManufactureCountry>סין</ManufactureCountry>
      <ManufacturerItemDescription>מטלית הפלא סנו סושי למשטח</ManufacturerItemDescription>
      <UnitQty>Unknown </UnitQty>
      <Quantity>0.00</Quantity>
      <UnitOfMeasure>Unknown </UnitOfMeasure>
      <bIsWeighted>0</bIsWeighted>
      <QtyInPackage>1</QtyInPackage>
      <ItemPrice>10.40</ItemPrice>
      <UnitOfMeasurePrice>0.0000</UnitOfMeasurePrice>
      <AllowDiscount>1</AllowDiscount>
      <ItemStatus>1</ItemStatus>
      <ItemId>36264</ItemId>
    </Item>
    <Item>
      <PriceUpdateDate>2015-07-26 09:40:13</PriceUpdateDate>
      <ItemCode>7290006273239</ItemCode>
      <ItemType>1</ItemType>
      <ItemName>מאפה שמרים שוקולד</ItemName>
      <ManufacturerName>קונדיטוריות לחמי</ManufacturerName>
      <ManufactureCountry>לא ידוע</ManufactureCountry>
      <ManufacturerItemDescription>מאפה שמרים בטעם שוקולד 450 גרם</ManufacturerItemDescription>
      <UnitQty>גרמים</UnitQty>
      <Quantity>450.00</Quantity>
      <UnitOfMeasure>100 גרם</UnitOfMeasure>
      <bIsWeighted>0</bIsWeighted>
      <QtyInPackage>1</QtyInPackage>
      <ItemPrice>18.90</ItemPrice>
      <UnitOfMeasurePrice>4.2000</UnitOfMeasurePrice>
      <AllowDiscount>1</AllowDiscount>
      <ItemStatus>1</ItemStatus>
      <ItemId>36289</ItemId>
    </Item>
    <Item>
      <PriceUpdateDate>2015-10-04 10:17:07</PriceUpdateDate>
      <ItemCode>7290006273284</ItemCode>
      <ItemType>1</ItemType>
      <ItemName>מאפה שמרים אספרסו</ItemName>
      <ManufacturerName>קונדיטוריות לחמי</ManufacturerName>
      <ManufactureCountry>ישראל</ManufactureCountry>
      <ManufacturerItemDescription>מאפה שמרים-אספרסו ושוקולד לבן</ManufacturerItemDescription>
      <UnitQty>גרמים</UnitQty>
      <Quantity>450.00</Quantity>
      <UnitOfMeasure>100 גרם</UnitOfMeasure>
      <bIsWeighted>0</bIsWeighted>
      <QtyInPackage>1</QtyInPackage>
      <ItemPrice>18.70</ItemPrice>
      <UnitOfMeasurePrice>4.1556</UnitOfMeasurePrice>
      <AllowDiscount>1</AllowDiscount>
      <ItemStatus>1</ItemStatus>
      <ItemId>36291</ItemId>
    </Item>
    <Item>
      <PriceUpdateDate>2015-10-04 10:16:57</PriceUpdateDate>
      <ItemCode>7290011308117</ItemCode>
      <ItemType>1</ItemType>
      <ItemName>קרקר 6 דגנים B&amp;B גרם</ItemName>
      <ManufacturerName>אפיפית - 3P Local Fo</ManufacturerName>
      <ManufactureCountry>ישראל</ManufactureCountry>
      <ManufacturerItemDescription>קרקר 6 דגנים</ManufacturerItemDescription>
      <UnitQty>גרמים</UnitQty>
      <Quantity>200.00</Quantity>
      <UnitOfMeasure>100 גרם</UnitOfMeasure>
      <bIsWeighted>0</bIsWeighted>
      <QtyInPackage>1</QtyInPackage>
      <ItemPrice>8.40</ItemPrice>
      <UnitOfMeasurePrice>4.2000</UnitOfMeasurePrice>
      <AllowDiscount>1</AllowDiscount>
      <ItemStatus>1</ItemStatus>
      <ItemId>36422</ItemId>
    </Item>
    <Item>
      <PriceUpdateDate>2015-10-04 10:16:57</PriceUpdateDate>
      <ItemCode>7290011308179</ItemCode>
      <ItemType>1</ItemType>
      <ItemName>קרקר חיטה מלאה עם פש</ItemName>
      <ManufacturerName>אפיפית - 3P Local Fo</ManufacturerName>
      <ManufactureCountry>ישראל</ManufactureCountry>
      <ManufacturerItemDescription>קרקר חיטה מלאה עם פשתן 300 גרם</ManufacturerItemDescription>
      <UnitQty>גרמים</UnitQty>
      <Quantity>300.00</Quantity>
      <UnitOfMeasure>100 גרם</UnitOfMeasure>
      <bIsWeighted>0</bIsWeighted>
      <QtyInPackage>1</QtyInPackage>
      <ItemPrice>12.80</ItemPrice>
      <UnitOfMeasurePrice>4.2667</UnitOfMeasurePrice>
      <AllowDiscount>1</AllowDiscount>
      <ItemStatus>1</ItemStatus>
      <ItemId>36427</ItemId>
    </Item>
    <Item>
      <PriceUpdateDate>2015-11-12 10:52:10</PriceUpdateDate>
      <ItemCode>7290003643684</ItemCode>
      <ItemType>1</ItemType>
      <ItemName>אפונה 500 גר</ItemName>
      <ManufacturerName>סוגת</ManufacturerName>
      <ManufactureCountry>לא ידוע</ManufactureCountry>
      <ManufacturerItemDescription>אפונה 500 גר                           "</ManufacturerItemDescription>
      <UnitQty>גרמים</UnitQty>
      <Quantity>500.00</Quantity>
      <UnitOfMeasure>100 גרם</UnitOfMeasure>
      <bIsWeighted>0</bIsWeighted>
      <QtyInPackage>1</QtyInPackage>
      <ItemPrice>6.90</ItemPrice>
      <UnitOfMeasurePrice>1.3800</UnitOfMeasurePrice>
      <AllowDiscount>1</AllowDiscount>
      <ItemStatus>1</ItemStatus>
      <ItemId>36435</ItemId>
    </Item>
    <Item>
      <PriceUpdateDate>2015-10-04 10:17:29</PriceUpdateDate>
      <ItemCode>7290004324605</ItemCode>
      <ItemType>1</ItemType>
      <ItemName>גבינה מון בלאן רוקפו</ItemName>
      <ManufacturerName>נטו מלינדה</ManufacturerName>
      <ManufactureCountry>ישראל</ManufactureCountry>
      <ManufacturerItemDescription>גבינה מון בלאן רוקפור 120 גרם</ManufacturerItemDescription>
      <UnitQty>גרמים</UnitQty>
      <Quantity>120.00</Quantity>
      <UnitOfMeasure>100 גרם</UnitOfMeasure>
      <bIsWeighted>0</bIsWeighted>
      <QtyInPackage>1</QtyInPackage>
      <ItemPrice>12.40</ItemPrice>
      <UnitOfMeasurePrice>10.3333</UnitOfMeasurePrice>
      <AllowDiscount>1</AllowDiscount>
      <ItemStatus>1</ItemStatus>
      <ItemId>36592</ItemId>
    </Item>
    <Item>
      <PriceUpdateDate>2015-07-26 09:39:57</PriceUpdateDate>
      <ItemCode>7290001419779</ItemCode>
      <ItemType>1</ItemType>
      <ItemName>וופל קלאסי</ItemName>
      <ManufacturerName>גילרו בע"מ</ManufacturerName>
      <ManufactureCountry>לא ידוע</ManufactureCountry>
      <ManufacturerItemDescription>וופל קלאסי 200 גר                      "</ManufacturerItemDescription>
      <UnitQty>גרמים</UnitQty>
      <Quantity>200.00</Quantity>
      <UnitOfMeasure>100 גרם</UnitOfMeasure>
      <bIsWeighted>0</bIsWeighted>
      <QtyInPackage>1</QtyInPackage>
      <ItemPrice>3.90</ItemPrice>
      <UnitOfMeasurePrice>1.9500</UnitOfMeasurePrice>
      <AllowDiscount>1</AllowDiscount>
      <ItemStatus>1</ItemStatus>
      <ItemId>36902</ItemId>
    </Item>
    <Item>
      <PriceUpdateDate>2015-07-26 09:39:34</PriceUpdateDate>
      <ItemCode>7290000208336</ItemCode>
      <ItemType>1</ItemType>
      <ItemName>רסק עגבניות     22%</ItemName>
      <ManufacturerName>יכין</ManufacturerName>
      <ManufactureCountry>ישראל</ManufactureCountry>
      <ManufacturerItemDescription>רסק עגבניות 260 22% ג</ManufacturerItemDescription>
      <UnitQty>גרמים</UnitQty>
      <Quantity>260.00</Quantity>
      <UnitOfMeasure>100 גרם</UnitOfMeasure>
      <bIsWeighted>0</bIsWeighted>
      <QtyInPackage>1</QtyInPackage>
      <ItemPrice>3.90</ItemPrice>
      <UnitOfMeasurePrice>1.5000</UnitOfMeasurePrice>
      <AllowDiscount>1</AllowDiscount>
      <ItemStatus>1</ItemStatus>
      <ItemId>37787</ItemId>
    </Item>
    <Item>
      <PriceUpdateDate>2015-07-14 17:14:18</PriceUpdateDate>
      <ItemCode>7290000208947</ItemCode>
      <ItemType>1</ItemType>
      <ItemName>עגבניות מרוסקות</ItemName>
      <ManufacturerName>יכין</ManufacturerName>
      <ManufactureCountry>ישראל</ManufactureCountry>
      <ManufacturerItemDescription>עגבניות מרוסקות 260 גרם</ManufacturerItemDescription>
      <UnitQty>גרמים</UnitQty>
      <Quantity>260.00</Quantity>
      <UnitOfMeasure>100 גרם</UnitOfMeasure>
      <bIsWeighted>0</bIsWeighted>
      <QtyInPackage>1</QtyInPackage>
      <ItemPrice>5.90</ItemPrice>
      <UnitOfMeasurePrice>2.2692</UnitOfMeasurePrice>
      <AllowDiscount>1</AllowDiscount>
      <ItemStatus>1</ItemStatus>
      <ItemId>37789</ItemId>
    </Item>
    <Item>
      <PriceUpdateDate>2015-10-04 10:17:07</PriceUpdateDate>
      <ItemCode>7290011126209</ItemCode>
      <ItemType>1</ItemType>
      <ItemName>תפוח וקינמון-סיידר</ItemName>
      <ManufacturerName>ויסוצקי</ManufacturerName>
      <ManufactureCountry>ישראל</ManufactureCountry>
      <ManufacturerItemDescription>חליטה תפוח וקינמון-סיידר</ManufacturerItemDescription>
      <UnitQty>גרמים</UnitQty>
      <Quantity>67.00</Quantity>
      <UnitOfMeasure>100 גרם</UnitOfMeasure>
      <bIsWeighted>0</bIsWeighted>
      <QtyInPackage>1</QtyInPackage>
      <ItemPrice>18.50</ItemPrice>
      <UnitOfMeasurePrice>27.6119</UnitOfMeasurePrice>
      <AllowDiscount>1</AllowDiscount>
      <ItemStatus>1</ItemStatus>
      <ItemId>37868</ItemId>
    </Item>
    <Item>
      <PriceUpdateDate>2015-10-04 10:17:53</PriceUpdateDate>
      <ItemCode>3574660322576</ItemCode>
      <ItemType>1</ItemType>
      <ItemName>מגן תחתון רגיל 58 יח</ItemName>
      <ManufacturerName>CILAG GMBH INTERNATI</ManufacturerName>
      <ManufactureCountry>יוון</ManufactureCountry>
      <ManufacturerItemDescription>קרפרי מגן תחתון רגיל 58 יח</ManufacturerItemDescription>
      <UnitQty>Unknown </UnitQty>
      <Quantity>0.00</Quantity>
      <UnitOfMeasure>Unknown </UnitOfMeasure>
      <bIsWeighted>0</bIsWeighted>
      <QtyInPackage>1</QtyInPackage>
      <ItemPrice>22.70</ItemPrice>
      <UnitOfMeasurePrice>0.0000</UnitOfMeasurePrice>
      <AllowDiscount>1</AllowDiscount>
      <ItemStatus>1</ItemStatus>
      <ItemId>37902</ItemId>
    </Item>
    <Item>
      <PriceUpdateDate>2015-10-04 10:19:02</PriceUpdateDate>
      <ItemCode>5000198285505</ItemCode>
      <ItemType>1</ItemType>
      <ItemName>משחה פרדונטקס גל</ItemName>
      <ManufacturerName>מילקלן</ManufacturerName>
      <ManufactureCountry>סלובקיה</ManufactureCountry>
      <ManufacturerItemDescription>פרדונטקס גל 50 מל                     .</ManufacturerItemDescription>
      <UnitQty>מיליליטרים</UnitQty>
      <Quantity>50.00</Quantity>
      <UnitOfMeasure>100 מ"ל</UnitOfMeasure>
      <bIsWeighted>0</bIsWeighted>
      <QtyInPackage>1</QtyInPackage>
      <ItemPrice>22.70</ItemPrice>
      <UnitOfMeasurePrice>45.4000</UnitOfMeasurePrice>
      <AllowDiscount>1</AllowDiscount>
      <ItemStatus>1</ItemStatus>
      <ItemId>37939</ItemId>
    </Item>
    <Item>
      <PriceUpdateDate>2015-01-01 00:00:00</PriceUpdateDate>
      <ItemCode>7290010163069</ItemCode>
      <ItemType>1</ItemType>
      <ItemName>צנובר 100 גרם</ItemName>
      <ManufacturerName>שקדיה גבע</ManufacturerName>
      <ManufactureCountry>ישראל</ManufactureCountry>
      <ManufacturerItemDescription>צנובר 100 גרם</ManufacturerItemDescription>
      <UnitQty>גרמים</UnitQty>
      <Quantity>100.00</Quantity>
      <UnitOfMeasure>100 גרם</UnitOfMeasure>
      <bIsWeighted>0</bIsWeighted>
      <QtyInPackage>1</QtyInPackage>
      <ItemPrice>26.70</ItemPrice>
      <UnitOfMeasurePrice>26.7000</UnitOfMeasurePrice>
      <AllowDiscount>1</AllowDiscount>
      <ItemStatus>1</ItemStatus>
      <ItemId>37980</ItemId>
    </Item>
    <Item>
      <PriceUpdateDate>2015-06-08 11:22:15</PriceUpdateDate>
      <ItemCode>7290011153885</ItemCode>
      <ItemType>1</ItemType>
      <ItemName>נייר אכיל ממותג</ItemName>
      <ManufacturerName>גילרוי</ManufacturerName>
      <ManufactureCountry>ישראל</ManufactureCountry>
      <ManufacturerItemDescription>נייר אכיל ממותג                       .</ManufacturerItemDescription>
      <UnitQty>Unknown </UnitQty>
      <Quantity>0.00</Quantity>
      <UnitOfMeasure>Unknown </UnitOfMeasure>
      <bIsWeighted>0</bIsWeighted>
      <QtyInPackage>1</QtyInPackage>
      <ItemPrice>22.60</ItemPrice>
      <UnitOfMeasurePrice>0.0000</UnitOfMeasurePrice>
      <AllowDiscount>1</AllowDiscount>
      <ItemStatus>1</ItemStatus>
      <ItemId>38044</ItemId>
    </Item>
    <Item>
      <PriceUpdateDate>2015-10-04 10:16:41</PriceUpdateDate>
      <ItemCode>7290000103839</ItemCode>
      <ItemType>1</ItemType>
      <ItemName>מרק כתום קפוא</ItemName>
      <ManufacturerName>סנפרוסט</ManufacturerName>
      <ManufactureCountry>ישראל</ManufactureCountry>
      <ManufacturerItemDescription>מרק כתום קפוא 572 גר</ManufacturerItemDescription>
      <UnitQty>גרמים</UnitQty>
      <Quantity>572.00</Quantity>
      <UnitOfMeasure>100 גרם</UnitOfMeasure>
      <bIsWeighted>0</bIsWeighted>
      <QtyInPackage>1</QtyInPackage>
      <ItemPrice>19.50</ItemPrice>
      <UnitOfMeasurePrice>3.4091</UnitOfMeasurePrice>
      <AllowDiscount>1</AllowDiscount>
      <ItemStatus>1</ItemStatus>
      <ItemId>78174</ItemId>
    </Item>
    <Item>
      <PriceUpdateDate>2015-10-04 10:18:50</PriceUpdateDate>
      <ItemCode>7702018852475</ItemCode>
      <ItemType>1</ItemType>
      <ItemName>סכין גילוח פיוזן</ItemName>
      <ManufacturerName>פרוקטר אנד גמבל</ManufacturerName>
      <ManufactureCountry>פולין</ManufactureCountry>
      <ManufacturerItemDescription>סכין גילוח פיוז"ן פאוור 4 יח           .</ManufacturerItemDescription>
      <UnitQty>Unknown </UnitQty>
      <Quantity>0.00</Quantity>
      <UnitOfMeasure>Unknown </UnitOfMeasure>
      <bIsWeighted>0</bIsWeighted>
      <QtyInPackage>1</QtyInPackage>
      <ItemPrice>98.90</ItemPrice>
      <UnitOfMeasurePrice>0.0000</UnitOfMeasurePrice>
      <AllowDiscount>1</AllowDiscount>
      <ItemStatus>1</ItemStatus>
      <ItemId>38284</ItemId>
    </Item>
    <Item>
      <PriceUpdateDate>2015-12-25 09:15:42</PriceUpdateDate>
      <ItemCode>7290001407813</ItemCode>
      <ItemType>1</ItemType>
      <ItemName>חלבה שאמית פיסטוק</ItemName>
      <ManufacturerName>רושדי תעשיות מזון בע</ManufacturerName>
      <ManufactureCountry>לא ידוע</ManufactureCountry>
      <ManufacturerItemDescription>חלבה שאמית פיסטוק 350 גרם</ManufacturerItemDescription>
      <UnitQty>גרמים</UnitQty>
      <Quantity>350.00</Quantity>
      <UnitOfMeasure>100 גרם</UnitOfMeasure>
      <bIsWeighted>0</bIsWeighted>
      <QtyInPackage>1</QtyInPackage>
      <ItemPrice>17.90</ItemPrice>
      <UnitOfMeasurePrice>5.1143</UnitOfMeasurePrice>
      <AllowDiscount>1</AllowDiscount>
      <ItemStatus>1</ItemStatus>
      <ItemId>38297</ItemId>
    </Item>
    <Item>
      <PriceUpdateDate>2015-10-04 10:17:07</PriceUpdateDate>
      <ItemCode>7290001407844</ItemCode>
      <ItemType>1</ItemType>
      <ItemName>חלבה קלאסית וניל</ItemName>
      <ManufacturerName>רושדי תעשיות מזון בע</ManufacturerName>
      <ManufactureCountry>לא ידוע</ManufactureCountry>
      <ManufacturerItemDescription>חלבה קלאסית וניל 350 גרם</ManufacturerItemDescription>
      <UnitQty>גרמים</UnitQty>
      <Quantity>350.00</Quantity>
      <UnitOfMeasure>100 גרם</UnitOfMeasure>
      <bIsWeighted>0</bIsWeighted>
      <QtyInPackage>1</QtyInPackage>
      <ItemPrice>15.70</ItemPrice>
      <UnitOfMeasurePrice>4.4857</UnitOfMeasurePrice>
      <AllowDiscount>1</AllowDiscount>
      <ItemStatus>1</ItemStatus>
      <ItemId>38300</ItemId>
    </Item>
    <Item>
      <PriceUpdateDate>2015-01-01 00:00:00</PriceUpdateDate>
      <ItemCode>7290002485353</ItemCode>
      <ItemType>1</ItemType>
      <ItemName>סלט טונה טוניסאית</ItemName>
      <ManufacturerName>סלטי שמיר</ManufacturerName>
      <ManufactureCountry>ישראל</ManufactureCountry>
      <ManufacturerItemDescription>סלט טונה טוניסאית 250 גרם</ManufacturerItemDescription>
      <UnitQty>גרמים</UnitQty>
      <Quantity>250.00</Quantity>
      <UnitOfMeasure>100 גרם</UnitOfMeasure>
      <bIsWeighted>0</bIsWeighted>
      <QtyInPackage>1</QtyInPackage>
      <ItemPrice>17.00</ItemPrice>
      <UnitOfMeasurePrice>6.8000</UnitOfMeasurePrice>
      <AllowDiscount>1</AllowDiscount>
      <ItemStatus>1</ItemStatus>
      <ItemId>38344</ItemId>
    </Item>
    <Item>
      <PriceUpdateDate>2015-06-08 11:22:16</PriceUpdateDate>
      <ItemCode>7290002485001</ItemCode>
      <ItemType>1</ItemType>
      <ItemName>סלט חומוס מסעדות</ItemName>
      <ManufacturerName>סלטי שמיר</ManufacturerName>
      <ManufactureCountry>ישראל</ManufactureCountry>
      <ManufacturerItemDescription>סלט חומוס מסעדות 250 גרם</ManufacturerItemDescription>
      <UnitQty>גרמים</UnitQty>
      <Quantity>250.00</Quantity>
      <UnitOfMeasure>100 גרם</UnitOfMeasure>
      <bIsWeighted>0</bIsWeighted>
      <QtyInPackage>1</QtyInPackage>
      <ItemPrice>8.50</ItemPrice>
      <UnitOfMeasurePrice>3.4000</UnitOfMeasurePrice>
      <AllowDiscount>1</AllowDiscount>
      <ItemStatus>1</ItemStatus>
      <ItemId>38461</ItemId>
    </Item>
    <Item>
      <PriceUpdateDate>2015-10-04 10:17:44</PriceUpdateDate>
      <ItemCode>7290013848895</ItemCode>
      <ItemType>1</ItemType>
      <ItemName>קרמה דאו רולאון מאסק</ItemName>
      <ManufacturerName>אמיליה קוסמטיקס</ManufacturerName>
      <ManufactureCountry>ישראל</ManufactureCountry>
      <ManufacturerItemDescription>קרמה דאו רולאון מאסק75 מל</ManufacturerItemDescription>
      <UnitQty>Unknown </UnitQty>
      <Quantity>0.00</Quantity>
      <UnitOfMeasure>Unknown </UnitOfMeasure>
      <bIsWeighted>0</bIsWeighted>
      <QtyInPackage>1</QtyInPackage>
      <ItemPrice>16.70</ItemPrice>
      <UnitOfMeasurePrice>0.0000</UnitOfMeasurePrice>
      <AllowDiscount>1</AllowDiscount>
      <ItemStatus>1</ItemStatus>
      <ItemId>95583</ItemId>
    </Item>
    <Item>
      <PriceUpdateDate>2015-01-01 00:00:00</PriceUpdateDate>
      <ItemCode>42123866</ItemCode>
      <ItemType>1</ItemType>
      <ItemName>הובה בובה צ"אנק קלאס</ItemName>
      <ManufacturerName>ריגלי</ManufacturerName>
      <ManufactureCountry>בריטניה</ManufactureCountry>
      <ManufacturerItemDescription>הובה בובה צאנק קלאסי</ManufacturerItemDescription>
      <UnitQty>Unknown </UnitQty>
      <Quantity>0.00</Quantity>
      <UnitOfMeasure>Unknown </UnitOfMeasure>
      <bIsWeighted>0</bIsWeighted>
      <QtyInPackage>1</QtyInPackage>
      <ItemPrice>3.80</ItemPrice>
      <UnitOfMeasurePrice>0.0000</UnitOfMeasurePrice>
      <AllowDiscount>1</AllowDiscount>
      <ItemStatus>1</ItemStatus>
      <ItemId>38556</ItemId>
    </Item>
    <Item>
      <PriceUpdateDate>2015-01-01 00:00:00</PriceUpdateDate>
      <ItemCode>7501013100112</ItemCode>
      <ItemType>1</ItemType>
      <ItemName>נקטר אננס טבעי 500 מ</ItemName>
      <ManufacturerName>COMERCIALIZADORA ELO</ManufacturerName>
      <ManufactureCountry>מקסיקו</ManufactureCountry>
      <ManufacturerItemDescription>מיץ אננס 500 JUMEX 100% מל</ManufacturerItemDescription>
      <UnitQty>מיליליטרים</UnitQty>
      <Quantity>500.00</Quantity>
      <UnitOfMeasure>100 מ"ל</UnitOfMeasure>
      <bIsWeighted>0</bIsWeighted>
      <QtyInPackage>1</QtyInPackage>
      <ItemPrice>7.50</ItemPrice>
      <UnitOfMeasurePrice>1.5000</UnitOfMeasurePrice>
      <AllowDiscount>1</AllowDiscount>
      <ItemStatus>1</ItemStatus>
      <ItemId>83165</ItemId>
    </Item>
    <Item>
      <PriceUpdateDate>2015-11-15 12:59:28</PriceUpdateDate>
      <ItemCode>7290008909167</ItemCode>
      <ItemType>1</ItemType>
      <ItemName>משקל פריגת מרלו ענבי</ItemName>
      <ManufacturerName>פריגת</ManufacturerName>
      <ManufactureCountry>ישראל</ManufactureCountry>
      <ManufacturerItemDescription>משקל פריגת מרלו ענבים 1.5 ל</ManufacturerItemDescription>
      <UnitQty>ליטרים</UnitQty>
      <Quantity>1.50</Quantity>
      <UnitOfMeasure>ליטר</UnitOfMeasure>
      <bIsWeighted>0</bIsWeighted>
      <QtyInPackage>1</QtyInPackage>
      <ItemPrice>6.80</ItemPrice>
      <UnitOfMeasurePrice>4.5333</UnitOfMeasurePrice>
      <AllowDiscount>1</AllowDiscount>
      <ItemStatus>1</ItemStatus>
      <ItemId>38702</ItemId>
    </Item>
    <Item>
      <PriceUpdateDate>2015-07-26 09:39:33</PriceUpdateDate>
      <ItemCode>7290003643806</ItemCode>
      <ItemType>1</ItemType>
      <ItemName>שעועית לבנה 500  גרם</ItemName>
      <ManufacturerName>סוגת</ManufacturerName>
      <ManufactureCountry>לא ידוע</ManufactureCountry>
      <ManufacturerItemDescription>שעועית לבנה 500  גרם</ManufacturerItemDescription>
      <UnitQty>גרמים</UnitQty>
      <Quantity>500.00</Quantity>
      <UnitOfMeasure>100 גרם</UnitOfMeasure>
      <bIsWeighted>0</bIsWeighted>
      <QtyInPackage>1</QtyInPackage>
      <ItemPrice>11.90</ItemPrice>
      <UnitOfMeasurePrice>2.3800</UnitOfMeasurePrice>
      <AllowDiscount>1</AllowDiscount>
      <ItemStatus>1</ItemStatus>
      <ItemId>38757</ItemId>
    </Item>
    <Item>
      <PriceUpdateDate>2015-10-04 10:18:34</PriceUpdateDate>
      <ItemCode>7290000416908</ItemCode>
      <ItemType>1</ItemType>
      <ItemName>ממרח השחר       750</ItemName>
      <ManufacturerName>השחר</ManufacturerName>
      <ManufactureCountry>ישראל</ManufactureCountry>
      <ManufacturerItemDescription>ממרח שוקולד השחר 750 גר</ManufacturerItemDescription>
      <UnitQty>גרמים</UnitQty>
      <Quantity>750.00</Quantity>
      <UnitOfMeasure>100 גרם</UnitOfMeasure>
      <bIsWeighted>0</bIsWeighted>
      <QtyInPackage>1</QtyInPackage>
      <ItemPrice>18.30</ItemPrice>
      <UnitOfMeasurePrice>2.4400</UnitOfMeasurePrice>
      <AllowDiscount>1</AllowDiscount>
      <ItemStatus>1</ItemStatus>
      <ItemId>38953</ItemId>
    </Item>
    <Item>
      <PriceUpdateDate>2015-07-30 12:18:51</PriceUpdateDate>
      <ItemCode>7290010791552</ItemCode>
      <ItemType>1</ItemType>
      <ItemName>מעדן נתחי טונה ברוטב</ItemName>
      <ManufacturerName>HIQ FOOD PRODUCTS</ManufacturerName>
      <ManufactureCountry>תאילנד</ManufactureCountry>
      <ManufacturerItemDescription>דליקטס נתחי טונה ברוטב</ManufacturerItemDescription>
      <UnitQty>גרמים</UnitQty>
      <Quantity>85.00</Quantity>
      <UnitOfMeasure>100 גרם</UnitOfMeasure>
      <bIsWeighted>0</bIsWeighted>
      <QtyInPackage>1</QtyInPackage>
      <ItemPrice>5.90</ItemPrice>
      <UnitOfMeasurePrice>6.9412</UnitOfMeasurePrice>
      <AllowDiscount>1</AllowDiscount>
      <ItemStatus>1</ItemStatus>
      <ItemId>38963</ItemId>
    </Item>
    <Item>
      <PriceUpdateDate>2015-10-04 10:16:45</PriceUpdateDate>
      <ItemCode>7290100858592</ItemCode>
      <ItemType>1</ItemType>
      <ItemName>אבקת קקאו</ItemName>
      <ManufacturerName>שטראוס גרופ</ManufacturerName>
      <ManufactureCountry>ישראל</ManufactureCountry>
      <ManufacturerItemDescription>אבקת קקאו עלית 150 גרם</ManufacturerItemDescription>
      <UnitQty>גרמים</UnitQty>
      <Quantity>150.00</Quantity>
      <UnitOfMeasure>100 גרם</UnitOfMeasure>
      <bIsWeighted>0</bIsWeighted>
      <QtyInPackage>1</QtyInPackage>
      <ItemPrice>11.80</ItemPrice>
      <UnitOfMeasurePrice>7.8667</UnitOfMeasurePrice>
      <AllowDiscount>1</AllowDiscount>
      <ItemStatus>1</ItemStatus>
      <ItemId>38972</ItemId>
    </Item>
    <Item>
      <PriceUpdateDate>2015-11-05 14:17:32</PriceUpdateDate>
      <ItemCode>7290010328093</ItemCode>
      <ItemType>1</ItemType>
      <ItemName>ממרח חלבה  אחווה</ItemName>
      <ManufacturerName>אחים מזרחי</ManufacturerName>
      <ManufactureCountry>ישראל</ManufactureCountry>
      <ManufacturerItemDescription>ממרח חלבה 400 גר אחווה</ManufacturerItemDescription>
      <UnitQty>גרמים</UnitQty>
      <Quantity>400.00</Quantity>
      <UnitOfMeasure>100 גרם</UnitOfMeasure>
      <bIsWeighted>0</bIsWeighted>
      <QtyInPackage>1</QtyInPackage>
      <ItemPrice>12.90</ItemPrice>
      <UnitOfMeasurePrice>3.2250</UnitOfMeasurePrice>
      <AllowDiscount>1</AllowDiscount>
      <ItemStatus>1</ItemStatus>
      <ItemId>39004</ItemId>
    </Item>
    <Item>
      <PriceUpdateDate>2015-11-29 15:20:01</PriceUpdateDate>
      <ItemCode>7290011607180</ItemCode>
      <ItemType>1</ItemType>
      <ItemName>אבקת כביסה קולון101</ItemName>
      <ManufacturerName>קולון</ManufacturerName>
      <ManufactureCountry>ישראל</ManufactureCountry>
      <ManufacturerItemDescription>אבקת כביסה קולון 1.25 101 ק"ג</ManufacturerItemDescription>
      <UnitQty>קילוגרמים</UnitQty>
      <Quantity>1.25</Quantity>
      <UnitOfMeasure>ק"ג</UnitOfMeasure>
      <bIsWeighted>0</bIsWeighted>
      <QtyInPackage>1</QtyInPackage>
      <ItemPrice>12.90</ItemPrice>
      <UnitOfMeasurePrice>10.3200</UnitOfMeasurePrice>
      <AllowDiscount>1</AllowDiscount>
      <ItemStatus>1</ItemStatus>
      <ItemId>39010</ItemId>
    </Item>
    <Item>
      <PriceUpdateDate>2016-03-27 11:39:32</PriceUpdateDate>
      <ItemCode>7290106574120</ItemCode>
      <ItemType>1</ItemType>
      <ItemName>שלגון גומיגם</ItemName>
      <ManufacturerName>נגה גלידות</ManufacturerName>
      <ManufactureCountry>ישראל</ManufactureCountry>
      <ManufacturerItemDescription>שלגון גומיגם</ManufacturerItemDescription>
      <UnitQty>גרמים</UnitQty>
      <Quantity>90.00</Quantity>
      <UnitOfMeasure>100 גרם</UnitOfMeasure>
      <bIsWeighted>0</bIsWeighted>
      <QtyInPackage>1</QtyInPackage>
      <ItemPrice>7.90</ItemPrice>
      <UnitOfMeasurePrice>8.7778</UnitOfMeasurePrice>
      <AllowDiscount>1</AllowDiscount>
      <ItemStatus>1</ItemStatus>
      <ItemId>93854</ItemId>
    </Item>
    <Item>
      <PriceUpdateDate>2015-06-08 11:22:16</PriceUpdateDate>
      <ItemCode>7290002485292</ItemCode>
      <ItemType>1</ItemType>
      <ItemName>סלט קוביות סלק ביתי</ItemName>
      <ManufacturerName>סלטי שמיר</ManufacturerName>
      <ManufactureCountry>ישראל</ManufactureCountry>
      <ManufacturerItemDescription>סלט קוביות סלק ביתי 250 גרם</ManufacturerItemDescription>
      <UnitQty>גרמים</UnitQty>
      <Quantity>250.00</Quantity>
      <UnitOfMeasure>100 גרם</UnitOfMeasure>
      <bIsWeighted>0</bIsWeighted>
      <QtyInPackage>1</QtyInPackage>
      <ItemPrice>9.00</ItemPrice>
      <UnitOfMeasurePrice>3.6000</UnitOfMeasurePrice>
      <AllowDiscount>1</AllowDiscount>
      <ItemStatus>1</ItemStatus>
      <ItemId>39341</ItemId>
    </Item>
    <Item>
      <PriceUpdateDate>2015-10-04 10:18:20</PriceUpdateDate>
      <ItemCode>7290004003100</ItemCode>
      <ItemType>1</ItemType>
      <ItemName>חטיף שוקולד     M&amp;M</ItemName>
      <ManufacturerName>מרס</ManufacturerName>
      <ManufactureCountry>לא ידוע</ManufactureCountry>
      <ManufacturerItemDescription>חטיף שוקולד 47 M&amp;M גרם</ManufacturerItemDescription>
      <UnitQty>Unknown </UnitQty>
      <Quantity>0.00</Quantity>
      <UnitOfMeasure>Unknown </UnitOfMeasure>
      <bIsWeighted>0</bIsWeighted>
      <QtyInPackage>1</QtyInPackage>
      <ItemPrice>5.80</ItemPrice>
      <UnitOfMeasurePrice>0.0000</UnitOfMeasurePrice>
      <AllowDiscount>1</AllowDiscount>
      <ItemStatus>1</ItemStatus>
      <ItemId>39812</ItemId>
    </Item>
    <Item>
      <PriceUpdateDate>2015-10-04 10:17:44</PriceUpdateDate>
      <ItemCode>7290013848987</ItemCode>
      <ItemType>1</ItemType>
      <ItemName>קרמה דאו ספריי מאסק</ItemName>
      <ManufacturerName>אמיליה קוסמטיקס</ManufacturerName>
      <ManufactureCountry>ישראל</ManufactureCountry>
      <ManufacturerItemDescription>קרמה דאו ספריי מאסק150 מל</ManufacturerItemDescription>
      <UnitQty>מיליליטרים</UnitQty>
      <Quantity>150.00</Quantity>
      <UnitOfMeasure>100 מ"ל</UnitOfMeasure>
      <bIsWeighted>0</bIsWeighted>
      <QtyInPackage>1</QtyInPackage>
      <ItemPrice>16.70</ItemPrice>
      <UnitOfMeasurePrice>11.1333</UnitOfMeasurePrice>
      <AllowDiscount>1</AllowDiscount>
      <ItemStatus>1</ItemStatus>
      <ItemId>95301</ItemId>
    </Item>
    <Item>
      <PriceUpdateDate>2015-01-01 00:00:00</PriceUpdateDate>
      <ItemCode>7290002371526</ItemCode>
      <ItemType>1</ItemType>
      <ItemName>סלסולי פסטרמה שום וצ</ItemName>
      <ManufacturerName>טירת צבי</ManufacturerName>
      <ManufactureCountry>ישראל</ManufactureCountry>
      <ManufacturerItemDescription>סלסולי פסטרמה שום וצילי 120 ג</ManufacturerItemDescription>
      <UnitQty>גרמים</UnitQty>
      <Quantity>120.00</Quantity>
      <UnitOfMeasure>100 גרם</UnitOfMeasure>
      <bIsWeighted>0</bIsWeighted>
      <QtyInPackage>1</QtyInPackage>
      <ItemPrice>16.90</ItemPrice>
      <UnitOfMeasurePrice>14.0833</UnitOfMeasurePrice>
      <AllowDiscount>1</AllowDiscount>
      <ItemStatus>1</ItemStatus>
      <ItemId>93274</ItemId>
    </Item>
    <Item>
      <PriceUpdateDate>2015-10-04 10:18:20</PriceUpdateDate>
      <ItemCode>7290004003207</ItemCode>
      <ItemType>1</ItemType>
      <ItemName>חטיף בוטנים     M&amp;M</ItemName>
      <ManufacturerName>מרס</ManufacturerName>
      <ManufactureCountry>לא ידוע</ManufactureCountry>
      <ManufacturerItemDescription>חטיף בוטנים 47 M&amp;M גרם</ManufacturerItemDescription>
      <UnitQty>Unknown </UnitQty>
      <Quantity>0.00</Quantity>
      <UnitOfMeasure>Unknown </UnitOfMeasure>
      <bIsWeighted>0</bIsWeighted>
      <QtyInPackage>1</QtyInPackage>
      <ItemPrice>5.80</ItemPrice>
      <UnitOfMeasurePrice>0.0000</UnitOfMeasurePrice>
      <AllowDiscount>1</AllowDiscount>
      <ItemStatus>1</ItemStatus>
      <ItemId>40096</ItemId>
    </Item>
    <Item>
      <PriceUpdateDate>2015-01-01 00:00:00</PriceUpdateDate>
      <ItemCode>7290002485070</ItemCode>
      <ItemType>1</ItemType>
      <ItemName>סלט טחינה מיוחדת</ItemName>
      <ManufacturerName>סלטי שמיר</ManufacturerName>
      <ManufactureCountry>ישראל</ManufactureCountry>
      <ManufacturerItemDescription>סלט טחינה מיוחדת 250 גרם</ManufacturerItemDescription>
      <UnitQty>גרמים</UnitQty>
      <Quantity>250.00</Quantity>
      <UnitOfMeasure>100 גרם</UnitOfMeasure>
      <bIsWeighted>0</bIsWeighted>
      <QtyInPackage>1</QtyInPackage>
      <ItemPrice>9.00</ItemPrice>
      <UnitOfMeasurePrice>3.6000</UnitOfMeasurePrice>
      <AllowDiscount>1</AllowDiscount>
      <ItemStatus>1</ItemStatus>
      <ItemId>40191</ItemId>
    </Item>
    <Item>
      <PriceUpdateDate>2015-01-01 00:00:00</PriceUpdateDate>
      <ItemCode>7290002485445</ItemCode>
      <ItemType>1</ItemType>
      <ItemName>סלט טונה בריאות 250</ItemName>
      <ManufacturerName>סלטי שמיר</ManufacturerName>
      <ManufactureCountry>ישראל</ManufactureCountry>
      <ManufacturerItemDescription>סלט טונה בריאות 250 גר</ManufacturerItemDescription>
      <UnitQty>גרמים</UnitQty>
      <Quantity>250.00</Quantity>
      <UnitOfMeasure>100 גרם</UnitOfMeasure>
      <bIsWeighted>0</bIsWeighted>
      <QtyInPackage>1</QtyInPackage>
      <ItemPrice>19.10</ItemPrice>
      <UnitOfMeasurePrice>7.6400</UnitOfMeasurePrice>
      <AllowDiscount>1</AllowDiscount>
      <ItemStatus>1</ItemStatus>
      <ItemId>40197</ItemId>
    </Item>
    <Item>
      <PriceUpdateDate>2015-10-04 10:19:43</PriceUpdateDate>
      <ItemCode>7290002517337</ItemCode>
      <ItemType>1</ItemType>
      <ItemName>תבלין אורגנו</ItemName>
      <ManufacturerName>תבליני טעם וריח</ManufacturerName>
      <ManufactureCountry>ישראל</ManufactureCountry>
      <ManufacturerItemDescription>תבלין אורגנו 20 גר בשקית</ManufacturerItemDescription>
      <UnitQty>גרמים</UnitQty>
      <Quantity>20.00</Quantity>
      <UnitOfMeasure>100 גרם</UnitOfMeasure>
      <bIsWeighted>0</bIsWeighted>
      <QtyInPackage>1</QtyInPackage>
      <ItemPrice>6.80</ItemPrice>
      <UnitOfMeasurePrice>34.0000</UnitOfMeasurePrice>
      <AllowDiscount>1</AllowDiscount>
      <ItemStatus>1</ItemStatus>
      <ItemId>40205</ItemId>
    </Item>
    <Item>
      <PriceUpdateDate>2015-10-04 10:18:13</PriceUpdateDate>
      <ItemCode>7290002331148</ItemCode>
      <ItemType>1</ItemType>
      <ItemName>נביעות +טעם תפוח</ItemName>
      <ManufacturerName>נביעות</ManufacturerName>
      <ManufactureCountry>ישראל</ManufactureCountry>
      <ManufacturerItemDescription>נביעות +תפוח 1.5 ליטר</ManufacturerItemDescription>
      <UnitQty>ליטרים</UnitQty>
      <Quantity>1.50</Quantity>
      <UnitOfMeasure>ליטר</UnitOfMeasure>
      <bIsWeighted>0</bIsWeighted>
      <QtyInPackage>1</QtyInPackage>
      <ItemPrice>7.80</ItemPrice>
      <UnitOfMeasurePrice>5.2000</UnitOfMeasurePrice>
      <AllowDiscount>1</AllowDiscount>
      <ItemStatus>1</ItemStatus>
      <ItemId>40482</ItemId>
    </Item>
    <Item>
      <PriceUpdateDate>2015-10-04 10:18:13</PriceUpdateDate>
      <ItemCode>7290002331179</ItemCode>
      <ItemType>1</ItemType>
      <ItemName>נביעות +בטעם אפרסק</ItemName>
      <ManufacturerName>נביעות</ManufacturerName>
      <ManufactureCountry>ישראל</ManufactureCountry>
      <ManufacturerItemDescription>נביעות +אפרסק 1.5 ליטר</ManufacturerItemDescription>
      <UnitQty>ליטרים</UnitQty>
      <Quantity>1.50</Quantity>
      <UnitOfMeasure>ליטר</UnitOfMeasure>
      <bIsWeighted>0</bIsWeighted>
      <QtyInPackage>1</QtyInPackage>
      <ItemPrice>7.80</ItemPrice>
      <UnitOfMeasurePrice>5.2000</UnitOfMeasurePrice>
      <AllowDiscount>1</AllowDiscount>
      <ItemStatus>1</ItemStatus>
      <ItemId>40483</ItemId>
    </Item>
    <Item>
      <PriceUpdateDate>2016-05-11 08:04:59</PriceUpdateDate>
      <ItemCode>5011417540916</ItemCode>
      <ItemType>1</ItemType>
      <ItemName>טבליות פיניש</ItemName>
      <ManufacturerName>פיניש</ManufacturerName>
      <ManufactureCountry>פולין</ManufactureCountry>
      <ManufacturerItemDescription>טבליות פיניש למדיח 20 קוונטום</ManufacturerItemDescription>
      <UnitQty>גרמים</UnitQty>
      <Quantity>364.00</Quantity>
      <UnitOfMeasure>100 גרם</UnitOfMeasure>
      <bIsWeighted>0</bIsWeighted>
      <QtyInPackage>1</QtyInPackage>
      <ItemPrice>31.70</ItemPrice>
      <UnitOfMeasurePrice>8.7088</UnitOfMeasurePrice>
      <AllowDiscount>1</AllowDiscount>
      <ItemStatus>1</ItemStatus>
      <ItemId>40565</ItemId>
    </Item>
    <Item>
      <PriceUpdateDate>2015-01-01 00:00:00</PriceUpdateDate>
      <ItemCode>4005808262168</ItemCode>
      <ItemType>1</ItemType>
      <ItemName>ניוואה ספריי הגנה</ItemName>
      <ManufacturerName>ביירסדורף</ManufacturerName>
      <ManufactureCountry>גרמניה</ManufactureCountry>
      <ManufacturerItemDescription>ניוואה ספריי הגנה200 SPF 50 מל</ManufacturerItemDescription>
      <UnitQty>מיליליטרים</UnitQty>
      <Quantity>200.00</Quantity>
      <UnitOfMeasure>100 מ"ל</UnitOfMeasure>
      <bIsWeighted>0</bIsWeighted>
      <QtyInPackage>1</QtyInPackage>
      <ItemPrice>64.90</ItemPrice>
      <UnitOfMeasurePrice>32.4500</UnitOfMeasurePrice>
      <AllowDiscount>1</AllowDiscount>
      <ItemStatus>1</ItemStatus>
      <ItemId>95129</ItemId>
    </Item>
    <Item>
      <PriceUpdateDate>2015-10-04 10:16:50</PriceUpdateDate>
      <ItemCode>7290106526822</ItemCode>
      <ItemType>1</ItemType>
      <ItemName>פריכיות אורז</ItemName>
      <ManufacturerName>שטראוס גרופ</ManufacturerName>
      <ManufactureCountry>ישראל</ManufactureCountry>
      <ManufacturerItemDescription>פריכיות עם תחתית שוקולד</ManufacturerItemDescription>
      <UnitQty>גרמים</UnitQty>
      <Quantity>80.00</Quantity>
      <UnitOfMeasure>100 גרם</UnitOfMeasure>
      <bIsWeighted>0</bIsWeighted>
      <QtyInPackage>1</QtyInPackage>
      <ItemPrice>8.80</ItemPrice>
      <UnitOfMeasurePrice>11.0000</UnitOfMeasurePrice>
      <AllowDiscount>1</AllowDiscount>
      <ItemStatus>1</ItemStatus>
      <ItemId>93471</ItemId>
    </Item>
    <Item>
      <PriceUpdateDate>2015-10-04 10:19:18</PriceUpdateDate>
      <ItemCode>7290004134983</ItemCode>
      <ItemType>1</ItemType>
      <ItemName>גבינה עמק 5% פרוס פ.</ItemName>
      <ManufacturerName>תנובה מרכז שיתופי לש</ManufacturerName>
      <ManufactureCountry>ישראל</ManufactureCountry>
      <ManufacturerItemDescription>גבינה עמק 5% פרוס פ.חוזרת           200</ManufacturerItemDescription>
      <UnitQty>גרמים</UnitQty>
      <Quantity>200.00</Quantity>
      <UnitOfMeasure>100 גרם</UnitOfMeasure>
      <bIsWeighted>0</bIsWeighted>
      <QtyInPackage>1</QtyInPackage>
      <ItemPrice>17.30</ItemPrice>
      <UnitOfMeasurePrice>8.6500</UnitOfMeasurePrice>
      <AllowDiscount>1</AllowDiscount>
      <ItemStatus>1</ItemStatus>
      <ItemId>40632</ItemId>
    </Item>
    <Item>
      <PriceUpdateDate>2015-11-05 14:17:33</PriceUpdateDate>
      <ItemCode>7290008493390</ItemCode>
      <ItemType>1</ItemType>
      <ItemName>גריסיני</ItemName>
      <ManufacturerName>מאיר בייגל</ManufacturerName>
      <ManufactureCountry>ישראל</ManufactureCountry>
      <ManufacturerItemDescription>גריסיני 200 גרם</ManufacturerItemDescription>
      <UnitQty>גרמים</UnitQty>
      <Quantity>200.00</Quantity>
      <UnitOfMeasure>100 גרם</UnitOfMeasure>
      <bIsWeighted>0</bIsWeighted>
      <QtyInPackage>1</QtyInPackage>
      <ItemPrice>11.90</ItemPrice>
      <UnitOfMeasurePrice>5.9500</UnitOfMeasurePrice>
      <AllowDiscount>1</AllowDiscount>
      <ItemStatus>1</ItemStatus>
      <ItemId>40658</ItemId>
    </Item>
    <Item>
      <PriceUpdateDate>2016-06-07 07:37:08</PriceUpdateDate>
      <ItemCode>7290002517481</ItemCode>
      <ItemType>1</ItemType>
      <ItemName>מלח לימון</ItemName>
      <ManufacturerName>תבליני טעם וריח</ManufacturerName>
      <ManufactureCountry>לא ידוע</ManufactureCountry>
      <ManufacturerItemDescription>מלח לימון 70 גר</ManufacturerItemDescription>
      <UnitQty>גרמים</UnitQty>
      <Quantity>70.00</Quantity>
      <UnitOfMeasure>100 גרם</UnitOfMeasure>
      <bIsWeighted>0</bIsWeighted>
      <QtyInPackage>1</QtyInPackage>
      <ItemPrice>7.40</ItemPrice>
      <UnitOfMeasurePrice>10.5714</UnitOfMeasurePrice>
      <AllowDiscount>1</AllowDiscount>
      <ItemStatus>1</ItemStatus>
      <ItemId>40771</ItemId>
    </Item>
    <Item>
      <PriceUpdateDate>2016-06-07 07:37:08</PriceUpdateDate>
      <ItemCode>7290002517603</ItemCode>
      <ItemType>1</ItemType>
      <ItemName>בזיליקום</ItemName>
      <ManufacturerName>תבליני טעם וריח</ManufacturerName>
      <ManufactureCountry>לא ידוע</ManufactureCountry>
      <ManufacturerItemDescription>בזיליקום 10   גר</ManufacturerItemDescription>
      <UnitQty>גרמים</UnitQty>
      <Quantity>10.00</Quantity>
      <UnitOfMeasure>100 גרם</UnitOfMeasure>
      <bIsWeighted>0</bIsWeighted>
      <QtyInPackage>1</QtyInPackage>
      <ItemPrice>7.40</ItemPrice>
      <UnitOfMeasurePrice>74.0000</UnitOfMeasurePrice>
      <AllowDiscount>1</AllowDiscount>
      <ItemStatus>1</ItemStatus>
      <ItemId>40773</ItemId>
    </Item>
    <Item>
      <PriceUpdateDate>2016-06-07 07:37:08</PriceUpdateDate>
      <ItemCode>7290002517627</ItemCode>
      <ItemType>1</ItemType>
      <ItemName>תבלין עוף בגריל60 ג</ItemName>
      <ManufacturerName>תבליני טעם וריח</ManufacturerName>
      <ManufactureCountry>לא ידוע</ManufactureCountry>
      <ManufacturerItemDescription>תבלין עוף בגריל60 ג</ManufacturerItemDescription>
      <UnitQty>גרמים</UnitQty>
      <Quantity>60.00</Quantity>
      <UnitOfMeasure>100 גרם</UnitOfMeasure>
      <bIsWeighted>0</bIsWeighted>
      <QtyInPackage>1</QtyInPackage>
      <ItemPrice>7.10</ItemPrice>
      <UnitOfMeasurePrice>11.8333</UnitOfMeasurePrice>
      <AllowDiscount>1</AllowDiscount>
      <ItemStatus>1</ItemStatus>
      <ItemId>40775</ItemId>
    </Item>
    <Item>
      <PriceUpdateDate>2016-06-07 07:37:08</PriceUpdateDate>
      <ItemCode>7290002517641</ItemCode>
      <ItemType>1</ItemType>
      <ItemName>תיבול לפיצה</ItemName>
      <ManufacturerName>תבליני טעם וריח</ManufacturerName>
      <ManufactureCountry>לא ידוע</ManufactureCountry>
      <ManufacturerItemDescription>תיבול לפיצה 50  גר</ManufacturerItemDescription>
      <UnitQty>גרמים</UnitQty>
      <Quantity>50.00</Quantity>
      <UnitOfMeasure>100 גרם</UnitOfMeasure>
      <bIsWeighted>0</bIsWeighted>
      <QtyInPackage>1</QtyInPackage>
      <ItemPrice>7.40</ItemPrice>
      <UnitOfMeasurePrice>14.8000</UnitOfMeasurePrice>
      <AllowDiscount>1</AllowDiscount>
      <ItemStatus>1</ItemStatus>
      <ItemId>40777</ItemId>
    </Item>
    <Item>
      <PriceUpdateDate>2016-06-07 07:37:08</PriceUpdateDate>
      <ItemCode>7290002517658</ItemCode>
      <ItemType>1</ItemType>
      <ItemName>כורכום</ItemName>
      <ManufacturerName>תבליני טעם וריח</ManufacturerName>
      <ManufactureCountry>לא ידוע</ManufactureCountry>
      <ManufacturerItemDescription>כורכום 40  גר</ManufacturerItemDescription>
      <UnitQty>גרמים</UnitQty>
      <Quantity>40.00</Quantity>
      <UnitOfMeasure>100 גרם</UnitOfMeasure>
      <bIsWeighted>0</bIsWeighted>
      <QtyInPackage>1</QtyInPackage>
      <ItemPrice>7.10</ItemPrice>
      <UnitOfMeasurePrice>17.7500</UnitOfMeasurePrice>
      <AllowDiscount>1</AllowDiscount>
      <ItemStatus>1</ItemStatus>
      <ItemId>40778</ItemId>
    </Item>
    <Item>
      <PriceUpdateDate>2016-06-07 07:37:08</PriceUpdateDate>
      <ItemCode>7290002517689</ItemCode>
      <ItemType>1</ItemType>
      <ItemName>קרי</ItemName>
      <ManufacturerName>תבליני טעם וריח</ManufacturerName>
      <ManufactureCountry>לא ידוע</ManufactureCountry>
      <ManufacturerItemDescription>קרי 40 גר</ManufacturerItemDescription>
      <UnitQty>גרמים</UnitQty>
      <Quantity>40.00</Quantity>
      <UnitOfMeasure>100 גרם</UnitOfMeasure>
      <bIsWeighted>0</bIsWeighted>
      <QtyInPackage>1</QtyInPackage>
      <ItemPrice>7.10</ItemPrice>
      <UnitOfMeasurePrice>17.7500</UnitOfMeasurePrice>
      <AllowDiscount>1</AllowDiscount>
      <ItemStatus>1</ItemStatus>
      <ItemId>40781</ItemId>
    </Item>
    <Item>
      <PriceUpdateDate>2016-06-07 07:37:08</PriceUpdateDate>
      <ItemCode>7290002517726</ItemCode>
      <ItemType>1</ItemType>
      <ItemName>מקלות קנמון 15 גר</ItemName>
      <ManufacturerName>תבליני טעם וריח</ManufacturerName>
      <ManufactureCountry>לא ידוע</ManufactureCountry>
      <ManufacturerItemDescription>מקלות קנמון 15 גר</ManufacturerItemDescription>
      <UnitQty>גרמים</UnitQty>
      <Quantity>15.00</Quantity>
      <UnitOfMeasure>100 גרם</UnitOfMeasure>
      <bIsWeighted>0</bIsWeighted>
      <QtyInPackage>1</QtyInPackage>
      <ItemPrice>7.40</ItemPrice>
      <UnitOfMeasurePrice>49.3333</UnitOfMeasurePrice>
      <AllowDiscount>1</AllowDiscount>
      <ItemStatus>1</ItemStatus>
      <ItemId>40785</ItemId>
    </Item>
    <Item>
      <PriceUpdateDate>2016-06-07 07:37:08</PriceUpdateDate>
      <ItemCode>7290002517788</ItemCode>
      <ItemType>1</ItemType>
      <ItemName>פריקה חריפה</ItemName>
      <ManufacturerName>תבליני טעם וריח</ManufacturerName>
      <ManufactureCountry>לא ידוע</ManufactureCountry>
      <ManufacturerItemDescription>פפריקה חריפה 40 גר</ManufacturerItemDescription>
      <UnitQty>גרמים</UnitQty>
      <Quantity>40.00</Quantity>
      <UnitOfMeasure>100 גרם</UnitOfMeasure>
      <bIsWeighted>0</bIsWeighted>
      <QtyInPackage>1</QtyInPackage>
      <ItemPrice>7.40</ItemPrice>
      <UnitOfMeasurePrice>18.5000</UnitOfMeasurePrice>
      <AllowDiscount>1</AllowDiscount>
      <ItemStatus>1</ItemStatus>
      <ItemId>40791</ItemId>
    </Item>
    <Item>
      <PriceUpdateDate>2016-06-07 07:37:08</PriceUpdateDate>
      <ItemCode>7290002517801</ItemCode>
      <ItemType>1</ItemType>
      <ItemName>צילי כתוש חריף</ItemName>
      <ManufacturerName>תבליני טעם וריח</ManufacturerName>
      <ManufactureCountry>לא ידוע</ManufactureCountry>
      <ManufacturerItemDescription>צ"ילי כתוש חריף 30 גר</ManufacturerItemDescription>
      <UnitQty>גרמים</UnitQty>
      <Quantity>30.00</Quantity>
      <UnitOfMeasure>100 גרם</UnitOfMeasure>
      <bIsWeighted>0</bIsWeighted>
      <QtyInPackage>1</QtyInPackage>
      <ItemPrice>7.40</ItemPrice>
      <UnitOfMeasurePrice>24.6667</UnitOfMeasurePrice>
      <AllowDiscount>1</AllowDiscount>
      <ItemStatus>1</ItemStatus>
      <ItemId>40793</ItemId>
    </Item>
    <Item>
      <PriceUpdateDate>2016-06-07 07:37:08</PriceUpdateDate>
      <ItemCode>7290002517849</ItemCode>
      <ItemType>1</ItemType>
      <ItemName>שום גבישי</ItemName>
      <ManufacturerName>תבליני טעם וריח</ManufacturerName>
      <ManufactureCountry>לא ידוע</ManufactureCountry>
      <ManufacturerItemDescription>שום גבישי 50  גר</ManufacturerItemDescription>
      <UnitQty>גרמים</UnitQty>
      <Quantity>50.00</Quantity>
      <UnitOfMeasure>100 גרם</UnitOfMeasure>
      <bIsWeighted>0</bIsWeighted>
      <QtyInPackage>1</QtyInPackage>
      <ItemPrice>9.40</ItemPrice>
      <UnitOfMeasurePrice>18.8000</UnitOfMeasurePrice>
      <AllowDiscount>1</AllowDiscount>
      <ItemStatus>1</ItemStatus>
      <ItemId>40797</ItemId>
    </Item>
    <Item>
      <PriceUpdateDate>2015-07-27 08:48:23</PriceUpdateDate>
      <ItemCode>8715700419732</ItemCode>
      <ItemType>1</ItemType>
      <ItemName>מטבל עגבניות היינץ 7</ItemName>
      <ManufacturerName>ה.י.היינץ</ManufacturerName>
      <ManufactureCountry>הולנד</ManufactureCountry>
      <ManufacturerItemDescription>מטבל עגבניות היינץ 700 גרם</ManufacturerItemDescription>
      <UnitQty>גרמים</UnitQty>
      <Quantity>700.00</Quantity>
      <UnitOfMeasure>100 גרם</UnitOfMeasure>
      <bIsWeighted>0</bIsWeighted>
      <QtyInPackage>1</QtyInPackage>
      <ItemPrice>13.90</ItemPrice>
      <UnitOfMeasurePrice>1.9857</UnitOfMeasurePrice>
      <AllowDiscount>1</AllowDiscount>
      <ItemStatus>1</ItemStatus>
      <ItemId>96206</ItemId>
    </Item>
    <Item>
      <PriceUpdateDate>2015-07-13 12:15:46</PriceUpdateDate>
      <ItemCode>7290003804238</ItemCode>
      <ItemType>1</ItemType>
      <ItemName>ריבועים של אלופים</ItemName>
      <ManufacturerName>יוניליוור</ManufacturerName>
      <ManufactureCountry>לא ידוע</ManufactureCountry>
      <ManufacturerItemDescription>ריבועים של אלופים קלאסי כספי</ManufacturerItemDescription>
      <UnitQty>גרמים</UnitQty>
      <Quantity>500.00</Quantity>
      <UnitOfMeasure>100 גרם</UnitOfMeasure>
      <bIsWeighted>0</bIsWeighted>
      <QtyInPackage>1</QtyInPackage>
      <ItemPrice>20.00</ItemPrice>
      <UnitOfMeasurePrice>4.0000</UnitOfMeasurePrice>
      <AllowDiscount>1</AllowDiscount>
      <ItemStatus>1</ItemStatus>
      <ItemId>105035</ItemId>
    </Item>
    <Item>
      <PriceUpdateDate>2016-01-20 15:16:13</PriceUpdateDate>
      <ItemCode>835811001683</ItemCode>
      <ItemType>1</ItemType>
      <ItemName>נר נשמה ל24 שעות</ItemName>
      <ManufacturerName>מפעלי דגן</ManufacturerName>
      <ManufactureCountry>ישראל</ManufactureCountry>
      <ManufacturerItemDescription>נר נשמה ל24 שעות</ManufacturerItemDescription>
      <UnitQty>יחידה   </UnitQty>
      <Quantity>0.20</Quantity>
      <UnitOfMeasure>יחידה   </UnitOfMeasure>
      <bIsWeighted>0</bIsWeighted>
      <QtyInPackage>1</QtyInPackage>
      <ItemPrice>2.50</ItemPrice>
      <UnitOfMeasurePrice>12.5000</UnitOfMeasurePrice>
      <AllowDiscount>1</AllowDiscount>
      <ItemStatus>1</ItemStatus>
      <ItemId>108128</ItemId>
    </Item>
    <Item>
      <PriceUpdateDate>2015-07-30 12:19:14</PriceUpdateDate>
      <ItemCode>5410126116953</ItemCode>
      <ItemType>1</ItemType>
      <ItemName>ממרח לוטוס עוג.קרמל</ItemName>
      <ManufacturerName>לוטוס ביקרי נ.וי.</ManufacturerName>
      <ManufactureCountry>לא ידוע</ManufactureCountry>
      <ManufacturerItemDescription>ממרח לוטוס עוגיות קרמל 400 גרם</ManufacturerItemDescription>
      <UnitQty>גרמים</UnitQty>
      <Quantity>400.00</Quantity>
      <UnitOfMeasure>100 גרם</UnitOfMeasure>
      <bIsWeighted>0</bIsWeighted>
      <QtyInPackage>1</QtyInPackage>
      <ItemPrice>19.90</ItemPrice>
      <UnitOfMeasurePrice>4.9750</UnitOfMeasurePrice>
      <AllowDiscount>1</AllowDiscount>
      <ItemStatus>1</ItemStatus>
      <ItemId>87056</ItemId>
    </Item>
    <Item>
      <PriceUpdateDate>2015-10-04 10:16:45</PriceUpdateDate>
      <ItemCode>7290011438128</ItemCode>
      <ItemType>1</ItemType>
      <ItemName>שוקו 350 בקבוק</ItemName>
      <ManufacturerName>שטראוס גרופ</ManufacturerName>
      <ManufactureCountry>ישראל</ManufactureCountry>
      <ManufacturerItemDescription>שוקו 350 מ"ל</ManufacturerItemDescription>
      <UnitQty>מיליליטרים</UnitQty>
      <Quantity>350.00</Quantity>
      <UnitOfMeasure>100 מ"ל</UnitOfMeasure>
      <bIsWeighted>0</bIsWeighted>
      <QtyInPackage>1</QtyInPackage>
      <ItemPrice>6.60</ItemPrice>
      <UnitOfMeasurePrice>1.8857</UnitOfMeasurePrice>
      <AllowDiscount>1</AllowDiscount>
      <ItemStatus>1</ItemStatus>
      <ItemId>41207</ItemId>
    </Item>
    <Item>
      <PriceUpdateDate>2015-10-04 10:16:45</PriceUpdateDate>
      <ItemCode>7290011438142</ItemCode>
      <ItemType>1</ItemType>
      <ItemName>משקה חלב קפה</ItemName>
      <ManufacturerName>שטראוס גרופ</ManufacturerName>
      <ManufactureCountry>ישראל</ManufactureCountry>
      <ManufacturerItemDescription>משקה חלב קפה 350 מ"ל</ManufacturerItemDescription>
      <UnitQty>מיליליטרים</UnitQty>
      <Quantity>350.00</Quantity>
      <UnitOfMeasure>100 מ"ל</UnitOfMeasure>
      <bIsWeighted>0</bIsWeighted>
      <QtyInPackage>1</QtyInPackage>
      <ItemPrice>6.60</ItemPrice>
      <UnitOfMeasurePrice>1.8857</UnitOfMeasurePrice>
      <AllowDiscount>1</AllowDiscount>
      <ItemStatus>1</ItemStatus>
      <ItemId>41209</ItemId>
    </Item>
    <Item>
      <PriceUpdateDate>2015-07-26 09:39:33</PriceUpdateDate>
      <ItemCode>7290100700389</ItemCode>
      <ItemType>1</ItemType>
      <ItemName>אורז אדום</ItemName>
      <ManufacturerName>סוגת</ManufacturerName>
      <ManufactureCountry>לא ידוע</ManufactureCountry>
      <ManufacturerItemDescription>אורז אדום 1 ק"ג</ManufacturerItemDescription>
      <UnitQty>קילוגרמים</UnitQty>
      <Quantity>1.00</Quantity>
      <UnitOfMeasure>ק"ג</UnitOfMeasure>
      <bIsWeighted>0</bIsWeighted>
      <QtyInPackage>1</QtyInPackage>
      <ItemPrice>12.90</ItemPrice>
      <UnitOfMeasurePrice>12.9000</UnitOfMeasurePrice>
      <AllowDiscount>1</AllowDiscount>
      <ItemStatus>1</ItemStatus>
      <ItemId>41361</ItemId>
    </Item>
    <Item>
      <PriceUpdateDate>2016-06-14 12:02:41</PriceUpdateDate>
      <ItemCode>7290011081492</ItemCode>
      <ItemType>1</ItemType>
      <ItemName>קרמיסימו שוקולדים</ItemName>
      <ManufacturerName>שטראוס גלידות</ManufacturerName>
      <ManufactureCountry>ישראל</ManufactureCountry>
      <ManufacturerItemDescription>קרמיסימו שלושה שוקולדים</ManufacturerItemDescription>
      <UnitQty>ליטרים</UnitQty>
      <Quantity>1.33</Quantity>
      <UnitOfMeasure>ליטר</UnitOfMeasure>
      <bIsWeighted>0</bIsWeighted>
      <QtyInPackage>1</QtyInPackage>
      <ItemPrice>23.90</ItemPrice>
      <UnitOfMeasurePrice>17.9699</UnitOfMeasurePrice>
      <AllowDiscount>1</AllowDiscount>
      <ItemStatus>1</ItemStatus>
      <ItemId>41661</ItemId>
    </Item>
    <Item>
      <PriceUpdateDate>2015-01-01 00:00:00</PriceUpdateDate>
      <ItemCode>7290011810146</ItemCode>
      <ItemType>1</ItemType>
      <ItemName>סלט מטבוחה" ביתית  "</ItemName>
      <ManufacturerName>סלטי שמיר</ManufacturerName>
      <ManufactureCountry>ישראל</ManufactureCountry>
      <ManufacturerItemDescription>סלט מטבוחה" ביתית 250 "גרם</ManufacturerItemDescription>
      <UnitQty>גרמים</UnitQty>
      <Quantity>250.00</Quantity>
      <UnitOfMeasure>100 גרם</UnitOfMeasure>
      <bIsWeighted>0</bIsWeighted>
      <QtyInPackage>1</QtyInPackage>
      <ItemPrice>14.20</ItemPrice>
      <UnitOfMeasurePrice>5.6800</UnitOfMeasurePrice>
      <AllowDiscount>1</AllowDiscount>
      <ItemStatus>1</ItemStatus>
      <ItemId>41754</ItemId>
    </Item>
    <Item>
      <PriceUpdateDate>2016-06-07 07:38:37</PriceUpdateDate>
      <ItemCode>7290000134741</ItemCode>
      <ItemType>1</ItemType>
      <ItemName>תיבול ספגטי/פסטה</ItemName>
      <ManufacturerName>תבליני טעם וריח</ManufacturerName>
      <ManufactureCountry>לא ידוע</ManufactureCountry>
      <ManufacturerItemDescription>תיבול לספגטי/פסטה 80 גר מיכל</ManufacturerItemDescription>
      <UnitQty>גרמים</UnitQty>
      <Quantity>80.00</Quantity>
      <UnitOfMeasure>100 גרם</UnitOfMeasure>
      <bIsWeighted>0</bIsWeighted>
      <QtyInPackage>1</QtyInPackage>
      <ItemPrice>11.80</ItemPrice>
      <UnitOfMeasurePrice>14.7500</UnitOfMeasurePrice>
      <AllowDiscount>1</AllowDiscount>
      <ItemStatus>1</ItemStatus>
      <ItemId>41757</ItemId>
    </Item>
    <Item>
      <PriceUpdateDate>2016-06-07 07:37:08</PriceUpdateDate>
      <ItemCode>7290002517290</ItemCode>
      <ItemType>1</ItemType>
      <ItemName>קינמון טחון מיכל קטן</ItemName>
      <ManufacturerName>תבליני טעם וריח</ManufacturerName>
      <ManufactureCountry>לא ידוע</ManufactureCountry>
      <ManufacturerItemDescription>קינמון טחון 40 גר  מיכל קטן</ManufacturerItemDescription>
      <UnitQty>גרמים</UnitQty>
      <Quantity>40.00</Quantity>
      <UnitOfMeasure>100 גרם</UnitOfMeasure>
      <bIsWeighted>0</bIsWeighted>
      <QtyInPackage>1</QtyInPackage>
      <ItemPrice>7.40</ItemPrice>
      <UnitOfMeasurePrice>18.5000</UnitOfMeasurePrice>
      <AllowDiscount>1</AllowDiscount>
      <ItemStatus>1</ItemStatus>
      <ItemId>41759</ItemId>
    </Item>
    <Item>
      <PriceUpdateDate>2015-10-04 10:19:44</PriceUpdateDate>
      <ItemCode>7290002517405</ItemCode>
      <ItemType>1</ItemType>
      <ItemName>תבלין חוואיגי למרק</ItemName>
      <ManufacturerName>תבליני טעם וריח</ManufacturerName>
      <ManufactureCountry>ישראל</ManufactureCountry>
      <ManufacturerItemDescription>תבלין חוואיגי למרק 100 גר שקית</ManufacturerItemDescription>
      <UnitQty>גרמים</UnitQty>
      <Quantity>100.00</Quantity>
      <UnitOfMeasure>100 גרם</UnitOfMeasure>
      <bIsWeighted>0</bIsWeighted>
      <QtyInPackage>1</QtyInPackage>
      <ItemPrice>9.70</ItemPrice>
      <UnitOfMeasurePrice>9.7000</UnitOfMeasurePrice>
      <AllowDiscount>1</AllowDiscount>
      <ItemStatus>1</ItemStatus>
      <ItemId>41761</ItemId>
    </Item>
    <Item>
      <PriceUpdateDate>2015-01-01 00:00:00</PriceUpdateDate>
      <ItemCode>7290010116959</ItemCode>
      <ItemType>1</ItemType>
      <ItemName>חטיף ציטוס גבינה</ItemName>
      <ManufacturerName>שטראוס</ManufacturerName>
      <ManufactureCountry>ישראל</ManufactureCountry>
      <ManufacturerItemDescription>חטיף צ"יטוס גבינה 80 גרם</ManufacturerItemDescription>
      <UnitQty>גרמים</UnitQty>
      <Quantity>80.00</Quantity>
      <UnitOfMeasure>100 גרם</UnitOfMeasure>
      <bIsWeighted>0</bIsWeighted>
      <QtyInPackage>1</QtyInPackage>
      <ItemPrice>5.00</ItemPrice>
      <UnitOfMeasurePrice>6.2500</UnitOfMeasurePrice>
      <AllowDiscount>1</AllowDiscount>
      <ItemStatus>1</ItemStatus>
      <ItemId>41786</ItemId>
    </Item>
    <Item>
      <PriceUpdateDate>2015-10-04 10:17:54</PriceUpdateDate>
      <ItemCode>4891228430092</ItemCode>
      <ItemType>1</ItemType>
      <ItemName>סכיני גילוח אקסטרים</ItemName>
      <ManufacturerName>ENERGIZER SINGAPORE</ManufacturerName>
      <ManufactureCountry>סין</ManufactureCountry>
      <ManufacturerItemDescription>סכין גילוח אקסטרים 3 לאישה           1/4</ManufacturerItemDescription>
      <UnitQty>Unknown </UnitQty>
      <Quantity>0.00</Quantity>
      <UnitOfMeasure>Unknown </UnitOfMeasure>
      <bIsWeighted>0</bIsWeighted>
      <QtyInPackage>4</QtyInPackage>
      <ItemPrice>19.70</ItemPrice>
      <UnitOfMeasurePrice>0.0000</UnitOfMeasurePrice>
      <AllowDiscount>1</AllowDiscount>
      <ItemStatus>1</ItemStatus>
      <ItemId>41815</ItemId>
    </Item>
    <Item>
      <PriceUpdateDate>2015-01-01 00:00:00</PriceUpdateDate>
      <ItemCode>7290000574141</ItemCode>
      <ItemType>1</ItemType>
      <ItemName>לחם חיטה מלא</ItemName>
      <ManufacturerName>דגנית עין בר</ManufacturerName>
      <ManufactureCountry>ישראל</ManufactureCountry>
      <ManufacturerItemDescription>לחם חיטה מלא 750 גרם</ManufacturerItemDescription>
      <UnitQty>גרמים</UnitQty>
      <Quantity>750.00</Quantity>
      <UnitOfMeasure>100 גרם</UnitOfMeasure>
      <bIsWeighted>0</bIsWeighted>
      <QtyInPackage>1</QtyInPackage>
      <ItemPrice>11.90</ItemPrice>
      <UnitOfMeasurePrice>1.5867</UnitOfMeasurePrice>
      <AllowDiscount>1</AllowDiscount>
      <ItemStatus>1</ItemStatus>
      <ItemId>41821</ItemId>
    </Item>
    <Item>
      <PriceUpdateDate>2016-06-07 07:37:08</PriceUpdateDate>
      <ItemCode>7290002517108</ItemCode>
      <ItemType>1</ItemType>
      <ItemName>אורגנו 10 גר מיכל קט</ItemName>
      <ManufacturerName>תבליני טעם וריח</ManufacturerName>
      <ManufactureCountry>לא ידוע</ManufactureCountry>
      <ManufacturerItemDescription>אורגנו 10 גר מיכל קטן</ManufacturerItemDescription>
      <UnitQty>גרמים</UnitQty>
      <Quantity>10.00</Quantity>
      <UnitOfMeasure>100 גרם</UnitOfMeasure>
      <bIsWeighted>0</bIsWeighted>
      <QtyInPackage>1</QtyInPackage>
      <ItemPrice>7.40</ItemPrice>
      <UnitOfMeasurePrice>74.0000</UnitOfMeasurePrice>
      <AllowDiscount>1</AllowDiscount>
      <ItemStatus>1</ItemStatus>
      <ItemId>41834</ItemId>
    </Item>
    <Item>
      <PriceUpdateDate>2016-06-07 07:37:08</PriceUpdateDate>
      <ItemCode>7290002517283</ItemCode>
      <ItemType>1</ItemType>
      <ItemName>פלפל שחור גרוס</ItemName>
      <ManufacturerName>תבליני טעם וריח</ManufacturerName>
      <ManufactureCountry>לא ידוע</ManufactureCountry>
      <ManufacturerItemDescription>פלפל שחור גרוס 40 גר מיכל קטן</ManufacturerItemDescription>
      <UnitQty>גרמים</UnitQty>
      <Quantity>40.00</Quantity>
      <UnitOfMeasure>100 גרם</UnitOfMeasure>
      <bIsWeighted>0</bIsWeighted>
      <QtyInPackage>1</QtyInPackage>
      <ItemPrice>11.10</ItemPrice>
      <UnitOfMeasurePrice>27.7500</UnitOfMeasurePrice>
      <AllowDiscount>1</AllowDiscount>
      <ItemStatus>1</ItemStatus>
      <ItemId>41835</ItemId>
    </Item>
    <Item>
      <PriceUpdateDate>2015-07-26 09:39:33</PriceUpdateDate>
      <ItemCode>7290003643776</ItemCode>
      <ItemType>1</ItemType>
      <ItemName>פופקורן</ItemName>
      <ManufacturerName>סוגת</ManufacturerName>
      <ManufactureCountry>לא ידוע</ManufactureCountry>
      <ManufacturerItemDescription>פופקורן 500 גרם</ManufacturerItemDescription>
      <UnitQty>גרמים</UnitQty>
      <Quantity>500.00</Quantity>
      <UnitOfMeasure>100 גרם</UnitOfMeasure>
      <bIsWeighted>0</bIsWeighted>
      <QtyInPackage>1</QtyInPackage>
      <ItemPrice>5.90</ItemPrice>
      <UnitOfMeasurePrice>1.1800</UnitOfMeasurePrice>
      <AllowDiscount>1</AllowDiscount>
      <ItemStatus>1</ItemStatus>
      <ItemId>41840</ItemId>
    </Item>
    <Item>
      <PriceUpdateDate>2015-07-26 09:39:33</PriceUpdateDate>
      <ItemCode>7290003643714</ItemCode>
      <ItemType>1</ItemType>
      <ItemName>חומוס 500 גרם</ItemName>
      <ManufacturerName>סוגת</ManufacturerName>
      <ManufactureCountry>לא ידוע</ManufactureCountry>
      <ManufacturerItemDescription>חומוס 500 גרם</ManufacturerItemDescription>
      <UnitQty>גרמים</UnitQty>
      <Quantity>500.00</Quantity>
      <UnitOfMeasure>100 גרם</UnitOfMeasure>
      <bIsWeighted>0</bIsWeighted>
      <QtyInPackage>1</QtyInPackage>
      <ItemPrice>6.90</ItemPrice>
      <UnitOfMeasurePrice>1.3800</UnitOfMeasurePrice>
      <AllowDiscount>1</AllowDiscount>
      <ItemStatus>1</ItemStatus>
      <ItemId>41841</ItemId>
    </Item>
    <Item>
      <PriceUpdateDate>2015-07-26 09:39:33</PriceUpdateDate>
      <ItemCode>7290003643738</ItemCode>
      <ItemType>1</ItemType>
      <ItemName>חיטה 500 גרם</ItemName>
      <ManufacturerName>סוגת</ManufacturerName>
      <ManufactureCountry>לא ידוע</ManufactureCountry>
      <ManufacturerItemDescription>חיטה 500 גרם</ManufacturerItemDescription>
      <UnitQty>גרמים</UnitQty>
      <Quantity>500.00</Quantity>
      <UnitOfMeasure>100 גרם</UnitOfMeasure>
      <bIsWeighted>0</bIsWeighted>
      <QtyInPackage>1</QtyInPackage>
      <ItemPrice>5.90</ItemPrice>
      <UnitOfMeasurePrice>1.1800</UnitOfMeasurePrice>
      <AllowDiscount>1</AllowDiscount>
      <ItemStatus>1</ItemStatus>
      <ItemId>41842</ItemId>
    </Item>
    <Item>
      <PriceUpdateDate>2015-10-04 10:18:34</PriceUpdateDate>
      <ItemCode>7290003643813</ItemCode>
      <ItemType>1</ItemType>
      <ItemName>שעועית אדומה</ItemName>
      <ManufacturerName>סוגת</ManufacturerName>
      <ManufactureCountry>לא ידוע</ManufactureCountry>
      <ManufacturerItemDescription>שעועית אדומה 500 גרם</ManufacturerItemDescription>
      <UnitQty>גרמים</UnitQty>
      <Quantity>500.00</Quantity>
      <UnitOfMeasure>100 גרם</UnitOfMeasure>
      <bIsWeighted>0</bIsWeighted>
      <QtyInPackage>1</QtyInPackage>
      <ItemPrice>11.80</ItemPrice>
      <UnitOfMeasurePrice>2.3600</UnitOfMeasurePrice>
      <AllowDiscount>1</AllowDiscount>
      <ItemStatus>1</ItemStatus>
      <ItemId>41843</ItemId>
    </Item>
    <Item>
      <PriceUpdateDate>2015-01-01 00:00:00</PriceUpdateDate>
      <ItemCode>7290001990117</ItemCode>
      <ItemType>1</ItemType>
      <ItemName>שומשום 100 גרם</ItemName>
      <ManufacturerName>יושלם</ManufacturerName>
      <ManufactureCountry>לא ידוע</ManufactureCountry>
      <ManufacturerItemDescription>שומשום 100 גרם</ManufacturerItemDescription>
      <UnitQty>גרמים</UnitQty>
      <Quantity>100.00</Quantity>
      <UnitOfMeasure>100 גרם</UnitOfMeasure>
      <bIsWeighted>0</bIsWeighted>
      <QtyInPackage>1</QtyInPackage>
      <ItemPrice>3.90</ItemPrice>
      <UnitOfMeasurePrice>3.9000</UnitOfMeasurePrice>
      <AllowDiscount>1</AllowDiscount>
      <ItemStatus>1</ItemStatus>
      <ItemId>41844</ItemId>
    </Item>
    <Item>
      <PriceUpdateDate>2015-10-04 10:16:38</PriceUpdateDate>
      <ItemCode>5000204657913</ItemCode>
      <ItemType>1</ItemType>
      <ItemName>משחת נעליים קווי שחו</ItemName>
      <ManufacturerName>SC Jonson</ManufacturerName>
      <ManufactureCountry>אינדונזיה</ManufactureCountry>
      <ManufacturerItemDescription>משחת נעליים קווי שחור בקופסא</ManufacturerItemDescription>
      <UnitQty>יחידה   </UnitQty>
      <Quantity>1.00</Quantity>
      <UnitOfMeasure>יחידה   </UnitOfMeasure>
      <bIsWeighted>0</bIsWeighted>
      <QtyInPackage>1</QtyInPackage>
      <ItemPrice>6.80</ItemPrice>
      <UnitOfMeasurePrice>6.8000</UnitOfMeasurePrice>
      <AllowDiscount>1</AllowDiscount>
      <ItemStatus>1</ItemStatus>
      <ItemId>87114</ItemId>
    </Item>
    <Item>
      <PriceUpdateDate>2015-10-04 10:18:03</PriceUpdateDate>
      <ItemCode>7290011081393</ItemCode>
      <ItemType>1</ItemType>
      <ItemName>מאגדת קרחונים מיני</ItemName>
      <ManufacturerName>שטראוס גלידות</ManufacturerName>
      <ManufactureCountry>ישראל</ManufactureCountry>
      <ManufacturerItemDescription>קרחונים ננסים בשקית 5 יח</ManufacturerItemDescription>
      <UnitQty>גרמים</UnitQty>
      <Quantity>87.00</Quantity>
      <UnitOfMeasure>100 גרם</UnitOfMeasure>
      <bIsWeighted>0</bIsWeighted>
      <QtyInPackage>1</QtyInPackage>
      <ItemPrice>9.80</ItemPrice>
      <UnitOfMeasurePrice>11.2644</UnitOfMeasurePrice>
      <AllowDiscount>1</AllowDiscount>
      <ItemStatus>1</ItemStatus>
      <ItemId>41874</ItemId>
    </Item>
    <Item>
      <PriceUpdateDate>2015-01-01 00:00:00</PriceUpdateDate>
      <ItemCode>7290011810153</ItemCode>
      <ItemType>1</ItemType>
      <ItemName>כרוב אדום 250 גר</ItemName>
      <ManufacturerName>סלטי שמיר</ManufacturerName>
      <ManufactureCountry>ישראל</ManufactureCountry>
      <ManufacturerItemDescription>כרוב אדום 250 גר</ManufacturerItemDescription>
      <UnitQty>גרמים</UnitQty>
      <Quantity>250.00</Quantity>
      <UnitOfMeasure>100 גרם</UnitOfMeasure>
      <bIsWeighted>0</bIsWeighted>
      <QtyInPackage>1</QtyInPackage>
      <ItemPrice>8.90</ItemPrice>
      <UnitOfMeasurePrice>3.5600</UnitOfMeasurePrice>
      <AllowDiscount>1</AllowDiscount>
      <ItemStatus>1</ItemStatus>
      <ItemId>41989</ItemId>
    </Item>
    <Item>
      <PriceUpdateDate>2015-10-04 10:17:37</PriceUpdateDate>
      <ItemCode>7290011115296</ItemCode>
      <ItemType>1</ItemType>
      <ItemName>נקה 7 סבון שחור</ItemName>
      <ManufacturerName>יושלם</ManufacturerName>
      <ManufactureCountry>יושלם</ManufactureCountry>
      <ManufacturerItemDescription>נקה 7 סבון שחור מועשר -רביעיה</ManufacturerItemDescription>
      <UnitQty>גרמים</UnitQty>
      <Quantity>400.00</Quantity>
      <UnitOfMeasure>100 גרם</UnitOfMeasure>
      <bIsWeighted>0</bIsWeighted>
      <QtyInPackage>4</QtyInPackage>
      <ItemPrice>14.80</ItemPrice>
      <UnitOfMeasurePrice>3.7000</UnitOfMeasurePrice>
      <AllowDiscount>1</AllowDiscount>
      <ItemStatus>1</ItemStatus>
      <ItemId>41999</ItemId>
    </Item>
    <Item>
      <PriceUpdateDate>2016-04-11 07:59:25</PriceUpdateDate>
      <ItemCode>7290100923108</ItemCode>
      <ItemType>1</ItemType>
      <ItemName>ת .רחצה יוגורט וניל</ItemName>
      <ManufacturerName>טרופיקל דגיל</ManufacturerName>
      <ManufactureCountry>ישראל</ManufactureCountry>
      <ManufacturerItemDescription>תחליב רחצה הוואי יוגורט וניל</ManufacturerItemDescription>
      <UnitQty>מיליליטרים</UnitQty>
      <Quantity>750.00</Quantity>
      <UnitOfMeasure>100 מ"ל</UnitOfMeasure>
      <bIsWeighted>0</bIsWeighted>
      <QtyInPackage>1</QtyInPackage>
      <ItemPrice>15.70</ItemPrice>
      <UnitOfMeasurePrice>2.0933</UnitOfMeasurePrice>
      <AllowDiscount>1</AllowDiscount>
      <ItemStatus>1</ItemStatus>
      <ItemId>42061</ItemId>
    </Item>
    <Item>
      <PriceUpdateDate>2015-07-26 09:39:33</PriceUpdateDate>
      <ItemCode>7290003643752</ItemCode>
      <ItemType>1</ItemType>
      <ItemName>עדשים ירוקות</ItemName>
      <ManufacturerName>סוגת</ManufacturerName>
      <ManufactureCountry>לא ידוע</ManufactureCountry>
      <ManufacturerItemDescription>עדשים ירוקות 500 גרם</ManufacturerItemDescription>
      <UnitQty>גרמים</UnitQty>
      <Quantity>500.00</Quantity>
      <UnitOfMeasure>100 גרם</UnitOfMeasure>
      <bIsWeighted>0</bIsWeighted>
      <QtyInPackage>1</QtyInPackage>
      <ItemPrice>5.90</ItemPrice>
      <UnitOfMeasurePrice>1.1800</UnitOfMeasurePrice>
      <AllowDiscount>1</AllowDiscount>
      <ItemStatus>1</ItemStatus>
      <ItemId>42098</ItemId>
    </Item>
    <Item>
      <PriceUpdateDate>2016-06-07 07:37:08</PriceUpdateDate>
      <ItemCode>7290000134666</ItemCode>
      <ItemType>1</ItemType>
      <ItemName>רוזמרין</ItemName>
      <ManufacturerName>תבליני טעם וריח</ManufacturerName>
      <ManufactureCountry>לא ידוע</ManufactureCountry>
      <ManufacturerItemDescription>רוזמרין 15 גר מיכל פלסטיק קטן</ManufacturerItemDescription>
      <UnitQty>גרמים</UnitQty>
      <Quantity>15.00</Quantity>
      <UnitOfMeasure>100 גרם</UnitOfMeasure>
      <bIsWeighted>0</bIsWeighted>
      <QtyInPackage>1</QtyInPackage>
      <ItemPrice>7.40</ItemPrice>
      <UnitOfMeasurePrice>49.3333</UnitOfMeasurePrice>
      <AllowDiscount>1</AllowDiscount>
      <ItemStatus>1</ItemStatus>
      <ItemId>42101</ItemId>
    </Item>
    <Item>
      <PriceUpdateDate>2016-06-07 07:37:08</PriceUpdateDate>
      <ItemCode>7290000134673</ItemCode>
      <ItemType>1</ItemType>
      <ItemName>זנגביל 30 גר</ItemName>
      <ManufacturerName>תבליני טעם וריח</ManufacturerName>
      <ManufactureCountry>לא ידוע</ManufactureCountry>
      <ManufacturerItemDescription>זנגביל 30 גר מיכל קטן</ManufacturerItemDescription>
      <UnitQty>גרמים</UnitQty>
      <Quantity>30.00</Quantity>
      <UnitOfMeasure>100 גרם</UnitOfMeasure>
      <bIsWeighted>0</bIsWeighted>
      <QtyInPackage>1</QtyInPackage>
      <ItemPrice>7.40</ItemPrice>
      <UnitOfMeasurePrice>24.6667</UnitOfMeasurePrice>
      <AllowDiscount>1</AllowDiscount>
      <ItemStatus>1</ItemStatus>
      <ItemId>42102</ItemId>
    </Item>
    <Item>
      <PriceUpdateDate>2016-06-07 07:37:08</PriceUpdateDate>
      <ItemCode>7290000134758</ItemCode>
      <ItemType>1</ItemType>
      <ItemName>תיבול לתפוא  מיכל</ItemName>
      <ManufacturerName>תבליני טעם וריח</ManufacturerName>
      <ManufactureCountry>לא ידוע</ManufactureCountry>
      <ManufacturerItemDescription>תיבול לתפוחי אדמה 100 גר "מיכל</ManufacturerItemDescription>
      <UnitQty>גרמים</UnitQty>
      <Quantity>100.00</Quantity>
      <UnitOfMeasure>100 גרם</UnitOfMeasure>
      <bIsWeighted>0</bIsWeighted>
      <QtyInPackage>1</QtyInPackage>
      <ItemPrice>11.80</ItemPrice>
      <UnitOfMeasurePrice>11.8000</UnitOfMeasurePrice>
      <AllowDiscount>1</AllowDiscount>
      <ItemStatus>1</ItemStatus>
      <ItemId>42104</ItemId>
    </Item>
    <Item>
      <PriceUpdateDate>2015-10-04 10:19:44</PriceUpdateDate>
      <ItemCode>7290002517375</ItemCode>
      <ItemType>1</ItemType>
      <ItemName>תיבול בזילקום שקית</ItemName>
      <ManufacturerName>תבליני טעם וריח</ManufacturerName>
      <ManufactureCountry>ישראל</ManufactureCountry>
      <ManufacturerItemDescription>תבלין בזליקום 30 גר  שקית</ManufacturerItemDescription>
      <UnitQty>גרמים</UnitQty>
      <Quantity>30.00</Quantity>
      <UnitOfMeasure>100 גרם</UnitOfMeasure>
      <bIsWeighted>0</bIsWeighted>
      <QtyInPackage>1</QtyInPackage>
      <ItemPrice>6.80</ItemPrice>
      <UnitOfMeasurePrice>22.6667</UnitOfMeasurePrice>
      <AllowDiscount>1</AllowDiscount>
      <ItemStatus>1</ItemStatus>
      <ItemId>42114</ItemId>
    </Item>
    <Item>
      <PriceUpdateDate>2015-01-01 00:00:00</PriceUpdateDate>
      <ItemCode>7290002371533</ItemCode>
      <ItemType>1</ItemType>
      <ItemName>סלסולי פסטרמה דבש20</ItemName>
      <ManufacturerName>טירת צבי</ManufacturerName>
      <ManufactureCountry>ישראל</ManufactureCountry>
      <ManufacturerItemDescription>סלסולי פסטרמה דבש 120 גר</ManufacturerItemDescription>
      <UnitQty>גרמים</UnitQty>
      <Quantity>120.00</Quantity>
      <UnitOfMeasure>100 גרם</UnitOfMeasure>
      <bIsWeighted>0</bIsWeighted>
      <QtyInPackage>1</QtyInPackage>
      <ItemPrice>16.90</ItemPrice>
      <UnitOfMeasurePrice>14.0833</UnitOfMeasurePrice>
      <AllowDiscount>1</AllowDiscount>
      <ItemStatus>1</ItemStatus>
      <ItemId>93275</ItemId>
    </Item>
    <Item>
      <PriceUpdateDate>2015-10-04 10:18:31</PriceUpdateDate>
      <ItemCode>7290019297444</ItemCode>
      <ItemType>1</ItemType>
      <ItemName>פקאן טבעי 100 גרם</ItemName>
      <ManufacturerName>דין שיווק וקליה בע"מ</ManufacturerName>
      <ManufactureCountry>ארצות הברית</ManufactureCountry>
      <ManufacturerItemDescription>פקאן טבעי 100 גרם</ManufacturerItemDescription>
      <UnitQty>גרמים</UnitQty>
      <Quantity>100.00</Quantity>
      <UnitOfMeasure>100 גרם</UnitOfMeasure>
      <bIsWeighted>0</bIsWeighted>
      <QtyInPackage>1</QtyInPackage>
      <ItemPrice>15.50</ItemPrice>
      <UnitOfMeasurePrice>15.5000</UnitOfMeasurePrice>
      <AllowDiscount>1</AllowDiscount>
      <ItemStatus>1</ItemStatus>
      <ItemId>95446</ItemId>
    </Item>
    <Item>
      <PriceUpdateDate>2015-10-04 10:19:56</PriceUpdateDate>
      <ItemCode>4009900406918</ItemCode>
      <ItemType>1</ItemType>
      <ItemName>הובה בובה טייפ טריפל</ItemName>
      <ManufacturerName>ריגלי</ManufacturerName>
      <ManufactureCountry>בריטניה</ManufactureCountry>
      <ManufacturerItemDescription>הובה בובה טייפ טריפל מיקס</ManufacturerItemDescription>
      <UnitQty>Unknown </UnitQty>
      <Quantity>0.00</Quantity>
      <UnitOfMeasure>Unknown </UnitOfMeasure>
      <bIsWeighted>0</bIsWeighted>
      <QtyInPackage>1</QtyInPackage>
      <ItemPrice>8.40</ItemPrice>
      <UnitOfMeasurePrice>0.0000</UnitOfMeasurePrice>
      <AllowDiscount>1</AllowDiscount>
      <ItemStatus>1</ItemStatus>
      <ItemId>42278</ItemId>
    </Item>
    <Item>
      <PriceUpdateDate>2015-10-04 10:17:37</PriceUpdateDate>
      <ItemCode>7290011765408</ItemCode>
      <ItemType>1</ItemType>
      <ItemName>שמפו מרכך בוב ספוג</ItemName>
      <ManufacturerName>קוסמופארם</ManufacturerName>
      <ManufactureCountry>ישראל</ManufactureCountry>
      <ManufacturerItemDescription>כיף שמפו עם מרכך בוב ספוג           750</ManufacturerItemDescription>
      <UnitQty>מיליליטרים</UnitQty>
      <Quantity>750.00</Quantity>
      <UnitOfMeasure>100 מ"ל</UnitOfMeasure>
      <bIsWeighted>0</bIsWeighted>
      <QtyInPackage>1</QtyInPackage>
      <ItemPrice>14.80</ItemPrice>
      <UnitOfMeasurePrice>1.9733</UnitOfMeasurePrice>
      <AllowDiscount>1</AllowDiscount>
      <ItemStatus>1</ItemStatus>
      <ItemId>42650</ItemId>
    </Item>
    <Item>
      <PriceUpdateDate>2015-10-04 10:17:37</PriceUpdateDate>
      <ItemCode>7290011765446</ItemCode>
      <ItemType>1</ItemType>
      <ItemName>אורביטול בוב ספוג</ItemName>
      <ManufacturerName>טרופיקל דגיל</ManufacturerName>
      <ManufactureCountry>ישראל</ManufactureCountry>
      <ManufacturerItemDescription>אורביטול מש.שיניים בוב ספוג</ManufacturerItemDescription>
      <UnitQty>גרמים</UnitQty>
      <Quantity>70.00</Quantity>
      <UnitOfMeasure>100 גרם</UnitOfMeasure>
      <bIsWeighted>0</bIsWeighted>
      <QtyInPackage>1</QtyInPackage>
      <ItemPrice>10.80</ItemPrice>
      <UnitOfMeasurePrice>15.4286</UnitOfMeasurePrice>
      <AllowDiscount>1</AllowDiscount>
      <ItemStatus>1</ItemStatus>
      <ItemId>42654</ItemId>
    </Item>
    <Item>
      <PriceUpdateDate>2015-10-04 10:17:55</PriceUpdateDate>
      <ItemCode>5411188094159</ItemCode>
      <ItemType>1</ItemType>
      <ItemName>מעדן סויה שוקו בלגי</ItemName>
      <ManufacturerName>ALPRO N.V.</ManufacturerName>
      <ManufactureCountry>בלגיה</ManufactureCountry>
      <ManufacturerItemDescription>מעדן סויה שוקולד בלגי          4*125 1/4</ManufacturerItemDescription>
      <UnitQty>גרמים</UnitQty>
      <Quantity>500.00</Quantity>
      <UnitOfMeasure>100 גרם</UnitOfMeasure>
      <bIsWeighted>0</bIsWeighted>
      <QtyInPackage>4</QtyInPackage>
      <ItemPrice>19.70</ItemPrice>
      <UnitOfMeasurePrice>3.9400</UnitOfMeasurePrice>
      <AllowDiscount>1</AllowDiscount>
      <ItemStatus>1</ItemStatus>
      <ItemId>42742</ItemId>
    </Item>
    <Item>
      <PriceUpdateDate>2015-08-03 07:56:01</PriceUpdateDate>
      <ItemCode>80001461</ItemCode>
      <ItemType>1</ItemType>
      <ItemName>חטיף גרדנה שוקולד</ItemName>
      <ManufacturerName>לואקר</ManufacturerName>
      <ManufactureCountry>לא ידוע</ManufactureCountry>
      <ManufacturerItemDescription>חטיף גרדנה שוקולד 38 גר                "</ManufacturerItemDescription>
      <UnitQty>Unknown </UnitQty>
      <Quantity>0.00</Quantity>
      <UnitOfMeasure>Unknown </UnitOfMeasure>
      <bIsWeighted>0</bIsWeighted>
      <QtyInPackage>1</QtyInPackage>
      <ItemPrice>4.60</ItemPrice>
      <UnitOfMeasurePrice>0.0000</UnitOfMeasurePrice>
      <AllowDiscount>1</AllowDiscount>
      <ItemStatus>1</ItemStatus>
      <ItemId>43065</ItemId>
    </Item>
    <Item>
      <PriceUpdateDate>2015-10-04 10:17:55</PriceUpdateDate>
      <ItemCode>3574660089547</ItemCode>
      <ItemType>1</ItemType>
      <ItemName>אובה קלאסי נורמל 32</ItemName>
      <ManufacturerName>CILAG GMBH INTERNATI</ManufacturerName>
      <ManufactureCountry>יוון</ManufactureCountry>
      <ManufacturerItemDescription>35746600239973אובה קלאסי נורמל 32 יח</ManufacturerItemDescription>
      <UnitQty>Unknown </UnitQty>
      <Quantity>0.00</Quantity>
      <UnitOfMeasure>Unknown </UnitOfMeasure>
      <bIsWeighted>0</bIsWeighted>
      <QtyInPackage>1</QtyInPackage>
      <ItemPrice>32.60</ItemPrice>
      <UnitOfMeasurePrice>0.0000</UnitOfMeasurePrice>
      <AllowDiscount>1</AllowDiscount>
      <ItemStatus>1</ItemStatus>
      <ItemId>43078</ItemId>
    </Item>
    <Item>
      <PriceUpdateDate>2015-10-04 10:17:55</PriceUpdateDate>
      <ItemCode>3574660115154</ItemCode>
      <ItemType>1</ItemType>
      <ItemName>טמפוני אובה  סופר</ItemName>
      <ManufacturerName>CILAG GMBH INTERNATI</ManufacturerName>
      <ManufactureCountry>יוון</ManufactureCountry>
      <ManufacturerItemDescription>אובה סופר 32 יח                        .</ManufacturerItemDescription>
      <UnitQty>Unknown </UnitQty>
      <Quantity>0.00</Quantity>
      <UnitOfMeasure>Unknown </UnitOfMeasure>
      <bIsWeighted>0</bIsWeighted>
      <QtyInPackage>1</QtyInPackage>
      <ItemPrice>32.60</ItemPrice>
      <UnitOfMeasurePrice>0.0000</UnitOfMeasurePrice>
      <AllowDiscount>1</AllowDiscount>
      <ItemStatus>1</ItemStatus>
      <ItemId>43080</ItemId>
    </Item>
    <Item>
      <PriceUpdateDate>2015-10-04 10:17:55</PriceUpdateDate>
      <ItemCode>3574660235197</ItemCode>
      <ItemType>1</ItemType>
      <ItemName>טמפוני אובה קומפורט</ItemName>
      <ManufacturerName>CILAG GMBH INTERNATI</ManufacturerName>
      <ManufactureCountry>יוון</ManufactureCountry>
      <ManufacturerItemDescription>אובה קומפורט זרימה סופר</ManufacturerItemDescription>
      <UnitQty>Unknown </UnitQty>
      <Quantity>0.00</Quantity>
      <UnitOfMeasure>Unknown </UnitOfMeasure>
      <bIsWeighted>0</bIsWeighted>
      <QtyInPackage>1</QtyInPackage>
      <ItemPrice>35.50</ItemPrice>
      <UnitOfMeasurePrice>0.0000</UnitOfMeasurePrice>
      <AllowDiscount>1</AllowDiscount>
      <ItemStatus>1</ItemStatus>
      <ItemId>43081</ItemId>
    </Item>
    <Item>
      <PriceUpdateDate>2015-01-01 00:00:00</PriceUpdateDate>
      <ItemCode>7290008330398</ItemCode>
      <ItemType>1</ItemType>
      <ItemName>דפי מייבש בדין כחול</ItemName>
      <ManufacturerName>קלינטסט - 3p ארה"ב</ManufacturerName>
      <ManufactureCountry>ארצות הברית</ManufactureCountry>
      <ManufacturerItemDescription>דפי מייבש בדין כחול 40 יח              "</ManufacturerItemDescription>
      <UnitQty>Unknown </UnitQty>
      <Quantity>0.00</Quantity>
      <UnitOfMeasure>Unknown </UnitOfMeasure>
      <bIsWeighted>0</bIsWeighted>
      <QtyInPackage>1</QtyInPackage>
      <ItemPrice>21.90</ItemPrice>
      <UnitOfMeasurePrice>0.0000</UnitOfMeasurePrice>
      <AllowDiscount>1</AllowDiscount>
      <ItemStatus>1</ItemStatus>
      <ItemId>43101</ItemId>
    </Item>
    <Item>
      <PriceUpdateDate>2015-10-04 10:18:42</PriceUpdateDate>
      <ItemCode>7290008713696</ItemCode>
      <ItemType>1</ItemType>
      <ItemName>הלחמניה המלאה</ItemName>
      <ManufacturerName>מאפיית אנג'ל</ManufacturerName>
      <ManufactureCountry>ישראל</ManufactureCountry>
      <ManufacturerItemDescription>הלחמניה  המלאה מקמח מלא 450 גר</ManufacturerItemDescription>
      <UnitQty>גרמים</UnitQty>
      <Quantity>450.00</Quantity>
      <UnitOfMeasure>100 גרם</UnitOfMeasure>
      <bIsWeighted>0</bIsWeighted>
      <QtyInPackage>1</QtyInPackage>
      <ItemPrice>13.80</ItemPrice>
      <UnitOfMeasurePrice>3.0667</UnitOfMeasurePrice>
      <AllowDiscount>1</AllowDiscount>
      <ItemStatus>1</ItemStatus>
      <ItemId>43287</ItemId>
    </Item>
    <Item>
      <PriceUpdateDate>2015-06-01 16:22:16</PriceUpdateDate>
      <ItemCode>8850389103111</ItemCode>
      <ItemType>1</ItemType>
      <ItemName>משקה סאפה ענבים 300</ItemName>
      <ManufacturerName>SAPPE PUBLIC COMPANY</ManufacturerName>
      <ManufactureCountry>תאילנד</ManufactureCountry>
      <ManufacturerItemDescription>סאפה ענבים(24) 300 מל</ManufacturerItemDescription>
      <UnitQty>מיליליטרים</UnitQty>
      <Quantity>300.00</Quantity>
      <UnitOfMeasure>100 מ"ל</UnitOfMeasure>
      <bIsWeighted>0</bIsWeighted>
      <QtyInPackage>1</QtyInPackage>
      <ItemPrice>7.50</ItemPrice>
      <UnitOfMeasurePrice>2.5000</UnitOfMeasurePrice>
      <AllowDiscount>1</AllowDiscount>
      <ItemStatus>1</ItemStatus>
      <ItemId>43289</ItemId>
    </Item>
    <Item>
      <PriceUpdateDate>2015-06-01 16:22:16</PriceUpdateDate>
      <ItemCode>8850389103128</ItemCode>
      <ItemType>1</ItemType>
      <ItemName>משקה סאפה תפוח 300 מ</ItemName>
      <ManufacturerName>SAPPE PUBLIC COMPANY</ManufacturerName>
      <ManufactureCountry>תאילנד</ManufactureCountry>
      <ManufacturerItemDescription>סאפה תפוח (24) 300 מל</ManufacturerItemDescription>
      <UnitQty>מיליליטרים</UnitQty>
      <Quantity>300.00</Quantity>
      <UnitOfMeasure>100 מ"ל</UnitOfMeasure>
      <bIsWeighted>0</bIsWeighted>
      <QtyInPackage>1</QtyInPackage>
      <ItemPrice>7.50</ItemPrice>
      <UnitOfMeasurePrice>2.5000</UnitOfMeasurePrice>
      <AllowDiscount>1</AllowDiscount>
      <ItemStatus>1</ItemStatus>
      <ItemId>43290</ItemId>
    </Item>
    <Item>
      <PriceUpdateDate>2015-10-04 10:19:18</PriceUpdateDate>
      <ItemCode>7290004136598</ItemCode>
      <ItemType>1</ItemType>
      <ItemName>מארז הפסקת אוכל חלב</ItemName>
      <ManufacturerName>תנובה מרכז שיתופי לש</ManufacturerName>
      <ManufactureCountry>ישראל</ManufactureCountry>
      <ManufacturerItemDescription>מארז הפסקת אוכל חלב+דגנים</ManufacturerItemDescription>
      <UnitQty>Unknown </UnitQty>
      <Quantity>0.00</Quantity>
      <UnitOfMeasure>Unknown </UnitOfMeasure>
      <bIsWeighted>0</bIsWeighted>
      <QtyInPackage>1</QtyInPackage>
      <ItemPrice>9.20</ItemPrice>
      <UnitOfMeasurePrice>0.0000</UnitOfMeasurePrice>
      <AllowDiscount>1</AllowDiscount>
      <ItemStatus>1</ItemStatus>
      <ItemId>45074</ItemId>
    </Item>
    <Item>
      <PriceUpdateDate>2015-01-01 00:00:00</PriceUpdateDate>
      <ItemCode>7290005549618</ItemCode>
      <ItemType>1</ItemType>
      <ItemName>מרשמלו משפחתי</ItemName>
      <ManufacturerName>תות ממתקי איכות</ManufacturerName>
      <ManufactureCountry>ישראל</ManufactureCountry>
      <ManufacturerItemDescription>מרשמלו משפחתי 180 גרם</ManufacturerItemDescription>
      <UnitQty>גרמים</UnitQty>
      <Quantity>180.00</Quantity>
      <UnitOfMeasure>100 גרם</UnitOfMeasure>
      <bIsWeighted>0</bIsWeighted>
      <QtyInPackage>1</QtyInPackage>
      <ItemPrice>6.40</ItemPrice>
      <UnitOfMeasurePrice>3.5556</UnitOfMeasurePrice>
      <AllowDiscount>1</AllowDiscount>
      <ItemStatus>1</ItemStatus>
      <ItemId>45851</ItemId>
    </Item>
    <Item>
      <PriceUpdateDate>2015-01-01 00:00:00</PriceUpdateDate>
      <ItemCode>8032880800243</ItemCode>
      <ItemType>1</ItemType>
      <ItemName>פיקניק הפתעה</ItemName>
      <ManufacturerName>הוסטה</ManufacturerName>
      <ManufactureCountry>לא ידוע</ManufactureCountry>
      <ManufacturerItemDescription>פיקניק הפתעה 50 גר                     "</ManufacturerItemDescription>
      <UnitQty>גרמים</UnitQty>
      <Quantity>50.00</Quantity>
      <UnitOfMeasure>100 גרם</UnitOfMeasure>
      <bIsWeighted>0</bIsWeighted>
      <QtyInPackage>1</QtyInPackage>
      <ItemPrice>10.50</ItemPrice>
      <UnitOfMeasurePrice>21.0000</UnitOfMeasurePrice>
      <AllowDiscount>1</AllowDiscount>
      <ItemStatus>1</ItemStatus>
      <ItemId>45925</ItemId>
    </Item>
    <Item>
      <PriceUpdateDate>2015-10-04 10:18:28</PriceUpdateDate>
      <ItemCode>7290000193083</ItemCode>
      <ItemType>1</ItemType>
      <ItemName>תחבושות נובה לי בודד</ItemName>
      <ManufacturerName>Ontex</ManufacturerName>
      <ManufactureCountry>צ'כיה</ManufactureCountry>
      <ManufacturerItemDescription>תחבושות נובה לי בודד 28 יח             "</ManufacturerItemDescription>
      <UnitQty>Unknown </UnitQty>
      <Quantity>0.00</Quantity>
      <UnitOfMeasure>Unknown </UnitOfMeasure>
      <bIsWeighted>0</bIsWeighted>
      <QtyInPackage>1</QtyInPackage>
      <ItemPrice>10.80</ItemPrice>
      <UnitOfMeasurePrice>0.0000</UnitOfMeasurePrice>
      <AllowDiscount>1</AllowDiscount>
      <ItemStatus>1</ItemStatus>
      <ItemId>45977</ItemId>
    </Item>
    <Item>
      <PriceUpdateDate>2015-01-01 00:00:00</PriceUpdateDate>
      <ItemCode>42154662</ItemCode>
      <ItemType>1</ItemType>
      <ItemName>א.באריזת מעטפה ספירמ</ItemName>
      <ManufacturerName>ריגלי</ManufacturerName>
      <ManufactureCountry>צרפת</ManufactureCountry>
      <ManufacturerItemDescription>אורביט באריזת מעטפה ספירמינט</ManufacturerItemDescription>
      <UnitQty>Unknown </UnitQty>
      <Quantity>0.00</Quantity>
      <UnitOfMeasure>Unknown </UnitOfMeasure>
      <bIsWeighted>0</bIsWeighted>
      <QtyInPackage>1</QtyInPackage>
      <ItemPrice>6.00</ItemPrice>
      <UnitOfMeasurePrice>0.0000</UnitOfMeasurePrice>
      <AllowDiscount>1</AllowDiscount>
      <ItemStatus>1</ItemStatus>
      <ItemId>46007</ItemId>
    </Item>
    <Item>
      <PriceUpdateDate>2015-01-01 00:00:00</PriceUpdateDate>
      <ItemCode>4</ItemCode>
      <ItemType>0</ItemType>
      <ItemName>עגבנייה ארוזה שמיטה</ItemName>
      <ManufacturerName>חקלאי</ManufacturerName>
      <ManufactureCountry>ישראל</ManufactureCountry>
      <ManufacturerItemDescription>עגבניה ארוזה שמיטה</ManufacturerItemDescription>
      <UnitQty>קילוגרמים</UnitQty>
      <Quantity>1.00</Quantity>
      <UnitOfMeasure>ק"ג</UnitOfMeasure>
      <bIsWeighted>1</bIsWeighted>
      <QtyInPackage>1</QtyInPackage>
      <ItemPrice>0.00</ItemPrice>
      <UnitOfMeasurePrice>0.0000</UnitOfMeasurePrice>
      <AllowDiscount>1</AllowDiscount>
      <ItemStatus>1</ItemStatus>
      <ItemId>98632</ItemId>
    </Item>
    <Item>
      <PriceUpdateDate>2016-05-04 07:07:15</PriceUpdateDate>
      <ItemCode>72983416</ItemCode>
      <ItemType>1</ItemType>
      <ItemName>L.M בלו ארוך</ItemName>
      <ManufacturerName>פיליפ מוריס</ManufacturerName>
      <ManufactureCountry>לא ידוע</ManufactureCountry>
      <ManufacturerItemDescription>סיגריות L.M בלו לייבל ארוך</ManufacturerItemDescription>
      <UnitQty>Unknown </UnitQty>
      <Quantity>0.00</Quantity>
      <UnitOfMeasure>Unknown </UnitOfMeasure>
      <bIsWeighted>0</bIsWeighted>
      <QtyInPackage>1</QtyInPackage>
      <ItemPrice>33.80</ItemPrice>
      <UnitOfMeasurePrice>0.0000</UnitOfMeasurePrice>
      <AllowDiscount>0</AllowDiscount>
      <ItemStatus>1</ItemStatus>
      <ItemId>46129</ItemId>
    </Item>
    <Item>
      <PriceUpdateDate>2015-12-25 09:15:42</PriceUpdateDate>
      <ItemCode>7290011378028</ItemCode>
      <ItemType>1</ItemType>
      <ItemName>חלבה משומשום מלא</ItemName>
      <ManufacturerName>רושדי תעשיות מזון בע</ManufacturerName>
      <ManufactureCountry>לא ידוע</ManufactureCountry>
      <ManufacturerItemDescription>חלבה ללא סוכר משומשום מלא           350</ManufacturerItemDescription>
      <UnitQty>גרמים</UnitQty>
      <Quantity>350.00</Quantity>
      <UnitOfMeasure>100 גרם</UnitOfMeasure>
      <bIsWeighted>0</bIsWeighted>
      <QtyInPackage>1</QtyInPackage>
      <ItemPrice>18.90</ItemPrice>
      <UnitOfMeasurePrice>5.4000</UnitOfMeasurePrice>
      <AllowDiscount>1</AllowDiscount>
      <ItemStatus>1</ItemStatus>
      <ItemId>46185</ItemId>
    </Item>
    <Item>
      <PriceUpdateDate>2016-05-25 12:26:38</PriceUpdateDate>
      <ItemCode>7290003427208</ItemCode>
      <ItemType>1</ItemType>
      <ItemName>שמן זית כנען כ.מעולה</ItemName>
      <ManufacturerName>זיתא – י.ט.ב תעשיות</ManufacturerName>
      <ManufactureCountry>ישראל</ManufactureCountry>
      <ManufacturerItemDescription>שמן זית כנען כתית מעולה750 מ"ל</ManufacturerItemDescription>
      <UnitQty>מיליליטרים</UnitQty>
      <Quantity>750.00</Quantity>
      <UnitOfMeasure>100 מ"ל</UnitOfMeasure>
      <bIsWeighted>0</bIsWeighted>
      <QtyInPackage>1</QtyInPackage>
      <ItemPrice>45.90</ItemPrice>
      <UnitOfMeasurePrice>6.1200</UnitOfMeasurePrice>
      <AllowDiscount>1</AllowDiscount>
      <ItemStatus>1</ItemStatus>
      <ItemId>46206</ItemId>
    </Item>
    <Item>
      <PriceUpdateDate>2016-06-07 07:34:58</PriceUpdateDate>
      <ItemCode>7290000208213</ItemCode>
      <ItemType>1</ItemType>
      <ItemName>שעועית לבנה ברוטב</ItemName>
      <ManufacturerName>יכין</ManufacturerName>
      <ManufactureCountry>לא ידוע</ManufactureCountry>
      <ManufacturerItemDescription>שעועית לבנה ברוטב עגבניות 580 גר</ManufacturerItemDescription>
      <UnitQty>גרמים</UnitQty>
      <Quantity>580.00</Quantity>
      <UnitOfMeasure>100 גרם</UnitOfMeasure>
      <bIsWeighted>0</bIsWeighted>
      <QtyInPackage>1</QtyInPackage>
      <ItemPrice>6.90</ItemPrice>
      <UnitOfMeasurePrice>1.1897</UnitOfMeasurePrice>
      <AllowDiscount>1</AllowDiscount>
      <ItemStatus>1</ItemStatus>
      <ItemId>102731</ItemId>
    </Item>
    <Item>
      <PriceUpdateDate>2015-01-01 00:00:00</PriceUpdateDate>
      <ItemCode>7290002502203</ItemCode>
      <ItemType>1</ItemType>
      <ItemName>בורקס גבינה</ItemName>
      <ManufacturerName>בונזור</ManufacturerName>
      <ManufactureCountry>ישראל</ManufactureCountry>
      <ManufacturerItemDescription>בורקס גבינה 1 ק"ג</ManufacturerItemDescription>
      <UnitQty>קילוגרמים</UnitQty>
      <Quantity>1.00</Quantity>
      <UnitOfMeasure>ק"ג</UnitOfMeasure>
      <bIsWeighted>1</bIsWeighted>
      <QtyInPackage>לא ידוע</QtyInPackage>
      <ItemPrice>34.00</ItemPrice>
      <UnitOfMeasurePrice>34.0000</UnitOfMeasurePrice>
      <AllowDiscount>1</AllowDiscount>
      <ItemStatus>1</ItemStatus>
      <ItemId>46498</ItemId>
    </Item>
    <Item>
      <PriceUpdateDate>2015-10-04 10:17:38</PriceUpdateDate>
      <ItemCode>7290011765255</ItemCode>
      <ItemType>1</ItemType>
      <ItemName>גל לניקוי ידיים</ItemName>
      <ManufacturerName>קוסמופארם</ManufacturerName>
      <ManufactureCountry>ישראל</ManufactureCountry>
      <ManufacturerItemDescription>גל לניקוי ידיים סנו מדיק           100</ManufacturerItemDescription>
      <UnitQty>מיליליטרים</UnitQty>
      <Quantity>100.00</Quantity>
      <UnitOfMeasure>100 מ"ל</UnitOfMeasure>
      <bIsWeighted>0</bIsWeighted>
      <QtyInPackage>1</QtyInPackage>
      <ItemPrice>9.80</ItemPrice>
      <UnitOfMeasurePrice>9.8000</UnitOfMeasurePrice>
      <AllowDiscount>1</AllowDiscount>
      <ItemStatus>1</ItemStatus>
      <ItemId>46552</ItemId>
    </Item>
    <Item>
      <PriceUpdateDate>2015-10-04 10:17:07</PriceUpdateDate>
      <ItemCode>7290004269890</ItemCode>
      <ItemType>1</ItemType>
      <ItemName>עוגת בראוניס עשירה</ItemName>
      <ManufacturerName>קונדיטוריות לחמי</ManufacturerName>
      <ManufactureCountry>ישראל</ManufactureCountry>
      <ManufacturerItemDescription>עוגת בראוניס עשירה 380 גרם</ManufacturerItemDescription>
      <UnitQty>גרמים</UnitQty>
      <Quantity>380.00</Quantity>
      <UnitOfMeasure>100 גרם</UnitOfMeasure>
      <bIsWeighted>0</bIsWeighted>
      <QtyInPackage>1</QtyInPackage>
      <ItemPrice>19.70</ItemPrice>
      <UnitOfMeasurePrice>5.1842</UnitOfMeasurePrice>
      <AllowDiscount>1</AllowDiscount>
      <ItemStatus>1</ItemStatus>
      <ItemId>46617</ItemId>
    </Item>
    <Item>
      <PriceUpdateDate>2016-05-04 07:07:15</PriceUpdateDate>
      <ItemCode>72993477</ItemCode>
      <ItemType>1</ItemType>
      <ItemName>L.M וייב סלים</ItemName>
      <ManufacturerName>פיליפ מוריס</ManufacturerName>
      <ManufactureCountry>לא ידוע</ManufactureCountry>
      <ManufacturerItemDescription>סיגריות L.M וייב סלימס בודד</ManufacturerItemDescription>
      <UnitQty>Unknown </UnitQty>
      <Quantity>0.00</Quantity>
      <UnitOfMeasure>Unknown </UnitOfMeasure>
      <bIsWeighted>0</bIsWeighted>
      <QtyInPackage>1</QtyInPackage>
      <ItemPrice>33.80</ItemPrice>
      <UnitOfMeasurePrice>0.0000</UnitOfMeasurePrice>
      <AllowDiscount>0</AllowDiscount>
      <ItemStatus>1</ItemStatus>
      <ItemId>46640</ItemId>
    </Item>
    <Item>
      <PriceUpdateDate>2016-05-19 08:00:32</PriceUpdateDate>
      <ItemCode>8697530910743</ItemCode>
      <ItemType>1</ItemType>
      <ItemName>פאל מל כחול קצר</ItemName>
      <ManufacturerName>BAT</ManufacturerName>
      <ManufactureCountry>לא ידוע</ManufactureCountry>
      <ManufacturerItemDescription>סיגריות פאל מל כחול בודד</ManufacturerItemDescription>
      <UnitQty>Unknown </UnitQty>
      <Quantity>0.00</Quantity>
      <UnitOfMeasure>Unknown </UnitOfMeasure>
      <bIsWeighted>0</bIsWeighted>
      <QtyInPackage>1</QtyInPackage>
      <ItemPrice>30.00</ItemPrice>
      <UnitOfMeasurePrice>0.0000</UnitOfMeasurePrice>
      <AllowDiscount>0</AllowDiscount>
      <ItemStatus>1</ItemStatus>
      <ItemId>46641</ItemId>
    </Item>
    <Item>
      <PriceUpdateDate>2016-05-19 08:00:32</PriceUpdateDate>
      <ItemCode>8697530910750</ItemCode>
      <ItemType>1</ItemType>
      <ItemName>פאל מל כחול ארוך</ItemName>
      <ManufacturerName>BAT</ManufacturerName>
      <ManufactureCountry>לא ידוע</ManufactureCountry>
      <ManufacturerItemDescription>סיגריות פאל מל כחול ארוך בודד</ManufacturerItemDescription>
      <UnitQty>Unknown </UnitQty>
      <Quantity>0.00</Quantity>
      <UnitOfMeasure>Unknown </UnitOfMeasure>
      <bIsWeighted>0</bIsWeighted>
      <QtyInPackage>1</QtyInPackage>
      <ItemPrice>30.00</ItemPrice>
      <UnitOfMeasurePrice>0.0000</UnitOfMeasurePrice>
      <AllowDiscount>0</AllowDiscount>
      <ItemStatus>1</ItemStatus>
      <ItemId>46642</ItemId>
    </Item>
    <Item>
      <PriceUpdateDate>2016-06-07 07:34:57</PriceUpdateDate>
      <ItemCode>7290008909761</ItemCode>
      <ItemType>1</ItemType>
      <ItemName>בירה קרלסברג בקבוק</ItemName>
      <ManufacturerName>קרלסברג ישראל</ManufacturerName>
      <ManufactureCountry>לא ידוע</ManufactureCountry>
      <ManufacturerItemDescription>בירה קרלסברג בקבוק 330 מ"ל</ManufacturerItemDescription>
      <UnitQty>מיליליטרים</UnitQty>
      <Quantity>330.00</Quantity>
      <UnitOfMeasure>100 מ"ל</UnitOfMeasure>
      <bIsWeighted>0</bIsWeighted>
      <QtyInPackage>1</QtyInPackage>
      <ItemPrice>9.10</ItemPrice>
      <UnitOfMeasurePrice>2.7576</UnitOfMeasurePrice>
      <AllowDiscount>1</AllowDiscount>
      <ItemStatus>1</ItemStatus>
      <ItemId>46697</ItemId>
    </Item>
    <Item>
      <PriceUpdateDate>2016-02-23 14:07:31</PriceUpdateDate>
      <ItemCode>5011321333253</ItemCode>
      <ItemType>1</ItemType>
      <ItemName>הד&amp;שולדרס שמפו2 ב -1</ItemName>
      <ManufacturerName>פרוקטר אנד גמבל</ManufacturerName>
      <ManufactureCountry>צרפת</ManufactureCountry>
      <ManufacturerItemDescription>הד&amp;שולדרס 2 ב 1-נוסחה קלאסי          400</ManufacturerItemDescription>
      <UnitQty>מיליליטרים</UnitQty>
      <Quantity>400.00</Quantity>
      <UnitOfMeasure>100 מ"ל</UnitOfMeasure>
      <bIsWeighted>0</bIsWeighted>
      <QtyInPackage>1</QtyInPackage>
      <ItemPrice>26.40</ItemPrice>
      <UnitOfMeasurePrice>6.6000</UnitOfMeasurePrice>
      <AllowDiscount>1</AllowDiscount>
      <ItemStatus>1</ItemStatus>
      <ItemId>46716</ItemId>
    </Item>
    <Item>
      <PriceUpdateDate>2015-07-30 12:19:36</PriceUpdateDate>
      <ItemCode>7290002008361</ItemCode>
      <ItemType>1</ItemType>
      <ItemName>נייר לסנדוויץ 200 דפ</ItemName>
      <ManufacturerName>מ.ל.נ.</ManufacturerName>
      <ManufactureCountry>ישראל</ManufactureCountry>
      <ManufacturerItemDescription>נייר לסנדוויץ 200 דפים</ManufacturerItemDescription>
      <UnitQty>Unknown </UnitQty>
      <Quantity>0.00</Quantity>
      <UnitOfMeasure>Unknown </UnitOfMeasure>
      <bIsWeighted>0</bIsWeighted>
      <QtyInPackage>1</QtyInPackage>
      <ItemPrice>14.30</ItemPrice>
      <UnitOfMeasurePrice>0.0000</UnitOfMeasurePrice>
      <AllowDiscount>1</AllowDiscount>
      <ItemStatus>1</ItemStatus>
      <ItemId>77498</ItemId>
    </Item>
    <Item>
      <PriceUpdateDate>2015-01-01 00:00:00</PriceUpdateDate>
      <ItemCode>7290003703418</ItemCode>
      <ItemType>1</ItemType>
      <ItemName>גביניות</ItemName>
      <ManufacturerName>בונזור</ManufacturerName>
      <ManufactureCountry>ישראל</ManufactureCountry>
      <ManufacturerItemDescription>גביניות 1 ק"ג</ManufacturerItemDescription>
      <UnitQty>קילוגרמים</UnitQty>
      <Quantity>1.00</Quantity>
      <UnitOfMeasure>ק"ג</UnitOfMeasure>
      <bIsWeighted>1</bIsWeighted>
      <QtyInPackage>לא ידוע</QtyInPackage>
      <ItemPrice>34.00</ItemPrice>
      <UnitOfMeasurePrice>34.0000</UnitOfMeasurePrice>
      <AllowDiscount>1</AllowDiscount>
      <ItemStatus>1</ItemStatus>
      <ItemId>46805</ItemId>
    </Item>
    <Item>
      <PriceUpdateDate>2015-10-04 10:19:18</PriceUpdateDate>
      <ItemCode>7290004135614</ItemCode>
      <ItemType>1</ItemType>
      <ItemName>גבינה בולגרית מעודנת</ItemName>
      <ManufacturerName>תנובה מרכז שיתופי לש</ManufacturerName>
      <ManufactureCountry>ישראל</ManufactureCountry>
      <ManufacturerItemDescription>גבינה בולגרית מעודנת 5% פיראוס</ManufacturerItemDescription>
      <UnitQty>גרמים</UnitQty>
      <Quantity>250.00</Quantity>
      <UnitOfMeasure>100 גרם</UnitOfMeasure>
      <bIsWeighted>0</bIsWeighted>
      <QtyInPackage>1</QtyInPackage>
      <ItemPrice>22.00</ItemPrice>
      <UnitOfMeasurePrice>8.8000</UnitOfMeasurePrice>
      <AllowDiscount>1</AllowDiscount>
      <ItemStatus>1</ItemStatus>
      <ItemId>46808</ItemId>
    </Item>
    <Item>
      <PriceUpdateDate>2015-01-01 00:00:00</PriceUpdateDate>
      <ItemCode>7290101980919</ItemCode>
      <ItemType>1</ItemType>
      <ItemName>מארז ביצי שוקולד</ItemName>
      <ManufacturerName>זאיני</ManufacturerName>
      <ManufactureCountry>איטליה</ManufactureCountry>
      <ManufacturerItemDescription>מארז שלישיית ביצי שוקולד ממותג</ManufacturerItemDescription>
      <UnitQty>גרמים</UnitQty>
      <Quantity>60.00</Quantity>
      <UnitOfMeasure>100 גרם</UnitOfMeasure>
      <bIsWeighted>0</bIsWeighted>
      <QtyInPackage>1</QtyInPackage>
      <ItemPrice>15.90</ItemPrice>
      <UnitOfMeasurePrice>26.5000</UnitOfMeasurePrice>
      <AllowDiscount>1</AllowDiscount>
      <ItemStatus>1</ItemStatus>
      <ItemId>46817</ItemId>
    </Item>
    <Item>
      <PriceUpdateDate>2016-05-11 08:05:00</PriceUpdateDate>
      <ItemCode>7290101860914</ItemCode>
      <ItemType>1</ItemType>
      <ItemName>אבקת כביסה קולון101</ItemName>
      <ManufacturerName>קולון</ManufacturerName>
      <ManufactureCountry>ישראל</ManufactureCountry>
      <ManufacturerItemDescription>אבקת כביסה קולון 6 101 ק"ג</ManufacturerItemDescription>
      <UnitQty>קילוגרמים</UnitQty>
      <Quantity>6.00</Quantity>
      <UnitOfMeasure>ק"ג</UnitOfMeasure>
      <bIsWeighted>0</bIsWeighted>
      <QtyInPackage>1</QtyInPackage>
      <ItemPrice>59.30</ItemPrice>
      <UnitOfMeasurePrice>9.8833</UnitOfMeasurePrice>
      <AllowDiscount>1</AllowDiscount>
      <ItemStatus>1</ItemStatus>
      <ItemId>46844</ItemId>
    </Item>
    <Item>
      <PriceUpdateDate>2015-06-15 14:25:27</PriceUpdateDate>
      <ItemCode>7290102390427</ItemCode>
      <ItemType>1</ItemType>
      <ItemName>פרופ תות מולר</ItemName>
      <ManufacturerName>טרה</ManufacturerName>
      <ManufactureCountry>ישראל</ManufactureCountry>
      <ManufacturerItemDescription>פרופ תות מולר 150 מל</ManufacturerItemDescription>
      <UnitQty>מיליליטרים</UnitQty>
      <Quantity>150.00</Quantity>
      <UnitOfMeasure>100 מ"ל</UnitOfMeasure>
      <bIsWeighted>0</bIsWeighted>
      <QtyInPackage>1</QtyInPackage>
      <ItemPrice>5.20</ItemPrice>
      <UnitOfMeasurePrice>3.4667</UnitOfMeasurePrice>
      <AllowDiscount>1</AllowDiscount>
      <ItemStatus>1</ItemStatus>
      <ItemId>47056</ItemId>
    </Item>
    <Item>
      <PriceUpdateDate>2015-06-15 14:25:27</PriceUpdateDate>
      <ItemCode>7290102390465</ItemCode>
      <ItemType>1</ItemType>
      <ItemName>פרופ אפרסק פסיפלורה</ItemName>
      <ManufacturerName>טרה</ManufacturerName>
      <ManufactureCountry>ישראל</ManufactureCountry>
      <ManufacturerItemDescription>פרופ אפרסק פסיפלורה מולר            150</ManufacturerItemDescription>
      <UnitQty>מיליליטרים</UnitQty>
      <Quantity>150.00</Quantity>
      <UnitOfMeasure>100 מ"ל</UnitOfMeasure>
      <bIsWeighted>0</bIsWeighted>
      <QtyInPackage>1</QtyInPackage>
      <ItemPrice>5.20</ItemPrice>
      <UnitOfMeasurePrice>3.4667</UnitOfMeasurePrice>
      <AllowDiscount>1</AllowDiscount>
      <ItemStatus>1</ItemStatus>
      <ItemId>47059</ItemId>
    </Item>
    <Item>
      <PriceUpdateDate>2015-06-15 14:25:27</PriceUpdateDate>
      <ItemCode>7290102390489</ItemCode>
      <ItemType>1</ItemType>
      <ItemName>פרופ לימון מולר</ItemName>
      <ManufacturerName>טרה</ManufacturerName>
      <ManufactureCountry>ישראל</ManufactureCountry>
      <ManufacturerItemDescription>פרופ לימון מולר 150 מל</ManufacturerItemDescription>
      <UnitQty>מיליליטרים</UnitQty>
      <Quantity>150.00</Quantity>
      <UnitOfMeasure>100 מ"ל</UnitOfMeasure>
      <bIsWeighted>0</bIsWeighted>
      <QtyInPackage>1</QtyInPackage>
      <ItemPrice>5.20</ItemPrice>
      <UnitOfMeasurePrice>3.4667</UnitOfMeasurePrice>
      <AllowDiscount>1</AllowDiscount>
      <ItemStatus>1</ItemStatus>
      <ItemId>47061</ItemId>
    </Item>
    <Item>
      <PriceUpdateDate>2015-10-04 10:19:39</PriceUpdateDate>
      <ItemCode>7290000266206</ItemCode>
      <ItemType>1</ItemType>
      <ItemName>כריך טוניסאי 250 גרם</ItemName>
      <ManufacturerName>עינת תעשיות מזון</ManufacturerName>
      <ManufactureCountry>לא ידוע</ManufactureCountry>
      <ManufacturerItemDescription>כריך טוניסאי 220 גרם</ManufacturerItemDescription>
      <UnitQty>גרמים</UnitQty>
      <Quantity>250.00</Quantity>
      <UnitOfMeasure>100 גרם</UnitOfMeasure>
      <bIsWeighted>0</bIsWeighted>
      <QtyInPackage>1</QtyInPackage>
      <ItemPrice>19.70</ItemPrice>
      <UnitOfMeasurePrice>7.8800</UnitOfMeasurePrice>
      <AllowDiscount>1</AllowDiscount>
      <ItemStatus>1</ItemStatus>
      <ItemId>47099</ItemId>
    </Item>
    <Item>
      <PriceUpdateDate>2016-06-14 12:02:41</PriceUpdateDate>
      <ItemCode>7290011081690</ItemCode>
      <ItemType>1</ItemType>
      <ItemName>קרמיסימו פרווה וניל</ItemName>
      <ManufacturerName>שטראוס גלידות</ManufacturerName>
      <ManufactureCountry>ישראל</ManufactureCountry>
      <ManufacturerItemDescription>קרמיסימו פרווה וניל ציפס</ManufacturerItemDescription>
      <UnitQty>ליטרים</UnitQty>
      <Quantity>1.33</Quantity>
      <UnitOfMeasure>ליטר</UnitOfMeasure>
      <bIsWeighted>0</bIsWeighted>
      <QtyInPackage>1</QtyInPackage>
      <ItemPrice>23.90</ItemPrice>
      <UnitOfMeasurePrice>17.9699</UnitOfMeasurePrice>
      <AllowDiscount>1</AllowDiscount>
      <ItemStatus>1</ItemStatus>
      <ItemId>47117</ItemId>
    </Item>
    <Item>
      <PriceUpdateDate>2015-05-19 16:41:39</PriceUpdateDate>
      <ItemCode>5906485301098</ItemCode>
      <ItemType>1</ItemType>
      <ItemName>משקה אנרגיה XL דיאט</ItemName>
      <ManufacturerName>טמפו</ManufacturerName>
      <ManufactureCountry>ישראל</ManufactureCountry>
      <ManufacturerItemDescription>משקה אנרגיה XL דיאט 250 מל</ManufacturerItemDescription>
      <UnitQty>מיליליטרים</UnitQty>
      <Quantity>250.00</Quantity>
      <UnitOfMeasure>100 מ"ל</UnitOfMeasure>
      <bIsWeighted>0</bIsWeighted>
      <QtyInPackage>1</QtyInPackage>
      <ItemPrice>5.20</ItemPrice>
      <UnitOfMeasurePrice>2.0800</UnitOfMeasurePrice>
      <AllowDiscount>1</AllowDiscount>
      <ItemStatus>1</ItemStatus>
      <ItemId>47131</ItemId>
    </Item>
    <Item>
      <PriceUpdateDate>2015-10-04 10:18:13</PriceUpdateDate>
      <ItemCode>7290008909853</ItemCode>
      <ItemType>1</ItemType>
      <ItemName>קוקה קולה זירו</ItemName>
      <ManufacturerName>החברה המרכזית למשקאו</ManufacturerName>
      <ManufactureCountry>ישראל</ManufactureCountry>
      <ManufacturerItemDescription>קוקה קולה זירו 500 מל</ManufacturerItemDescription>
      <UnitQty>מיליליטרים</UnitQty>
      <Quantity>500.00</Quantity>
      <UnitOfMeasure>100 מ"ל</UnitOfMeasure>
      <bIsWeighted>0</bIsWeighted>
      <QtyInPackage>1</QtyInPackage>
      <ItemPrice>6.90</ItemPrice>
      <UnitOfMeasurePrice>1.3800</UnitOfMeasurePrice>
      <AllowDiscount>1</AllowDiscount>
      <ItemStatus>1</ItemStatus>
      <ItemId>47188</ItemId>
    </Item>
    <Item>
      <PriceUpdateDate>2015-10-04 10:18:13</PriceUpdateDate>
      <ItemCode>7290008909860</ItemCode>
      <ItemType>1</ItemType>
      <ItemName>קוקה קולה זירו</ItemName>
      <ManufacturerName>החברה המרכזית למשקאו</ManufacturerName>
      <ManufactureCountry>ישראל</ManufactureCountry>
      <ManufacturerItemDescription>קוקה קולה זירו 1.5 ל</ManufacturerItemDescription>
      <UnitQty>ליטרים</UnitQty>
      <Quantity>1.50</Quantity>
      <UnitOfMeasure>ליטר</UnitOfMeasure>
      <bIsWeighted>0</bIsWeighted>
      <QtyInPackage>1</QtyInPackage>
      <ItemPrice>7.30</ItemPrice>
      <UnitOfMeasurePrice>4.8667</UnitOfMeasurePrice>
      <AllowDiscount>1</AllowDiscount>
      <ItemStatus>1</ItemStatus>
      <ItemId>47245</ItemId>
    </Item>
    <Item>
      <PriceUpdateDate>2015-10-04 10:19:18</PriceUpdateDate>
      <ItemCode>7290004136130</ItemCode>
      <ItemType>1</ItemType>
      <ItemName>שוקו 340 מ"ל בקבוק</ItemName>
      <ManufacturerName>תנובה מרכז שיתופי לש</ManufacturerName>
      <ManufactureCountry>ישראל</ManufactureCountry>
      <ManufacturerItemDescription>שוקו 340 מל בקבוק</ManufacturerItemDescription>
      <UnitQty>מיליליטרים</UnitQty>
      <Quantity>340.00</Quantity>
      <UnitOfMeasure>100 מ"ל</UnitOfMeasure>
      <bIsWeighted>0</bIsWeighted>
      <QtyInPackage>1</QtyInPackage>
      <ItemPrice>6.20</ItemPrice>
      <UnitOfMeasurePrice>1.8235</UnitOfMeasurePrice>
      <AllowDiscount>1</AllowDiscount>
      <ItemStatus>1</ItemStatus>
      <ItemId>47376</ItemId>
    </Item>
    <Item>
      <PriceUpdateDate>2015-08-03 07:56:03</PriceUpdateDate>
      <ItemCode>7290004136154</ItemCode>
      <ItemType>1</ItemType>
      <ItemName>משקה אייס קפה</ItemName>
      <ManufacturerName>תנובה מרכז שיתופי לש</ManufacturerName>
      <ManufactureCountry>ישראל</ManufactureCountry>
      <ManufacturerItemDescription>משקה אייס קפה340 מל בקבוק</ManufacturerItemDescription>
      <UnitQty>מיליליטרים</UnitQty>
      <Quantity>340.00</Quantity>
      <UnitOfMeasure>100 מ"ל</UnitOfMeasure>
      <bIsWeighted>0</bIsWeighted>
      <QtyInPackage>1</QtyInPackage>
      <ItemPrice>6.50</ItemPrice>
      <UnitOfMeasurePrice>1.9118</UnitOfMeasurePrice>
      <AllowDiscount>1</AllowDiscount>
      <ItemStatus>1</ItemStatus>
      <ItemId>47377</ItemId>
    </Item>
    <Item>
      <PriceUpdateDate>2015-10-04 10:18:58</PriceUpdateDate>
      <ItemCode>7290005095382</ItemCode>
      <ItemType>1</ItemType>
      <ItemName>מוצרי שנטי</ItemName>
      <ManufacturerName>ייוו יופין קנדל בע"מ</ManufacturerName>
      <ManufactureCountry>סין</ManufactureCountry>
      <ManufacturerItemDescription>מוצרי שנטי</ManufacturerItemDescription>
      <UnitQty>Unknown </UnitQty>
      <Quantity>0.00</Quantity>
      <UnitOfMeasure>Unknown </UnitOfMeasure>
      <bIsWeighted>0</bIsWeighted>
      <QtyInPackage>1</QtyInPackage>
      <ItemPrice>13.70</ItemPrice>
      <UnitOfMeasurePrice>0.0000</UnitOfMeasurePrice>
      <AllowDiscount>1</AllowDiscount>
      <ItemStatus>1</ItemStatus>
      <ItemId>47455</ItemId>
    </Item>
    <Item>
      <PriceUpdateDate>2015-10-04 10:17:55</PriceUpdateDate>
      <ItemCode>8714789303925</ItemCode>
      <ItemType>1</ItemType>
      <ItemName>מברשת שיניים 360 זוג</ItemName>
      <ManufacturerName>COLGATE ($) -PALMOLI</ManufacturerName>
      <ManufactureCountry>שוויץ</ManufactureCountry>
      <ManufacturerItemDescription>קולגייט מב.שיניים 360 סנסטיב ז</ManufacturerItemDescription>
      <UnitQty>Unknown </UnitQty>
      <Quantity>0.00</Quantity>
      <UnitOfMeasure>Unknown </UnitOfMeasure>
      <bIsWeighted>0</bIsWeighted>
      <QtyInPackage>2</QtyInPackage>
      <ItemPrice>39.50</ItemPrice>
      <UnitOfMeasurePrice>0.0000</UnitOfMeasurePrice>
      <AllowDiscount>1</AllowDiscount>
      <ItemStatus>1</ItemStatus>
      <ItemId>47499</ItemId>
    </Item>
    <Item>
      <PriceUpdateDate>2015-01-01 00:00:00</PriceUpdateDate>
      <ItemCode>7290002502166</ItemCode>
      <ItemType>1</ItemType>
      <ItemName>חצי באגט לבן</ItemName>
      <ManufacturerName>בונזור</ManufacturerName>
      <ManufactureCountry>ישראל</ManufactureCountry>
      <ManufacturerItemDescription>חצי באגט לבן</ManufacturerItemDescription>
      <UnitQty>Unknown </UnitQty>
      <Quantity>0.00</Quantity>
      <UnitOfMeasure>Unknown </UnitOfMeasure>
      <bIsWeighted>0</bIsWeighted>
      <QtyInPackage>1</QtyInPackage>
      <ItemPrice>3.00</ItemPrice>
      <UnitOfMeasurePrice>0.0000</UnitOfMeasurePrice>
      <AllowDiscount>1</AllowDiscount>
      <ItemStatus>1</ItemStatus>
      <ItemId>47583</ItemId>
    </Item>
    <Item>
      <PriceUpdateDate>2015-08-12 10:24:40</PriceUpdateDate>
      <ItemCode>7290100687109</ItemCode>
      <ItemType>1</ItemType>
      <ItemName>במבה במילוי נוגט</ItemName>
      <ManufacturerName>אסם</ManufacturerName>
      <ManufactureCountry>ישראל</ManufactureCountry>
      <ManufacturerItemDescription>במבה במילוי נוגט 60 גרם</ManufacturerItemDescription>
      <UnitQty>גרמים</UnitQty>
      <Quantity>60.00</Quantity>
      <UnitOfMeasure>100 גרם</UnitOfMeasure>
      <bIsWeighted>0</bIsWeighted>
      <QtyInPackage>1</QtyInPackage>
      <ItemPrice>5.90</ItemPrice>
      <UnitOfMeasurePrice>9.8333</UnitOfMeasurePrice>
      <AllowDiscount>1</AllowDiscount>
      <ItemStatus>1</ItemStatus>
      <ItemId>47717</ItemId>
    </Item>
    <Item>
      <PriceUpdateDate>2015-08-12 10:25:05</PriceUpdateDate>
      <ItemCode>72993637</ItemCode>
      <ItemType>1</ItemType>
      <ItemName>דני שוקולד מהדרין</ItemName>
      <ManufacturerName>שטראוס גרופ</ManufacturerName>
      <ManufactureCountry>ישראל</ManufactureCountry>
      <ManufacturerItemDescription>מעדן דני שוקולד 125 גרם</ManufacturerItemDescription>
      <UnitQty>גרמים</UnitQty>
      <Quantity>125.00</Quantity>
      <UnitOfMeasure>100 גרם</UnitOfMeasure>
      <bIsWeighted>0</bIsWeighted>
      <QtyInPackage>1</QtyInPackage>
      <ItemPrice>2.90</ItemPrice>
      <UnitOfMeasurePrice>2.3200</UnitOfMeasurePrice>
      <AllowDiscount>1</AllowDiscount>
      <ItemStatus>1</ItemStatus>
      <ItemId>47757</ItemId>
    </Item>
    <Item>
      <PriceUpdateDate>2015-01-01 00:00:00</PriceUpdateDate>
      <ItemCode>7290011860271</ItemCode>
      <ItemType>1</ItemType>
      <ItemName>ביסבול תפוגן</ItemName>
      <ManufacturerName>תפוגן</ManufacturerName>
      <ManufactureCountry>ישראל</ManufactureCountry>
      <ManufacturerItemDescription>ביסבול תפוגן 700 גרם</ManufacturerItemDescription>
      <UnitQty>גרמים</UnitQty>
      <Quantity>700.00</Quantity>
      <UnitOfMeasure>100 גרם</UnitOfMeasure>
      <bIsWeighted>0</bIsWeighted>
      <QtyInPackage>1</QtyInPackage>
      <ItemPrice>19.50</ItemPrice>
      <UnitOfMeasurePrice>2.7857</UnitOfMeasurePrice>
      <AllowDiscount>1</AllowDiscount>
      <ItemStatus>1</ItemStatus>
      <ItemId>47983</ItemId>
    </Item>
    <Item>
      <PriceUpdateDate>2015-08-12 10:25:05</PriceUpdateDate>
      <ItemCode>7290102035007</ItemCode>
      <ItemType>1</ItemType>
      <ItemName>מסטיק מאסט טעם בזוקה</ItemName>
      <ManufacturerName>שטראוס גרופ</ManufacturerName>
      <ManufactureCountry>ישראל</ManufactureCountry>
      <ManufacturerItemDescription>מסטיק מאסט בטעם בזוקה</ManufacturerItemDescription>
      <UnitQty>Unknown </UnitQty>
      <Quantity>0.00</Quantity>
      <UnitOfMeasure>Unknown </UnitOfMeasure>
      <bIsWeighted>0</bIsWeighted>
      <QtyInPackage>1</QtyInPackage>
      <ItemPrice>4.90</ItemPrice>
      <UnitOfMeasurePrice>0.0000</UnitOfMeasurePrice>
      <AllowDiscount>1</AllowDiscount>
      <ItemStatus>1</ItemStatus>
      <ItemId>48144</ItemId>
    </Item>
    <Item>
      <PriceUpdateDate>2015-10-04 10:19:18</PriceUpdateDate>
      <ItemCode>7290004137021</ItemCode>
      <ItemType>1</ItemType>
      <ItemName>שמנת לבישול מופחת</ItemName>
      <ManufacturerName>תנובה מרכז שיתופי לש</ManufacturerName>
      <ManufactureCountry>ישראל</ManufactureCountry>
      <ManufacturerItemDescription>שמנת לבישול מופחת שומן          10% 250</ManufacturerItemDescription>
      <UnitQty>מיליליטרים</UnitQty>
      <Quantity>250.00</Quantity>
      <UnitOfMeasure>100 מ"ל</UnitOfMeasure>
      <bIsWeighted>0</bIsWeighted>
      <QtyInPackage>1</QtyInPackage>
      <ItemPrice>8.30</ItemPrice>
      <UnitOfMeasurePrice>3.3200</UnitOfMeasurePrice>
      <AllowDiscount>1</AllowDiscount>
      <ItemStatus>1</ItemStatus>
      <ItemId>48254</ItemId>
    </Item>
    <Item>
      <PriceUpdateDate>2015-01-01 00:00:00</PriceUpdateDate>
      <ItemCode>5601045300022</ItemCode>
      <ItemType>1</ItemType>
      <ItemName>משקה גוארנה פחית 330</ItemName>
      <ManufacturerName>SUMOL+COMPAL MARCAS,</ManufacturerName>
      <ManufactureCountry>פורטוגל</ManufactureCountry>
      <ManufacturerItemDescription>גוארנה אנטרטיקה -פחית</ManufacturerItemDescription>
      <UnitQty>מיליליטרים</UnitQty>
      <Quantity>330.00</Quantity>
      <UnitOfMeasure>100 מ"ל</UnitOfMeasure>
      <bIsWeighted>0</bIsWeighted>
      <QtyInPackage>1</QtyInPackage>
      <ItemPrice>6.50</ItemPrice>
      <UnitOfMeasurePrice>1.9697</UnitOfMeasurePrice>
      <AllowDiscount>1</AllowDiscount>
      <ItemStatus>1</ItemStatus>
      <ItemId>48255</ItemId>
    </Item>
    <Item>
      <PriceUpdateDate>2015-10-04 10:20:55</PriceUpdateDate>
      <ItemCode>7290000024905</ItemCode>
      <ItemType>1</ItemType>
      <ItemName>וודקה קגלביץ קלאסיקה</ItemName>
      <ManufacturerName>ברקן סגל</ManufacturerName>
      <ManufactureCountry>ישראל</ManufactureCountry>
      <ManufacturerItemDescription>וודקה קגלביץ קלאסיקה 700 מל</ManufacturerItemDescription>
      <UnitQty>מיליליטרים</UnitQty>
      <Quantity>700.00</Quantity>
      <UnitOfMeasure>100 מ"ל</UnitOfMeasure>
      <bIsWeighted>0</bIsWeighted>
      <QtyInPackage>1</QtyInPackage>
      <ItemPrice>78.00</ItemPrice>
      <UnitOfMeasurePrice>11.1429</UnitOfMeasurePrice>
      <AllowDiscount>1</AllowDiscount>
      <ItemStatus>1</ItemStatus>
      <ItemId>48354</ItemId>
    </Item>
    <Item>
      <PriceUpdateDate>2016-06-07 07:38:38</PriceUpdateDate>
      <ItemCode>7290000024912</ItemCode>
      <ItemType>1</ItemType>
      <ItemName>וודקה קגלביץ לימון</ItemName>
      <ManufacturerName>ברקן סגל</ManufacturerName>
      <ManufactureCountry>לא ידוע</ManufactureCountry>
      <ManufacturerItemDescription>וודקה קגלביץ לימון 700 מל</ManufacturerItemDescription>
      <UnitQty>מיליליטרים</UnitQty>
      <Quantity>700.00</Quantity>
      <UnitOfMeasure>100 מ"ל</UnitOfMeasure>
      <bIsWeighted>0</bIsWeighted>
      <QtyInPackage>1</QtyInPackage>
      <ItemPrice>70.60</ItemPrice>
      <UnitOfMeasurePrice>10.0857</UnitOfMeasurePrice>
      <AllowDiscount>1</AllowDiscount>
      <ItemStatus>1</ItemStatus>
      <ItemId>48355</ItemId>
    </Item>
    <Item>
      <PriceUpdateDate>2015-10-04 10:18:16</PriceUpdateDate>
      <ItemCode>7290002107385</ItemCode>
      <ItemType>1</ItemType>
      <ItemName>גבינת עיזים גליל</ItemName>
      <ManufacturerName>מחלבת משק צוריאל</ManufacturerName>
      <ManufactureCountry>ישראל</ManufactureCountry>
      <ManufacturerItemDescription>גבינת עיזים גליל מה עז 180 גר</ManufacturerItemDescription>
      <UnitQty>גרמים</UnitQty>
      <Quantity>180.00</Quantity>
      <UnitOfMeasure>100 גרם</UnitOfMeasure>
      <bIsWeighted>0</bIsWeighted>
      <QtyInPackage>1</QtyInPackage>
      <ItemPrice>23.30</ItemPrice>
      <UnitOfMeasurePrice>12.9444</UnitOfMeasurePrice>
      <AllowDiscount>1</AllowDiscount>
      <ItemStatus>1</ItemStatus>
      <ItemId>48391</ItemId>
    </Item>
    <Item>
      <PriceUpdateDate>2015-01-01 00:00:00</PriceUpdateDate>
      <ItemCode>38527590247</ItemCode>
      <ItemType>1</ItemType>
      <ItemName>קואקר אינסט צימוקים</ItemName>
      <ManufacturerName>BEVERAGES FOODS &amp; SE</ManufacturerName>
      <ManufactureCountry>ארצות הברית</ManufactureCountry>
      <ManufacturerItemDescription>קוואקר אינסטנט צימוקים 430 גרם</ManufacturerItemDescription>
      <UnitQty>גרמים</UnitQty>
      <Quantity>430.00</Quantity>
      <UnitOfMeasure>100 גרם</UnitOfMeasure>
      <bIsWeighted>0</bIsWeighted>
      <QtyInPackage>1</QtyInPackage>
      <ItemPrice>26.60</ItemPrice>
      <UnitOfMeasurePrice>6.1860</UnitOfMeasurePrice>
      <AllowDiscount>1</AllowDiscount>
      <ItemStatus>1</ItemStatus>
      <ItemId>48421</ItemId>
    </Item>
    <Item>
      <PriceUpdateDate>2015-10-04 10:16:37</PriceUpdateDate>
      <ItemCode>4023103137752</ItemCode>
      <ItemType>1</ItemType>
      <ItemName>מטלית רב שימושי</ItemName>
      <ManufacturerName>FHP</ManufacturerName>
      <ManufactureCountry>גרמניה</ManufactureCountry>
      <ManufacturerItemDescription>מטלית רב שימושי מיקופייבר</ManufacturerItemDescription>
      <UnitQty>Unknown </UnitQty>
      <Quantity>0.00</Quantity>
      <UnitOfMeasure>Unknown </UnitOfMeasure>
      <bIsWeighted>0</bIsWeighted>
      <QtyInPackage>1</QtyInPackage>
      <ItemPrice>10.10</ItemPrice>
      <UnitOfMeasurePrice>0.0000</UnitOfMeasurePrice>
      <AllowDiscount>1</AllowDiscount>
      <ItemStatus>1</ItemStatus>
      <ItemId>85780</ItemId>
    </Item>
    <Item>
      <PriceUpdateDate>2015-01-01 00:00:00</PriceUpdateDate>
      <ItemCode>7290000188355</ItemCode>
      <ItemType>1</ItemType>
      <ItemName>מגבת נייר ניקול</ItemName>
      <ManufacturerName>חוגלה קימברלי</ManufacturerName>
      <ManufactureCountry>ישראל</ManufactureCountry>
      <ManufacturerItemDescription>מגבת נייר ניקול   1/6</ManufacturerItemDescription>
      <UnitQty>מטרים</UnitQty>
      <Quantity>6400.00</Quantity>
      <UnitOfMeasure>מטר</UnitOfMeasure>
      <bIsWeighted>0</bIsWeighted>
      <QtyInPackage>1</QtyInPackage>
      <ItemPrice>10.90</ItemPrice>
      <UnitOfMeasurePrice>0.0017</UnitOfMeasurePrice>
      <AllowDiscount>1</AllowDiscount>
      <ItemStatus>1</ItemStatus>
      <ItemId>48852</ItemId>
    </Item>
    <Item>
      <PriceUpdateDate>2015-08-12 10:25:07</PriceUpdateDate>
      <ItemCode>7290010117970</ItemCode>
      <ItemType>1</ItemType>
      <ItemName>סבבה בוטנים אמריקאים</ItemName>
      <ManufacturerName>שטראוס גרופ</ManufacturerName>
      <ManufactureCountry>ישראל</ManufactureCountry>
      <ManufacturerItemDescription>סבבה בוטנים אמריקאים</ManufacturerItemDescription>
      <UnitQty>גרמים</UnitQty>
      <Quantity>50.00</Quantity>
      <UnitOfMeasure>100 גרם</UnitOfMeasure>
      <bIsWeighted>0</bIsWeighted>
      <QtyInPackage>1</QtyInPackage>
      <ItemPrice>2.60</ItemPrice>
      <UnitOfMeasurePrice>5.2000</UnitOfMeasurePrice>
      <AllowDiscount>1</AllowDiscount>
      <ItemStatus>1</ItemStatus>
      <ItemId>48912</ItemId>
    </Item>
    <Item>
      <PriceUpdateDate>2015-08-03 07:56:01</PriceUpdateDate>
      <ItemCode>7290003145768</ItemCode>
      <ItemType>1</ItemType>
      <ItemName>בוטן אמריקאי 50 גרם</ItemName>
      <ManufacturerName>ג'י אנד ג'י  בע"מ</ManufacturerName>
      <ManufactureCountry>לא ידוע</ManufactureCountry>
      <ManufacturerItemDescription>בוטן אמריקאי 50 גרם</ManufacturerItemDescription>
      <UnitQty>גרמים</UnitQty>
      <Quantity>50.00</Quantity>
      <UnitOfMeasure>100 גרם</UnitOfMeasure>
      <bIsWeighted>0</bIsWeighted>
      <QtyInPackage>1</QtyInPackage>
      <ItemPrice>2.70</ItemPrice>
      <UnitOfMeasurePrice>5.4000</UnitOfMeasurePrice>
      <AllowDiscount>1</AllowDiscount>
      <ItemStatus>1</ItemStatus>
      <ItemId>48924</ItemId>
    </Item>
    <Item>
      <PriceUpdateDate>2015-10-04 10:18:28</PriceUpdateDate>
      <ItemCode>7290000187921</ItemCode>
      <ItemType>1</ItemType>
      <ItemName>נייר טואלט לילי לבן</ItemName>
      <ManufacturerName>חוגלה קימברלי</ManufacturerName>
      <ManufactureCountry>ישראל</ManufactureCountry>
      <ManufacturerItemDescription>נייר טואלט לילי לבן 32 יח              "</ManufacturerItemDescription>
      <UnitQty>מטרים</UnitQty>
      <Quantity>58880.00</Quantity>
      <UnitOfMeasure>מטר</UnitOfMeasure>
      <bIsWeighted>0</bIsWeighted>
      <QtyInPackage>1</QtyInPackage>
      <ItemPrice>39.50</ItemPrice>
      <UnitOfMeasurePrice>0.0007</UnitOfMeasurePrice>
      <AllowDiscount>1</AllowDiscount>
      <ItemStatus>1</ItemStatus>
      <ItemId>48942</ItemId>
    </Item>
    <Item>
      <PriceUpdateDate>2015-10-04 10:18:28</PriceUpdateDate>
      <ItemCode>7290000187938</ItemCode>
      <ItemType>1</ItemType>
      <ItemName>נייר טואלט פסטל</ItemName>
      <ManufacturerName>חוגלה קימברלי</ManufacturerName>
      <ManufactureCountry>ישראל</ManufactureCountry>
      <ManufacturerItemDescription>נייר טואלט לילי פסטל                 32</ManufacturerItemDescription>
      <UnitQty>מטרים</UnitQty>
      <Quantity>58880.00</Quantity>
      <UnitOfMeasure>מטר</UnitOfMeasure>
      <bIsWeighted>0</bIsWeighted>
      <QtyInPackage>1</QtyInPackage>
      <ItemPrice>39.50</ItemPrice>
      <UnitOfMeasurePrice>0.0007</UnitOfMeasurePrice>
      <AllowDiscount>1</AllowDiscount>
      <ItemStatus>1</ItemStatus>
      <ItemId>48943</ItemId>
    </Item>
    <Item>
      <PriceUpdateDate>2015-06-19 10:52:26</PriceUpdateDate>
      <ItemCode>7290011877859</ItemCode>
      <ItemType>1</ItemType>
      <ItemName>פותח סתימות</ItemName>
      <ManufacturerName>סנו</ManufacturerName>
      <ManufactureCountry>ישראל</ManufactureCountry>
      <ManufacturerItemDescription>פותח סתימות אינסטלטור 200 גר</ManufacturerItemDescription>
      <UnitQty>גרמים</UnitQty>
      <Quantity>200.00</Quantity>
      <UnitOfMeasure>100 גרם</UnitOfMeasure>
      <bIsWeighted>0</bIsWeighted>
      <QtyInPackage>1</QtyInPackage>
      <ItemPrice>15.40</ItemPrice>
      <UnitOfMeasurePrice>7.7000</UnitOfMeasurePrice>
      <AllowDiscount>1</AllowDiscount>
      <ItemStatus>1</ItemStatus>
      <ItemId>48969</ItemId>
    </Item>
    <Item>
      <PriceUpdateDate>2015-10-04 10:17:55</PriceUpdateDate>
      <ItemCode>7290102060955</ItemCode>
      <ItemType>1</ItemType>
      <ItemName>מרידול משפחתי 100 מל</ItemName>
      <ManufacturerName>Colgate (Euro)-Palmo</ManufacturerName>
      <ManufactureCountry>לא ידוע</ManufactureCountry>
      <ManufacturerItemDescription>מרידול משפחתי 100 מל                   .</ManufacturerItemDescription>
      <UnitQty>מיליליטרים</UnitQty>
      <Quantity>100.00</Quantity>
      <UnitOfMeasure>100 מ"ל</UnitOfMeasure>
      <bIsWeighted>0</bIsWeighted>
      <QtyInPackage>1</QtyInPackage>
      <ItemPrice>21.70</ItemPrice>
      <UnitOfMeasurePrice>21.7000</UnitOfMeasurePrice>
      <AllowDiscount>1</AllowDiscount>
      <ItemStatus>1</ItemStatus>
      <ItemId>49473</ItemId>
    </Item>
    <Item>
      <PriceUpdateDate>2015-08-13 12:45:39</PriceUpdateDate>
      <ItemCode>5000159407236</ItemCode>
      <ItemType>1</ItemType>
      <ItemName>חטיף מרס</ItemName>
      <ManufacturerName>מרס</ManufacturerName>
      <ManufactureCountry>הולנד</ManufactureCountry>
      <ManufacturerItemDescription>חטיף מרס 51 גרם</ManufacturerItemDescription>
      <UnitQty>גרמים</UnitQty>
      <Quantity>51.00</Quantity>
      <UnitOfMeasure>100 גרם</UnitOfMeasure>
      <bIsWeighted>0</bIsWeighted>
      <QtyInPackage>1</QtyInPackage>
      <ItemPrice>4.70</ItemPrice>
      <UnitOfMeasurePrice>9.2157</UnitOfMeasurePrice>
      <AllowDiscount>1</AllowDiscount>
      <ItemStatus>1</ItemStatus>
      <ItemId>49581</ItemId>
    </Item>
    <Item>
      <PriceUpdateDate>2015-10-04 10:17:39</PriceUpdateDate>
      <ItemCode>7290003260102</ItemCode>
      <ItemType>1</ItemType>
      <ItemName>נייר טואלט משי</ItemName>
      <ManufacturerName>שניר תעשיות</ManufacturerName>
      <ManufactureCountry>ישראל</ManufactureCountry>
      <ManufacturerItemDescription>נייר טואלט משי קומפקט 12 יח</ManufacturerItemDescription>
      <UnitQty>מטרים</UnitQty>
      <Quantity>70700.00</Quantity>
      <UnitOfMeasure>מטר</UnitOfMeasure>
      <bIsWeighted>0</bIsWeighted>
      <QtyInPackage>1</QtyInPackage>
      <ItemPrice>35.20</ItemPrice>
      <UnitOfMeasurePrice>0.0005</UnitOfMeasurePrice>
      <AllowDiscount>1</AllowDiscount>
      <ItemStatus>1</ItemStatus>
      <ItemId>49633</ItemId>
    </Item>
    <Item>
      <PriceUpdateDate>2015-10-04 10:16:58</PriceUpdateDate>
      <ItemCode>7290100242902</ItemCode>
      <ItemType>1</ItemType>
      <ItemName>מרק עדשים</ItemName>
      <ManufacturerName>אתר חיפה אבקות - Foo</ManufacturerName>
      <ManufactureCountry>ישראל</ManufactureCountry>
      <ManufacturerItemDescription>מרק עדשים רכיבים טבעיים 110 גר</ManufacturerItemDescription>
      <UnitQty>גרמים</UnitQty>
      <Quantity>110.00</Quantity>
      <UnitOfMeasure>100 גרם</UnitOfMeasure>
      <bIsWeighted>0</bIsWeighted>
      <QtyInPackage>1</QtyInPackage>
      <ItemPrice>15.20</ItemPrice>
      <UnitOfMeasurePrice>13.8182</UnitOfMeasurePrice>
      <AllowDiscount>1</AllowDiscount>
      <ItemStatus>1</ItemStatus>
      <ItemId>49659</ItemId>
    </Item>
    <Item>
      <PriceUpdateDate>2015-10-04 10:16:46</PriceUpdateDate>
      <ItemCode>7290100854266</ItemCode>
      <ItemType>1</ItemType>
      <ItemName>שוקולד מריר 60% קקאו</ItemName>
      <ManufacturerName>שטראוס גרופ</ManufacturerName>
      <ManufactureCountry>ישראל</ManufactureCountry>
      <ManufacturerItemDescription>שוקולד מריר 60% קקאו 100 גרם</ManufacturerItemDescription>
      <UnitQty>גרמים</UnitQty>
      <Quantity>100.00</Quantity>
      <UnitOfMeasure>100 גרם</UnitOfMeasure>
      <bIsWeighted>0</bIsWeighted>
      <QtyInPackage>1</QtyInPackage>
      <ItemPrice>8.80</ItemPrice>
      <UnitOfMeasurePrice>8.8000</UnitOfMeasurePrice>
      <AllowDiscount>1</AllowDiscount>
      <ItemStatus>1</ItemStatus>
      <ItemId>49773</ItemId>
    </Item>
    <Item>
      <PriceUpdateDate>2015-10-04 10:16:46</PriceUpdateDate>
      <ItemCode>72993781</ItemCode>
      <ItemType>1</ItemType>
      <ItemName>חטיף פסק זמן ROLL לב</ItemName>
      <ManufacturerName>שטראוס גרופ</ManufacturerName>
      <ManufactureCountry>ישראל</ManufactureCountry>
      <ManufacturerItemDescription>חטיף פסק זמן ROLL לבן40 גרם</ManufacturerItemDescription>
      <UnitQty>גרמים</UnitQty>
      <Quantity>40.00</Quantity>
      <UnitOfMeasure>100 גרם</UnitOfMeasure>
      <bIsWeighted>0</bIsWeighted>
      <QtyInPackage>1</QtyInPackage>
      <ItemPrice>5.70</ItemPrice>
      <UnitOfMeasurePrice>14.2500</UnitOfMeasurePrice>
      <AllowDiscount>1</AllowDiscount>
      <ItemStatus>1</ItemStatus>
      <ItemId>49777</ItemId>
    </Item>
    <Item>
      <PriceUpdateDate>2015-10-04 10:16:46</PriceUpdateDate>
      <ItemCode>72993767</ItemCode>
      <ItemType>1</ItemType>
      <ItemName>חטיף פסק זמן ROLL אג</ItemName>
      <ManufacturerName>שטראוס גרופ</ManufacturerName>
      <ManufactureCountry>ישראל</ManufactureCountry>
      <ManufacturerItemDescription>חטיף פסק זמן ROLL אגוזים40 גרם</ManufacturerItemDescription>
      <UnitQty>גרמים</UnitQty>
      <Quantity>40.00</Quantity>
      <UnitOfMeasure>100 גרם</UnitOfMeasure>
      <bIsWeighted>0</bIsWeighted>
      <QtyInPackage>1</QtyInPackage>
      <ItemPrice>5.70</ItemPrice>
      <UnitOfMeasurePrice>14.2500</UnitOfMeasurePrice>
      <AllowDiscount>1</AllowDiscount>
      <ItemStatus>1</ItemStatus>
      <ItemId>49792</ItemId>
    </Item>
    <Item>
      <PriceUpdateDate>2015-11-05 14:16:49</PriceUpdateDate>
      <ItemCode>4005808650712</ItemCode>
      <ItemType>1</ItemType>
      <ItemName>לבלו שפתון דובדבן</ItemName>
      <ManufacturerName>ביסיצורי</ManufacturerName>
      <ManufactureCountry>גרמניה</ManufactureCountry>
      <ManufacturerItemDescription>לבלו שפתון דובדבן</ManufacturerItemDescription>
      <UnitQty>Unknown </UnitQty>
      <Quantity>0.00</Quantity>
      <UnitOfMeasure>Unknown </UnitOfMeasure>
      <bIsWeighted>0</bIsWeighted>
      <QtyInPackage>1</QtyInPackage>
      <ItemPrice>12.90</ItemPrice>
      <UnitOfMeasurePrice>0.0000</UnitOfMeasurePrice>
      <AllowDiscount>1</AllowDiscount>
      <ItemStatus>1</ItemStatus>
      <ItemId>49897</ItemId>
    </Item>
    <Item>
      <PriceUpdateDate>2015-10-04 10:18:42</PriceUpdateDate>
      <ItemCode>7290008713900</ItemCode>
      <ItemType>1</ItemType>
      <ItemName>לחם שיפון עגול</ItemName>
      <ManufacturerName>מאפיית אנג'ל</ManufacturerName>
      <ManufactureCountry>ישראל</ManufactureCountry>
      <ManufacturerItemDescription>לחם שיפון עגול 750 גרם</ManufacturerItemDescription>
      <UnitQty>גרמים</UnitQty>
      <Quantity>750.00</Quantity>
      <UnitOfMeasure>100 גרם</UnitOfMeasure>
      <bIsWeighted>0</bIsWeighted>
      <QtyInPackage>1</QtyInPackage>
      <ItemPrice>12.80</ItemPrice>
      <UnitOfMeasurePrice>1.7067</UnitOfMeasurePrice>
      <AllowDiscount>1</AllowDiscount>
      <ItemStatus>1</ItemStatus>
      <ItemId>50013</ItemId>
    </Item>
    <Item>
      <PriceUpdateDate>2015-07-26 09:40:13</PriceUpdateDate>
      <ItemCode>7290006732668</ItemCode>
      <ItemType>1</ItemType>
      <ItemName>ע.שושנים טריפל שוקול</ItemName>
      <ManufacturerName>קונדיטוריות לחמי</ManufacturerName>
      <ManufactureCountry>לא ידוע</ManufactureCountry>
      <ManufacturerItemDescription>עוגת שמרים שושנים טריפל שוקולד</ManufacturerItemDescription>
      <UnitQty>גרמים</UnitQty>
      <Quantity>400.00</Quantity>
      <UnitOfMeasure>100 גרם</UnitOfMeasure>
      <bIsWeighted>0</bIsWeighted>
      <QtyInPackage>1</QtyInPackage>
      <ItemPrice>19.70</ItemPrice>
      <UnitOfMeasurePrice>4.9250</UnitOfMeasurePrice>
      <AllowDiscount>1</AllowDiscount>
      <ItemStatus>1</ItemStatus>
      <ItemId>50125</ItemId>
    </Item>
    <Item>
      <PriceUpdateDate>2015-01-01 00:00:00</PriceUpdateDate>
      <ItemCode>7290000189871</ItemCode>
      <ItemType>1</ItemType>
      <ItemName>ש.אשפה מתכלות 60 יח</ItemName>
      <ManufacturerName>אשפלסט</ManufacturerName>
      <ManufactureCountry>ישראל</ManufactureCountry>
      <ManufacturerItemDescription>ש.אשפה מתכלות 60 יח</ManufacturerItemDescription>
      <UnitQty>Unknown </UnitQty>
      <Quantity>0.00</Quantity>
      <UnitOfMeasure>Unknown </UnitOfMeasure>
      <bIsWeighted>0</bIsWeighted>
      <QtyInPackage>1</QtyInPackage>
      <ItemPrice>24.90</ItemPrice>
      <UnitOfMeasurePrice>0.0000</UnitOfMeasurePrice>
      <AllowDiscount>1</AllowDiscount>
      <ItemStatus>1</ItemStatus>
      <ItemId>50138</ItemId>
    </Item>
    <Item>
      <PriceUpdateDate>2015-11-05 14:17:59</PriceUpdateDate>
      <ItemCode>7290005287251</ItemCode>
      <ItemType>1</ItemType>
      <ItemName>טונהסטארקיסט מים1/4</ItemName>
      <ManufacturerName>סטארקיסט</ManufacturerName>
      <ManufactureCountry>ישראל</ManufactureCountry>
      <ManufacturerItemDescription>טונה סטארקיסט במים 160X1/4 גרם</ManufacturerItemDescription>
      <UnitQty>גרמים</UnitQty>
      <Quantity>640.00</Quantity>
      <UnitOfMeasure>100 גרם</UnitOfMeasure>
      <bIsWeighted>0</bIsWeighted>
      <QtyInPackage>1</QtyInPackage>
      <ItemPrice>26.90</ItemPrice>
      <UnitOfMeasurePrice>4.2031</UnitOfMeasurePrice>
      <AllowDiscount>1</AllowDiscount>
      <ItemStatus>1</ItemStatus>
      <ItemId>50247</ItemId>
    </Item>
    <Item>
      <PriceUpdateDate>2015-10-04 10:18:36</PriceUpdateDate>
      <ItemCode>7290010328468</ItemCode>
      <ItemType>1</ItemType>
      <ItemName>חטיפי חלבה בטעמים</ItemName>
      <ManufacturerName>אחווה</ManufacturerName>
      <ManufactureCountry>ישראל</ManufactureCountry>
      <ManufacturerItemDescription>חטיפי חלבה בטעמים 12 גר             18*"</ManufacturerItemDescription>
      <UnitQty>גרמים</UnitQty>
      <Quantity>216.00</Quantity>
      <UnitOfMeasure>100 גרם</UnitOfMeasure>
      <bIsWeighted>0</bIsWeighted>
      <QtyInPackage>1</QtyInPackage>
      <ItemPrice>9.90</ItemPrice>
      <UnitOfMeasurePrice>4.5833</UnitOfMeasurePrice>
      <AllowDiscount>1</AllowDiscount>
      <ItemStatus>1</ItemStatus>
      <ItemId>96724</ItemId>
    </Item>
    <Item>
      <PriceUpdateDate>2015-10-04 10:18:31</PriceUpdateDate>
      <ItemCode>7290014472877</ItemCode>
      <ItemType>1</ItemType>
      <ItemName>פקאן סיני 150  גרם</ItemName>
      <ManufacturerName>שקרצי</ManufacturerName>
      <ManufactureCountry>ישראל</ManufactureCountry>
      <ManufacturerItemDescription>פקאן סיני 150  גרם</ManufacturerItemDescription>
      <UnitQty>גרמים</UnitQty>
      <Quantity>150.00</Quantity>
      <UnitOfMeasure>100 גרם</UnitOfMeasure>
      <bIsWeighted>0</bIsWeighted>
      <QtyInPackage>1</QtyInPackage>
      <ItemPrice>18.70</ItemPrice>
      <UnitOfMeasurePrice>12.4667</UnitOfMeasurePrice>
      <AllowDiscount>1</AllowDiscount>
      <ItemStatus>1</ItemStatus>
      <ItemId>95447</ItemId>
    </Item>
    <Item>
      <PriceUpdateDate>2015-01-01 00:00:00</PriceUpdateDate>
      <ItemCode>7290003145751</ItemCode>
      <ItemType>1</ItemType>
      <ItemName>אגוז קשיו קלוי</ItemName>
      <ManufacturerName>ששון ושות'</ManufacturerName>
      <ManufactureCountry>לא ידוע</ManufactureCountry>
      <ManufacturerItemDescription>אגוז קשיו קלוי 200 גרם</ManufacturerItemDescription>
      <UnitQty>גרמים</UnitQty>
      <Quantity>200.00</Quantity>
      <UnitOfMeasure>100 גרם</UnitOfMeasure>
      <bIsWeighted>0</bIsWeighted>
      <QtyInPackage>1</QtyInPackage>
      <ItemPrice>22.60</ItemPrice>
      <UnitOfMeasurePrice>11.3000</UnitOfMeasurePrice>
      <AllowDiscount>1</AllowDiscount>
      <ItemStatus>1</ItemStatus>
      <ItemId>50461</ItemId>
    </Item>
    <Item>
      <PriceUpdateDate>2016-08-25 12:34:49</PriceUpdateDate>
      <ItemCode>9766</ItemCode>
      <ItemType>0</ItemType>
      <ItemName>שזיף שגיב</ItemName>
      <ManufacturerName>חקלאי</ManufacturerName>
      <ManufactureCountry>ישראל</ManufactureCountry>
      <ManufacturerItemDescription>שזיף שגיב</ManufacturerItemDescription>
      <UnitQty>קילוגרמים</UnitQty>
      <Quantity>1.00</Quantity>
      <UnitOfMeasure>ק"ג</UnitOfMeasure>
      <bIsWeighted>1</bIsWeighted>
      <QtyInPackage>לא ידוע</QtyInPackage>
      <ItemPrice>13.90</ItemPrice>
      <UnitOfMeasurePrice>13.9000</UnitOfMeasurePrice>
      <AllowDiscount>1</AllowDiscount>
      <ItemStatus>1</ItemStatus>
      <ItemId>83216</ItemId>
    </Item>
    <Item>
      <PriceUpdateDate>2015-10-04 10:18:51</PriceUpdateDate>
      <ItemCode>5413149655522</ItemCode>
      <ItemType>1</ItemType>
      <ItemName>אבקת כביסה שושן צחור</ItemName>
      <ManufacturerName>פרוקטר אנד גמבל</ManufacturerName>
      <ManufactureCountry>טורקיה</ManufactureCountry>
      <ManufacturerItemDescription>א.כביסה אריאל שושן צחור1.25 קג</ManufacturerItemDescription>
      <UnitQty>קילוגרמים</UnitQty>
      <Quantity>1.25</Quantity>
      <UnitOfMeasure>ק"ג</UnitOfMeasure>
      <bIsWeighted>0</bIsWeighted>
      <QtyInPackage>1</QtyInPackage>
      <ItemPrice>22.70</ItemPrice>
      <UnitOfMeasurePrice>18.1600</UnitOfMeasurePrice>
      <AllowDiscount>1</AllowDiscount>
      <ItemStatus>1</ItemStatus>
      <ItemId>50645</ItemId>
    </Item>
    <Item>
      <PriceUpdateDate>2015-10-04 10:17:24</PriceUpdateDate>
      <ItemCode>7290106448384</ItemCode>
      <ItemType>1</ItemType>
      <ItemName>נוזל לניקוי חלונות</ItemName>
      <ManufacturerName>סאסאטק</ManufacturerName>
      <ManufactureCountry>ישראל</ManufactureCountry>
      <ManufacturerItemDescription>נוזל לניקוי חלונות 1 YOU ליטר</ManufacturerItemDescription>
      <UnitQty>ליטרים</UnitQty>
      <Quantity>1.00</Quantity>
      <UnitOfMeasure>ליטר</UnitOfMeasure>
      <bIsWeighted>0</bIsWeighted>
      <QtyInPackage>1</QtyInPackage>
      <ItemPrice>8.80</ItemPrice>
      <UnitOfMeasurePrice>8.8000</UnitOfMeasurePrice>
      <AllowDiscount>1</AllowDiscount>
      <ItemStatus>1</ItemStatus>
      <ItemId>99445</ItemId>
    </Item>
    <Item>
      <PriceUpdateDate>2015-10-04 10:18:29</PriceUpdateDate>
      <ItemCode>36000258660</ItemCode>
      <ItemType>1</ItemType>
      <ItemName>ממחטות טישיו קלינקס</ItemName>
      <ManufacturerName>KC USA</ManufacturerName>
      <ManufactureCountry>ארצות הברית</ManufactureCountry>
      <ManufacturerItemDescription>ממחטות טישיו קלינקס לושן            120</ManufacturerItemDescription>
      <UnitQty>Unknown </UnitQty>
      <Quantity>0.00</Quantity>
      <UnitOfMeasure>Unknown </UnitOfMeasure>
      <bIsWeighted>0</bIsWeighted>
      <QtyInPackage>1</QtyInPackage>
      <ItemPrice>16.70</ItemPrice>
      <UnitOfMeasurePrice>0.0000</UnitOfMeasurePrice>
      <AllowDiscount>1</AllowDiscount>
      <ItemStatus>1</ItemStatus>
      <ItemId>83252</ItemId>
    </Item>
    <Item>
      <PriceUpdateDate>2015-10-04 10:16:58</PriceUpdateDate>
      <ItemCode>7290100244142</ItemCode>
      <ItemType>1</ItemType>
      <ItemName>תבשיל אורז מגדרה</ItemName>
      <ManufacturerName>אתר חיפה אבקות - Foo</ManufacturerName>
      <ManufactureCountry>ישראל</ManufactureCountry>
      <ManufacturerItemDescription>תבשיל קנור אורז מגדרה133 גרם</ManufacturerItemDescription>
      <UnitQty>גרמים</UnitQty>
      <Quantity>133.00</Quantity>
      <UnitOfMeasure>100 גרם</UnitOfMeasure>
      <bIsWeighted>0</bIsWeighted>
      <QtyInPackage>1</QtyInPackage>
      <ItemPrice>13.00</ItemPrice>
      <UnitOfMeasurePrice>9.7744</UnitOfMeasurePrice>
      <AllowDiscount>1</AllowDiscount>
      <ItemStatus>1</ItemStatus>
      <ItemId>55697</ItemId>
    </Item>
    <Item>
      <PriceUpdateDate>2015-12-10 10:10:46</PriceUpdateDate>
      <ItemCode>8722100023308</ItemCode>
      <ItemType>1</ItemType>
      <ItemName>גאודס-מיונז הולנדי 8</ItemName>
      <ManufacturerName>יושלם</ManufacturerName>
      <ManufactureCountry>יושלם</ManufactureCountry>
      <ManufacturerItemDescription>גאודס-מיונז הולנדי 850 מל</ManufacturerItemDescription>
      <UnitQty>Unknown </UnitQty>
      <Quantity>0.00</Quantity>
      <UnitOfMeasure>Unknown </UnitOfMeasure>
      <bIsWeighted>0</bIsWeighted>
      <QtyInPackage>1</QtyInPackage>
      <ItemPrice>23.90</ItemPrice>
      <UnitOfMeasurePrice>0.0000</UnitOfMeasurePrice>
      <AllowDiscount>1</AllowDiscount>
      <ItemStatus>1</ItemStatus>
      <ItemId>55952</ItemId>
    </Item>
    <Item>
      <PriceUpdateDate>2015-01-01 00:00:00</PriceUpdateDate>
      <ItemCode>7290000574172</ItemCode>
      <ItemType>1</ItemType>
      <ItemName>לחם קל מחיטה מלאה</ItemName>
      <ManufacturerName>דגנית עין בר</ManufacturerName>
      <ManufactureCountry>ישראל</ManufactureCountry>
      <ManufacturerItemDescription>לחם קל מחיטה מלאה 750 גרם</ManufacturerItemDescription>
      <UnitQty>גרמים</UnitQty>
      <Quantity>750.00</Quantity>
      <UnitOfMeasure>100 גרם</UnitOfMeasure>
      <bIsWeighted>0</bIsWeighted>
      <QtyInPackage>1</QtyInPackage>
      <ItemPrice>15.60</ItemPrice>
      <UnitOfMeasurePrice>2.0800</UnitOfMeasurePrice>
      <AllowDiscount>1</AllowDiscount>
      <ItemStatus>1</ItemStatus>
      <ItemId>55953</ItemId>
    </Item>
    <Item>
      <PriceUpdateDate>2015-11-12 10:52:08</PriceUpdateDate>
      <ItemCode>7290005287206</ItemCode>
      <ItemType>1</ItemType>
      <ItemName>טונה סטארקיסט בשמן</ItemName>
      <ManufacturerName>סטארקיסט</ManufacturerName>
      <ManufactureCountry>ישראל</ManufactureCountry>
      <ManufacturerItemDescription>טונה סטארקיסט בשמן              640 1/4</ManufacturerItemDescription>
      <UnitQty>גרמים</UnitQty>
      <Quantity>640.00</Quantity>
      <UnitOfMeasure>100 גרם</UnitOfMeasure>
      <bIsWeighted>0</bIsWeighted>
      <QtyInPackage>4</QtyInPackage>
      <ItemPrice>27.60</ItemPrice>
      <UnitOfMeasurePrice>4.3125</UnitOfMeasurePrice>
      <AllowDiscount>1</AllowDiscount>
      <ItemStatus>1</ItemStatus>
      <ItemId>56522</ItemId>
    </Item>
    <Item>
      <PriceUpdateDate>2015-01-01 00:00:00</PriceUpdateDate>
      <ItemCode>5400265000015</ItemCode>
      <ItemType>1</ItemType>
      <ItemName>מאפה מבצק עלים-המלט</ItemName>
      <ManufacturerName>המלט</ManufacturerName>
      <ManufactureCountry>בלגיה</ManufactureCountry>
      <ManufacturerItemDescription>מאפה מבצק עלים מסוכר-המלט300 ג</ManufacturerItemDescription>
      <UnitQty>גרמים</UnitQty>
      <Quantity>300.00</Quantity>
      <UnitOfMeasure>100 גרם</UnitOfMeasure>
      <bIsWeighted>0</bIsWeighted>
      <QtyInPackage>1</QtyInPackage>
      <ItemPrice>15.50</ItemPrice>
      <UnitOfMeasurePrice>5.1667</UnitOfMeasurePrice>
      <AllowDiscount>1</AllowDiscount>
      <ItemStatus>1</ItemStatus>
      <ItemId>56097</ItemId>
    </Item>
    <Item>
      <PriceUpdateDate>2015-10-04 10:19:05</PriceUpdateDate>
      <ItemCode>7290000364230</ItemCode>
      <ItemType>1</ItemType>
      <ItemName>פסטרמה כפרית 100 גרם</ItemName>
      <ManufacturerName>טירת צבי</ManufacturerName>
      <ManufactureCountry>ישראל</ManufactureCountry>
      <ManufacturerItemDescription>פסטרמה כפרית 100 גרם</ManufacturerItemDescription>
      <UnitQty>גרמים</UnitQty>
      <Quantity>100.00</Quantity>
      <UnitOfMeasure>100 גרם</UnitOfMeasure>
      <bIsWeighted>0</bIsWeighted>
      <QtyInPackage>1</QtyInPackage>
      <ItemPrice>11.80</ItemPrice>
      <UnitOfMeasurePrice>11.8000</UnitOfMeasurePrice>
      <AllowDiscount>1</AllowDiscount>
      <ItemStatus>1</ItemStatus>
      <ItemId>50811</ItemId>
    </Item>
    <Item>
      <PriceUpdateDate>2015-10-04 10:19:05</PriceUpdateDate>
      <ItemCode>7290000364506</ItemCode>
      <ItemType>1</ItemType>
      <ItemName>סלמי כפרי 100  גרם</ItemName>
      <ManufacturerName>טירת צבי</ManufacturerName>
      <ManufactureCountry>ישראל</ManufactureCountry>
      <ManufacturerItemDescription>סלמי כפרי 100  גרם</ManufacturerItemDescription>
      <UnitQty>גרמים</UnitQty>
      <Quantity>100.00</Quantity>
      <UnitOfMeasure>100 גרם</UnitOfMeasure>
      <bIsWeighted>0</bIsWeighted>
      <QtyInPackage>1</QtyInPackage>
      <ItemPrice>11.80</ItemPrice>
      <UnitOfMeasurePrice>11.8000</UnitOfMeasurePrice>
      <AllowDiscount>1</AllowDiscount>
      <ItemStatus>1</ItemStatus>
      <ItemId>50812</ItemId>
    </Item>
    <Item>
      <PriceUpdateDate>2015-10-04 10:18:36</PriceUpdateDate>
      <ItemCode>7290010328505</ItemCode>
      <ItemType>1</ItemType>
      <ItemName>חטיפי חלבה ללא סוכר</ItemName>
      <ManufacturerName>אחווה</ManufacturerName>
      <ManufactureCountry>ישראל</ManufactureCountry>
      <ManufacturerItemDescription>חטיפי חלבה ללא סוכר 10 ג            15*"</ManufacturerItemDescription>
      <UnitQty>גרמים</UnitQty>
      <Quantity>150.00</Quantity>
      <UnitOfMeasure>100 גרם</UnitOfMeasure>
      <bIsWeighted>0</bIsWeighted>
      <QtyInPackage>1</QtyInPackage>
      <ItemPrice>9.90</ItemPrice>
      <UnitOfMeasurePrice>6.6000</UnitOfMeasurePrice>
      <AllowDiscount>1</AllowDiscount>
      <ItemStatus>1</ItemStatus>
      <ItemId>96725</ItemId>
    </Item>
    <Item>
      <PriceUpdateDate>2015-01-01 00:00:00</PriceUpdateDate>
      <ItemCode>8001160001786</ItemCode>
      <ItemType>1</ItemType>
      <ItemName>משקה גטורייד פירות 5</ItemName>
      <ManufacturerName>BEST INTERCONTINENTA</ManufacturerName>
      <ManufactureCountry>איטליה</ManufactureCountry>
      <ManufacturerItemDescription>גטורייד ספורט כחול</ManufacturerItemDescription>
      <UnitQty>מיליליטרים</UnitQty>
      <Quantity>500.00</Quantity>
      <UnitOfMeasure>100 מ"ל</UnitOfMeasure>
      <bIsWeighted>0</bIsWeighted>
      <QtyInPackage>1</QtyInPackage>
      <ItemPrice>12.20</ItemPrice>
      <UnitOfMeasurePrice>2.4400</UnitOfMeasurePrice>
      <AllowDiscount>1</AllowDiscount>
      <ItemStatus>1</ItemStatus>
      <ItemId>85621</ItemId>
    </Item>
    <Item>
      <PriceUpdateDate>2016-05-04 07:07:14</PriceUpdateDate>
      <ItemCode>7290002833923</ItemCode>
      <ItemType>1</ItemType>
      <ItemName>פרלמנט סילבר</ItemName>
      <ManufacturerName>פיליפ מוריס</ManufacturerName>
      <ManufactureCountry>לא ידוע</ManufactureCountry>
      <ManufacturerItemDescription>סיגריות פרלמנט סילבר קופסא</ManufacturerItemDescription>
      <UnitQty>Unknown </UnitQty>
      <Quantity>0.00</Quantity>
      <UnitOfMeasure>Unknown </UnitOfMeasure>
      <bIsWeighted>0</bIsWeighted>
      <QtyInPackage>1</QtyInPackage>
      <ItemPrice>39.10</ItemPrice>
      <UnitOfMeasurePrice>0.0000</UnitOfMeasurePrice>
      <AllowDiscount>0</AllowDiscount>
      <ItemStatus>1</ItemStatus>
      <ItemId>50837</ItemId>
    </Item>
    <Item>
      <PriceUpdateDate>2016-06-07 07:38:37</PriceUpdateDate>
      <ItemCode>7290014217263</ItemCode>
      <ItemType>1</ItemType>
      <ItemName>תערובת תיבול לפרגיות</ItemName>
      <ManufacturerName>תבליני טעם וריח</ManufacturerName>
      <ManufactureCountry>לא ידוע</ManufactureCountry>
      <ManufacturerItemDescription>תערובת תיבול לפרגיות מיכל 100 גרם</ManufacturerItemDescription>
      <UnitQty>Unknown </UnitQty>
      <Quantity>0.00</Quantity>
      <UnitOfMeasure>Unknown </UnitOfMeasure>
      <bIsWeighted>0</bIsWeighted>
      <QtyInPackage>1</QtyInPackage>
      <ItemPrice>9.70</ItemPrice>
      <UnitOfMeasurePrice>0.0000</UnitOfMeasurePrice>
      <AllowDiscount>1</AllowDiscount>
      <ItemStatus>1</ItemStatus>
      <ItemId>109197</ItemId>
    </Item>
    <Item>
      <PriceUpdateDate>2015-01-01 00:00:00</PriceUpdateDate>
      <ItemCode>7290004200992</ItemCode>
      <ItemType>1</ItemType>
      <ItemName>נרות יום הולדת</ItemName>
      <ManufacturerName>שמחה זה אנחנו</ManufacturerName>
      <ManufactureCountry>לא ידוע</ManufactureCountry>
      <ManufacturerItemDescription>נרות יום הולדת</ManufacturerItemDescription>
      <UnitQty>Unknown </UnitQty>
      <Quantity>0.00</Quantity>
      <UnitOfMeasure>Unknown </UnitOfMeasure>
      <bIsWeighted>0</bIsWeighted>
      <QtyInPackage>1</QtyInPackage>
      <ItemPrice>4.10</ItemPrice>
      <UnitOfMeasurePrice>0.0000</UnitOfMeasurePrice>
      <AllowDiscount>1</AllowDiscount>
      <ItemStatus>1</ItemStatus>
      <ItemId>50842</ItemId>
    </Item>
    <Item>
      <PriceUpdateDate>2015-10-04 10:19:26</PriceUpdateDate>
      <ItemCode>8002450206003</ItemCode>
      <ItemType>1</ItemType>
      <ItemName>ורדי רימונים 750 מ"ל</ItemName>
      <ManufacturerName>יקב</ManufacturerName>
      <ManufactureCountry>איטליה</ManufactureCountry>
      <ManufacturerItemDescription>ורדי רימונים 750 מל</ManufacturerItemDescription>
      <UnitQty>מיליליטרים</UnitQty>
      <Quantity>750.00</Quantity>
      <UnitOfMeasure>100 מ"ל</UnitOfMeasure>
      <bIsWeighted>0</bIsWeighted>
      <QtyInPackage>1</QtyInPackage>
      <ItemPrice>31.20</ItemPrice>
      <UnitOfMeasurePrice>4.1600</UnitOfMeasurePrice>
      <AllowDiscount>1</AllowDiscount>
      <ItemStatus>1</ItemStatus>
      <ItemId>56474</ItemId>
    </Item>
    <Item>
      <PriceUpdateDate>2016-01-01 11:54:45</PriceUpdateDate>
      <ItemCode>7290103401429</ItemCode>
      <ItemType>1</ItemType>
      <ItemName>קפה קצב ברזילאי</ItemName>
      <ManufacturerName>שטראוס גרופ</ManufacturerName>
      <ManufactureCountry>ישראל</ManufactureCountry>
      <ManufacturerItemDescription>קפה קצב ברזילאי 200 גר                 "</ManufacturerItemDescription>
      <UnitQty>גרמים</UnitQty>
      <Quantity>200.00</Quantity>
      <UnitOfMeasure>100 גרם</UnitOfMeasure>
      <bIsWeighted>0</bIsWeighted>
      <QtyInPackage>1</QtyInPackage>
      <ItemPrice>36.50</ItemPrice>
      <UnitOfMeasurePrice>18.2500</UnitOfMeasurePrice>
      <AllowDiscount>1</AllowDiscount>
      <ItemStatus>1</ItemStatus>
      <ItemId>56518</ItemId>
    </Item>
    <Item>
      <PriceUpdateDate>2015-01-01 00:00:00</PriceUpdateDate>
      <ItemCode>7290000151601</ItemCode>
      <ItemType>1</ItemType>
      <ItemName>פסטרמה בדבש טהור דל</ItemName>
      <ManufacturerName>עוף טוב</ManufacturerName>
      <ManufactureCountry>לא ידוע</ManufactureCountry>
      <ManufacturerItemDescription>פסטרמה בדבש טהור דל 300 גר</ManufacturerItemDescription>
      <UnitQty>גרמים</UnitQty>
      <Quantity>300.00</Quantity>
      <UnitOfMeasure>100 גרם</UnitOfMeasure>
      <bIsWeighted>0</bIsWeighted>
      <QtyInPackage>1</QtyInPackage>
      <ItemPrice>29.30</ItemPrice>
      <UnitOfMeasurePrice>9.7667</UnitOfMeasurePrice>
      <AllowDiscount>1</AllowDiscount>
      <ItemStatus>1</ItemStatus>
      <ItemId>79672</ItemId>
    </Item>
    <Item>
      <PriceUpdateDate>2015-01-01 00:00:00</PriceUpdateDate>
      <ItemCode>5900020018441</ItemCode>
      <ItemType>1</ItemType>
      <ItemName>דגני שוקופיק 225 גרם</ItemName>
      <ManufacturerName>נסטלה פולין דגני בוק</ManufacturerName>
      <ManufactureCountry>לא ידוע</ManufactureCountry>
      <ManufacturerItemDescription>שוקופיק 225 גרם</ManufacturerItemDescription>
      <UnitQty>גרמים</UnitQty>
      <Quantity>225.00</Quantity>
      <UnitOfMeasure>100 גרם</UnitOfMeasure>
      <bIsWeighted>0</bIsWeighted>
      <QtyInPackage>1</QtyInPackage>
      <ItemPrice>10.00</ItemPrice>
      <UnitOfMeasurePrice>4.4444</UnitOfMeasurePrice>
      <AllowDiscount>1</AllowDiscount>
      <ItemStatus>1</ItemStatus>
      <ItemId>84661</ItemId>
    </Item>
    <Item>
      <PriceUpdateDate>2015-01-01 00:00:00</PriceUpdateDate>
      <ItemCode>8720100012445</ItemCode>
      <ItemType>1</ItemType>
      <ItemName>וופל טוסט 12 יחידות</ItemName>
      <ManufacturerName>דה בנקט גרופ</ManufacturerName>
      <ManufactureCountry>הולנד</ManufactureCountry>
      <ManufacturerItemDescription>וופל בלגי 12 יח250-"גר</ManufacturerItemDescription>
      <UnitQty>גרמים</UnitQty>
      <Quantity>250.00</Quantity>
      <UnitOfMeasure>100 גרם</UnitOfMeasure>
      <bIsWeighted>0</bIsWeighted>
      <QtyInPackage>1</QtyInPackage>
      <ItemPrice>16.80</ItemPrice>
      <UnitOfMeasurePrice>6.7200</UnitOfMeasurePrice>
      <AllowDiscount>1</AllowDiscount>
      <ItemStatus>1</ItemStatus>
      <ItemId>58409</ItemId>
    </Item>
    <Item>
      <PriceUpdateDate>2015-01-01 00:00:00</PriceUpdateDate>
      <ItemCode>4600659914015</ItemCode>
      <ItemType>1</ItemType>
      <ItemName>וודקה סטולי גולד</ItemName>
      <ManufacturerName>מזקקת וודקה</ManufacturerName>
      <ManufactureCountry>לטביה</ManufactureCountry>
      <ManufacturerItemDescription>וודקה סטולי גולד 700 מל</ManufacturerItemDescription>
      <UnitQty>מיליליטרים</UnitQty>
      <Quantity>700.00</Quantity>
      <UnitOfMeasure>100 מ"ל</UnitOfMeasure>
      <bIsWeighted>0</bIsWeighted>
      <QtyInPackage>1</QtyInPackage>
      <ItemPrice>154.30</ItemPrice>
      <UnitOfMeasurePrice>22.0429</UnitOfMeasurePrice>
      <AllowDiscount>1</AllowDiscount>
      <ItemStatus>1</ItemStatus>
      <ItemId>56537</ItemId>
    </Item>
    <Item>
      <PriceUpdateDate>2016-07-13 13:15:58</PriceUpdateDate>
      <ItemCode>7290014762039</ItemCode>
      <ItemType>1</ItemType>
      <ItemName>מוס עם שוקולד חלב מע</ItemName>
      <ManufacturerName>תנובה</ManufacturerName>
      <ManufactureCountry>ישראל</ManufactureCountry>
      <ManufacturerItemDescription>מוס עם שוקולד חלב מעולה YOLO</ManufacturerItemDescription>
      <UnitQty>מיליליטרים</UnitQty>
      <Quantity>78.00</Quantity>
      <UnitOfMeasure>100 מ"ל</UnitOfMeasure>
      <bIsWeighted>0</bIsWeighted>
      <QtyInPackage>1</QtyInPackage>
      <ItemPrice>4.30</ItemPrice>
      <UnitOfMeasurePrice>5.5128</UnitOfMeasurePrice>
      <AllowDiscount>1</AllowDiscount>
      <ItemStatus>1</ItemStatus>
      <ItemId>109692</ItemId>
    </Item>
    <Item>
      <PriceUpdateDate>2016-06-01 14:45:08</PriceUpdateDate>
      <ItemCode>5411188082637</ItemCode>
      <ItemType>1</ItemType>
      <ItemName>חלב סויה שוקו</ItemName>
      <ManufacturerName>יושלם</ManufacturerName>
      <ManufactureCountry>יושלם</ManufactureCountry>
      <ManufacturerItemDescription>חלב סויה אלפרו שוקו 250 מל</ManufacturerItemDescription>
      <UnitQty>מיליליטרים</UnitQty>
      <Quantity>250.00</Quantity>
      <UnitOfMeasure>100 מ"ל</UnitOfMeasure>
      <bIsWeighted>0</bIsWeighted>
      <QtyInPackage>1</QtyInPackage>
      <ItemPrice>7.90</ItemPrice>
      <UnitOfMeasurePrice>3.1600</UnitOfMeasurePrice>
      <AllowDiscount>1</AllowDiscount>
      <ItemStatus>1</ItemStatus>
      <ItemId>96274</ItemId>
    </Item>
    <Item>
      <PriceUpdateDate>2015-10-04 10:19:50</PriceUpdateDate>
      <ItemCode>5038483574386</ItemCode>
      <ItemType>1</ItemType>
      <ItemName>דורקס פדרלייט</ItemName>
      <ManufacturerName>רקיט בנקיזר הלת'קר</ManufacturerName>
      <ManufactureCountry>תאילנד</ManufactureCountry>
      <ManufacturerItemDescription>דורקס פדרלייט 3 * 12 יח                .</ManufacturerItemDescription>
      <UnitQty>Unknown </UnitQty>
      <Quantity>0.00</Quantity>
      <UnitOfMeasure>Unknown </UnitOfMeasure>
      <bIsWeighted>0</bIsWeighted>
      <QtyInPackage>3</QtyInPackage>
      <ItemPrice>19.70</ItemPrice>
      <UnitOfMeasurePrice>0.0000</UnitOfMeasurePrice>
      <AllowDiscount>1</AllowDiscount>
      <ItemStatus>1</ItemStatus>
      <ItemId>56639</ItemId>
    </Item>
    <Item>
      <PriceUpdateDate>2015-01-01 00:00:00</PriceUpdateDate>
      <ItemCode>7290004494087</ItemCode>
      <ItemType>1</ItemType>
      <ItemName>יין דלתון כנען אדום</ItemName>
      <ManufacturerName>יושלם</ManufacturerName>
      <ManufactureCountry>יושלם</ManufactureCountry>
      <ManufacturerItemDescription>יין דלתון כנען אדום 750 מל</ManufacturerItemDescription>
      <UnitQty>מיליליטרים</UnitQty>
      <Quantity>750.00</Quantity>
      <UnitOfMeasure>100 מ"ל</UnitOfMeasure>
      <bIsWeighted>0</bIsWeighted>
      <QtyInPackage>1</QtyInPackage>
      <ItemPrice>53.00</ItemPrice>
      <UnitOfMeasurePrice>7.0667</UnitOfMeasurePrice>
      <AllowDiscount>1</AllowDiscount>
      <ItemStatus>1</ItemStatus>
      <ItemId>51010</ItemId>
    </Item>
    <Item>
      <PriceUpdateDate>2015-01-01 00:00:00</PriceUpdateDate>
      <ItemCode>7290000208008</ItemCode>
      <ItemType>1</ItemType>
      <ItemName>חריסה             A</ItemName>
      <ManufacturerName>זנלכל בע"מ</ManufacturerName>
      <ManufactureCountry>לא ידוע</ManufactureCountry>
      <ManufacturerItemDescription>חריסהA גרם                        570 2</ManufacturerItemDescription>
      <UnitQty>גרמים</UnitQty>
      <Quantity>570.00</Quantity>
      <UnitOfMeasure>100 גרם</UnitOfMeasure>
      <bIsWeighted>0</bIsWeighted>
      <QtyInPackage>1</QtyInPackage>
      <ItemPrice>8.90</ItemPrice>
      <UnitOfMeasurePrice>1.5614</UnitOfMeasurePrice>
      <AllowDiscount>1</AllowDiscount>
      <ItemStatus>1</ItemStatus>
      <ItemId>51045</ItemId>
    </Item>
    <Item>
      <PriceUpdateDate>2015-01-01 00:00:00</PriceUpdateDate>
      <ItemCode>7290004494186</ItemCode>
      <ItemType>1</ItemType>
      <ItemName>יין דלתון כנען לבן</ItemName>
      <ManufacturerName>ייקבי דלתון</ManufacturerName>
      <ManufactureCountry>ישראל</ManufactureCountry>
      <ManufacturerItemDescription>יין דלתון כנען לבן 750 מל</ManufacturerItemDescription>
      <UnitQty>מיליליטרים</UnitQty>
      <Quantity>750.00</Quantity>
      <UnitOfMeasure>100 מ"ל</UnitOfMeasure>
      <bIsWeighted>0</bIsWeighted>
      <QtyInPackage>1</QtyInPackage>
      <ItemPrice>53.00</ItemPrice>
      <UnitOfMeasurePrice>7.0667</UnitOfMeasurePrice>
      <AllowDiscount>1</AllowDiscount>
      <ItemStatus>1</ItemStatus>
      <ItemId>51073</ItemId>
    </Item>
    <Item>
      <PriceUpdateDate>2015-01-01 00:00:00</PriceUpdateDate>
      <ItemCode>7290002065616</ItemCode>
      <ItemType>1</ItemType>
      <ItemName>לחם שיפון גרעינים</ItemName>
      <ManufacturerName>מאפיית אנג'ל</ManufacturerName>
      <ManufactureCountry>ישראל</ManufactureCountry>
      <ManufacturerItemDescription>לחם שיפון גרעינים 750 גרם</ManufacturerItemDescription>
      <UnitQty>גרמים</UnitQty>
      <Quantity>750.00</Quantity>
      <UnitOfMeasure>100 גרם</UnitOfMeasure>
      <bIsWeighted>0</bIsWeighted>
      <QtyInPackage>1</QtyInPackage>
      <ItemPrice>12.90</ItemPrice>
      <UnitOfMeasurePrice>1.7200</UnitOfMeasurePrice>
      <AllowDiscount>1</AllowDiscount>
      <ItemStatus>1</ItemStatus>
      <ItemId>56845</ItemId>
    </Item>
    <Item>
      <PriceUpdateDate>2016-06-16 06:48:27</PriceUpdateDate>
      <ItemCode>7290002421115</ItemCode>
      <ItemType>1</ItemType>
      <ItemName>כדורי לאבנה בקר  400</ItemName>
      <ManufacturerName>מחלבת גדות</ManufacturerName>
      <ManufactureCountry>לא ידוע</ManufactureCountry>
      <ManufacturerItemDescription>כדורי לאבנה בקר 400 גר                 "</ManufacturerItemDescription>
      <UnitQty>גרמים</UnitQty>
      <Quantity>400.00</Quantity>
      <UnitOfMeasure>100 גרם</UnitOfMeasure>
      <bIsWeighted>0</bIsWeighted>
      <QtyInPackage>1</QtyInPackage>
      <ItemPrice>33.90</ItemPrice>
      <UnitOfMeasurePrice>8.4750</UnitOfMeasurePrice>
      <AllowDiscount>1</AllowDiscount>
      <ItemStatus>1</ItemStatus>
      <ItemId>56949</ItemId>
    </Item>
    <Item>
      <PriceUpdateDate>2015-10-04 10:20:13</PriceUpdateDate>
      <ItemCode>7290002421160</ItemCode>
      <ItemType>1</ItemType>
      <ItemName>גבינת פטה 160 גרם</ItemName>
      <ManufacturerName>מחלבת גדות</ManufacturerName>
      <ManufactureCountry>ישראל</ManufactureCountry>
      <ManufacturerItemDescription>פטה 160 גר                             "</ManufacturerItemDescription>
      <UnitQty>גרמים</UnitQty>
      <Quantity>160.00</Quantity>
      <UnitOfMeasure>100 גרם</UnitOfMeasure>
      <bIsWeighted>0</bIsWeighted>
      <QtyInPackage>1</QtyInPackage>
      <ItemPrice>23.70</ItemPrice>
      <UnitOfMeasurePrice>14.8125</UnitOfMeasurePrice>
      <AllowDiscount>1</AllowDiscount>
      <ItemStatus>1</ItemStatus>
      <ItemId>56951</ItemId>
    </Item>
    <Item>
      <PriceUpdateDate>2015-10-04 10:20:14</PriceUpdateDate>
      <ItemCode>7290002421177</ItemCode>
      <ItemType>1</ItemType>
      <ItemName>גבינת היידי 170 גר</ItemName>
      <ManufacturerName>מחלבת גדות</ManufacturerName>
      <ManufactureCountry>ישראל</ManufactureCountry>
      <ManufacturerItemDescription>גבינת היידי 170 גר</ManufacturerItemDescription>
      <UnitQty>גרמים</UnitQty>
      <Quantity>170.00</Quantity>
      <UnitOfMeasure>100 גרם</UnitOfMeasure>
      <bIsWeighted>0</bIsWeighted>
      <QtyInPackage>1</QtyInPackage>
      <ItemPrice>27.70</ItemPrice>
      <UnitOfMeasurePrice>16.2941</UnitOfMeasurePrice>
      <AllowDiscount>1</AllowDiscount>
      <ItemStatus>1</ItemStatus>
      <ItemId>56955</ItemId>
    </Item>
    <Item>
      <PriceUpdateDate>2015-10-04 10:20:14</PriceUpdateDate>
      <ItemCode>7290002421184</ItemCode>
      <ItemType>1</ItemType>
      <ItemName>גבינת היידי יין 160</ItemName>
      <ManufacturerName>מחלבת גדות</ManufacturerName>
      <ManufactureCountry>ישראל</ManufactureCountry>
      <ManufacturerItemDescription>היידי יין 160 גר                       "</ManufacturerItemDescription>
      <UnitQty>גרמים</UnitQty>
      <Quantity>160.00</Quantity>
      <UnitOfMeasure>100 גרם</UnitOfMeasure>
      <bIsWeighted>0</bIsWeighted>
      <QtyInPackage>1</QtyInPackage>
      <ItemPrice>31.60</ItemPrice>
      <UnitOfMeasurePrice>19.7500</UnitOfMeasurePrice>
      <AllowDiscount>1</AllowDiscount>
      <ItemStatus>1</ItemStatus>
      <ItemId>56956</ItemId>
    </Item>
    <Item>
      <PriceUpdateDate>2016-05-02 13:50:18</PriceUpdateDate>
      <ItemCode>7290002421382</ItemCode>
      <ItemType>1</ItemType>
      <ItemName>גבינת גאודה חרדל 200</ItemName>
      <ManufacturerName>מחלבת גדות</ManufacturerName>
      <ManufactureCountry>ישראל</ManufactureCountry>
      <ManufacturerItemDescription>גאודה חרדל 200 גרם</ManufacturerItemDescription>
      <UnitQty>גרמים</UnitQty>
      <Quantity>200.00</Quantity>
      <UnitOfMeasure>100 גרם</UnitOfMeasure>
      <bIsWeighted>0</bIsWeighted>
      <QtyInPackage>1</QtyInPackage>
      <ItemPrice>29.90</ItemPrice>
      <UnitOfMeasurePrice>14.9500</UnitOfMeasurePrice>
      <AllowDiscount>1</AllowDiscount>
      <ItemStatus>1</ItemStatus>
      <ItemId>56961</ItemId>
    </Item>
    <Item>
      <PriceUpdateDate>2016-05-04 07:07:48</PriceUpdateDate>
      <ItemCode>7290002421399</ItemCode>
      <ItemType>1</ItemType>
      <ItemName>גבינת גאודה צ"ילי 20</ItemName>
      <ManufacturerName>מחלבת גדות</ManufacturerName>
      <ManufactureCountry>ישראל</ManufactureCountry>
      <ManufacturerItemDescription>גאודה צ"ילי 200 גר                     "</ManufacturerItemDescription>
      <UnitQty>גרמים</UnitQty>
      <Quantity>200.00</Quantity>
      <UnitOfMeasure>100 גרם</UnitOfMeasure>
      <bIsWeighted>0</bIsWeighted>
      <QtyInPackage>1</QtyInPackage>
      <ItemPrice>29.90</ItemPrice>
      <UnitOfMeasurePrice>14.9500</UnitOfMeasurePrice>
      <AllowDiscount>1</AllowDiscount>
      <ItemStatus>1</ItemStatus>
      <ItemId>56962</ItemId>
    </Item>
    <Item>
      <PriceUpdateDate>2016-05-02 13:50:18</PriceUpdateDate>
      <ItemCode>7290002421412</ItemCode>
      <ItemType>1</ItemType>
      <ItemName>גבינת גאודה שום שמיר</ItemName>
      <ManufacturerName>מחלבת גדות</ManufacturerName>
      <ManufactureCountry>ישראל</ManufactureCountry>
      <ManufacturerItemDescription>גאודה שום שמיר 200 גרם</ManufacturerItemDescription>
      <UnitQty>גרמים</UnitQty>
      <Quantity>200.00</Quantity>
      <UnitOfMeasure>100 גרם</UnitOfMeasure>
      <bIsWeighted>0</bIsWeighted>
      <QtyInPackage>1</QtyInPackage>
      <ItemPrice>29.90</ItemPrice>
      <UnitOfMeasurePrice>14.9500</UnitOfMeasurePrice>
      <AllowDiscount>1</AllowDiscount>
      <ItemStatus>1</ItemStatus>
      <ItemId>56964</ItemId>
    </Item>
    <Item>
      <PriceUpdateDate>2015-01-01 00:00:00</PriceUpdateDate>
      <ItemCode>7290002421443</ItemCode>
      <ItemType>1</ItemType>
      <ItemName>גבינת צ"דר בקר 180 ג</ItemName>
      <ManufacturerName>מחלבת גדות</ManufacturerName>
      <ManufactureCountry>ישראל</ManufactureCountry>
      <ManufacturerItemDescription>צ"דר בקר 180 גר                        "</ManufacturerItemDescription>
      <UnitQty>גרמים</UnitQty>
      <Quantity>180.00</Quantity>
      <UnitOfMeasure>100 גרם</UnitOfMeasure>
      <bIsWeighted>0</bIsWeighted>
      <QtyInPackage>1</QtyInPackage>
      <ItemPrice>26.90</ItemPrice>
      <UnitOfMeasurePrice>14.9444</UnitOfMeasurePrice>
      <AllowDiscount>1</AllowDiscount>
      <ItemStatus>1</ItemStatus>
      <ItemId>56967</ItemId>
    </Item>
    <Item>
      <PriceUpdateDate>2015-10-04 10:20:14</PriceUpdateDate>
      <ItemCode>7290002421450</ItemCode>
      <ItemType>1</ItemType>
      <ItemName>בולגרית 5% 180 גר</ItemName>
      <ManufacturerName>מחלבת גדות</ManufacturerName>
      <ManufactureCountry>ישראל</ManufactureCountry>
      <ManufacturerItemDescription>בולגרית 5% 180 גר</ManufacturerItemDescription>
      <UnitQty>גרמים</UnitQty>
      <Quantity>180.00</Quantity>
      <UnitOfMeasure>100 גרם</UnitOfMeasure>
      <bIsWeighted>0</bIsWeighted>
      <QtyInPackage>1</QtyInPackage>
      <ItemPrice>15.40</ItemPrice>
      <UnitOfMeasurePrice>8.5556</UnitOfMeasurePrice>
      <AllowDiscount>1</AllowDiscount>
      <ItemStatus>1</ItemStatus>
      <ItemId>56968</ItemId>
    </Item>
    <Item>
      <PriceUpdateDate>2015-10-04 10:20:14</PriceUpdateDate>
      <ItemCode>7290002421504</ItemCode>
      <ItemType>1</ItemType>
      <ItemName>גבינת חרמון ברי 160</ItemName>
      <ManufacturerName>מחלבת גדות</ManufacturerName>
      <ManufactureCountry>ישראל</ManufactureCountry>
      <ManufacturerItemDescription>חרמון ברי 160 גר                       "</ManufacturerItemDescription>
      <UnitQty>גרמים</UnitQty>
      <Quantity>160.00</Quantity>
      <UnitOfMeasure>100 גרם</UnitOfMeasure>
      <bIsWeighted>0</bIsWeighted>
      <QtyInPackage>1</QtyInPackage>
      <ItemPrice>20.70</ItemPrice>
      <UnitOfMeasurePrice>12.9375</UnitOfMeasurePrice>
      <AllowDiscount>1</AllowDiscount>
      <ItemStatus>1</ItemStatus>
      <ItemId>56973</ItemId>
    </Item>
    <Item>
      <PriceUpdateDate>2015-10-04 10:20:14</PriceUpdateDate>
      <ItemCode>7290002421542</ItemCode>
      <ItemType>1</ItemType>
      <ItemName>גבינת קשקבל 240 גרם</ItemName>
      <ManufacturerName>מחלבת גדות</ManufacturerName>
      <ManufactureCountry>ישראל</ManufactureCountry>
      <ManufacturerItemDescription>קשקבל 240 גר                           "</ManufacturerItemDescription>
      <UnitQty>גרמים</UnitQty>
      <Quantity>240.00</Quantity>
      <UnitOfMeasure>100 גרם</UnitOfMeasure>
      <bIsWeighted>0</bIsWeighted>
      <QtyInPackage>1</QtyInPackage>
      <ItemPrice>32.60</ItemPrice>
      <UnitOfMeasurePrice>13.5833</UnitOfMeasurePrice>
      <AllowDiscount>1</AllowDiscount>
      <ItemStatus>1</ItemStatus>
      <ItemId>56976</ItemId>
    </Item>
    <Item>
      <PriceUpdateDate>2015-10-04 10:20:14</PriceUpdateDate>
      <ItemCode>7290002421559</ItemCode>
      <ItemType>1</ItemType>
      <ItemName>גבינת רוקפור 180 גרם</ItemName>
      <ManufacturerName>מחלבת גדות</ManufacturerName>
      <ManufactureCountry>ישראל</ManufactureCountry>
      <ManufacturerItemDescription>רוקפור 180 גר                          "</ManufacturerItemDescription>
      <UnitQty>גרמים</UnitQty>
      <Quantity>180.00</Quantity>
      <UnitOfMeasure>100 גרם</UnitOfMeasure>
      <bIsWeighted>0</bIsWeighted>
      <QtyInPackage>1</QtyInPackage>
      <ItemPrice>33.60</ItemPrice>
      <UnitOfMeasurePrice>18.6667</UnitOfMeasurePrice>
      <AllowDiscount>1</AllowDiscount>
      <ItemStatus>1</ItemStatus>
      <ItemId>56977</ItemId>
    </Item>
    <Item>
      <PriceUpdateDate>2016-03-13 13:38:32</PriceUpdateDate>
      <ItemCode>7290001778118</ItemCode>
      <ItemType>1</ItemType>
      <ItemName>תריסר ביצים L</ItemName>
      <ManufacturerName>גליקסמן שיווק ביצים</ManufacturerName>
      <ManufactureCountry>ישראל</ManufactureCountry>
      <ManufacturerItemDescription>תריסר בציםL</ManufacturerItemDescription>
      <UnitQty>יחידה   </UnitQty>
      <Quantity>1.00</Quantity>
      <UnitOfMeasure>יחידה   </UnitOfMeasure>
      <bIsWeighted>0</bIsWeighted>
      <QtyInPackage>1</QtyInPackage>
      <ItemPrice>11.40</ItemPrice>
      <UnitOfMeasurePrice>11.4000</UnitOfMeasurePrice>
      <AllowDiscount>1</AllowDiscount>
      <ItemStatus>1</ItemStatus>
      <ItemId>56988</ItemId>
    </Item>
    <Item>
      <PriceUpdateDate>2015-01-01 00:00:00</PriceUpdateDate>
      <ItemCode>7290003411399</ItemCode>
      <ItemType>1</ItemType>
      <ItemName>פרורי לחם200ג"ר</ItemName>
      <ManufacturerName>וודש</ManufacturerName>
      <ManufactureCountry>לא ידוע</ManufactureCountry>
      <ManufacturerItemDescription>פרורי לחם200ג"ר</ManufacturerItemDescription>
      <UnitQty>קילוגרמים</UnitQty>
      <Quantity>0.20</Quantity>
      <UnitOfMeasure>ק"ג</UnitOfMeasure>
      <bIsWeighted>0</bIsWeighted>
      <QtyInPackage>1</QtyInPackage>
      <ItemPrice>5.00</ItemPrice>
      <UnitOfMeasurePrice>25.0000</UnitOfMeasurePrice>
      <AllowDiscount>1</AllowDiscount>
      <ItemStatus>1</ItemStatus>
      <ItemId>56998</ItemId>
    </Item>
    <Item>
      <PriceUpdateDate>2015-10-04 10:19:51</PriceUpdateDate>
      <ItemCode>5038483578780</ItemCode>
      <ItemType>1</ItemType>
      <ItemName>דורקס עלית</ItemName>
      <ManufacturerName>רקיט בנקיזר הלת'קר</ManufacturerName>
      <ManufactureCountry>לא ידוע</ManufactureCountry>
      <ManufacturerItemDescription>דורקס עלית 12 * 3 יחידות</ManufacturerItemDescription>
      <UnitQty>Unknown </UnitQty>
      <Quantity>0.00</Quantity>
      <UnitOfMeasure>Unknown </UnitOfMeasure>
      <bIsWeighted>0</bIsWeighted>
      <QtyInPackage>1</QtyInPackage>
      <ItemPrice>17.30</ItemPrice>
      <UnitOfMeasurePrice>0.0000</UnitOfMeasurePrice>
      <AllowDiscount>1</AllowDiscount>
      <ItemStatus>1</ItemStatus>
      <ItemId>57066</ItemId>
    </Item>
    <Item>
      <PriceUpdateDate>2015-08-04 08:14:43</PriceUpdateDate>
      <ItemCode>5413121350018</ItemCode>
      <ItemType>1</ItemType>
      <ItemName>בליגאן פרליני שוקולד</ItemName>
      <ManufacturerName>בי סי גי</ManufacturerName>
      <ManufactureCountry>בלגיה</ManufactureCountry>
      <ManufacturerItemDescription>בליגאן פרליני שוקולד בלגי 200 גר</ManufacturerItemDescription>
      <UnitQty>גרמים</UnitQty>
      <Quantity>125.00</Quantity>
      <UnitOfMeasure>100 גרם</UnitOfMeasure>
      <bIsWeighted>0</bIsWeighted>
      <QtyInPackage>1</QtyInPackage>
      <ItemPrice>25.50</ItemPrice>
      <UnitOfMeasurePrice>20.4000</UnitOfMeasurePrice>
      <AllowDiscount>1</AllowDiscount>
      <ItemStatus>1</ItemStatus>
      <ItemId>57125</ItemId>
    </Item>
    <Item>
      <PriceUpdateDate>2015-01-01 00:00:00</PriceUpdateDate>
      <ItemCode>5413121351602</ItemCode>
      <ItemType>1</ItemType>
      <ItemName>בונבוניה לבבות שוק .</ItemName>
      <ManufacturerName>בי.סי.ג'י</ManufacturerName>
      <ManufactureCountry>בלגיה</ManufactureCountry>
      <ManufacturerItemDescription>בונבוניה לבבות שוקולד בלגי           65</ManufacturerItemDescription>
      <UnitQty>גרמים</UnitQty>
      <Quantity>65.00</Quantity>
      <UnitOfMeasure>100 גרם</UnitOfMeasure>
      <bIsWeighted>0</bIsWeighted>
      <QtyInPackage>1</QtyInPackage>
      <ItemPrice>10.00</ItemPrice>
      <UnitOfMeasurePrice>15.3846</UnitOfMeasurePrice>
      <AllowDiscount>1</AllowDiscount>
      <ItemStatus>1</ItemStatus>
      <ItemId>57126</ItemId>
    </Item>
    <Item>
      <PriceUpdateDate>2015-10-04 10:17:59</PriceUpdateDate>
      <ItemCode>3574660676105</ItemCode>
      <ItemType>1</ItemType>
      <ItemName>ניטרוגינה קרם רב שימ</ItemName>
      <ManufacturerName>CILAG GMBH INTERNATI</ManufacturerName>
      <ManufactureCountry>צרפת</ManufactureCountry>
      <ManufacturerItemDescription>ניטרוגינה קרם רב שימושי300 מל</ManufacturerItemDescription>
      <UnitQty>מיליליטרים</UnitQty>
      <Quantity>300.00</Quantity>
      <UnitOfMeasure>100 מ"ל</UnitOfMeasure>
      <bIsWeighted>0</bIsWeighted>
      <QtyInPackage>1</QtyInPackage>
      <ItemPrice>36.50</ItemPrice>
      <UnitOfMeasurePrice>12.1667</UnitOfMeasurePrice>
      <AllowDiscount>1</AllowDiscount>
      <ItemStatus>1</ItemStatus>
      <ItemId>98534</ItemId>
    </Item>
    <Item>
      <PriceUpdateDate>2015-01-01 00:00:00</PriceUpdateDate>
      <ItemCode>7290003251308</ItemCode>
      <ItemType>1</ItemType>
      <ItemName>אציטון 100 מ"ל</ItemName>
      <ManufacturerName>שוורץ</ManufacturerName>
      <ManufactureCountry>ישראל</ManufactureCountry>
      <ManufacturerItemDescription>אצטון</ManufacturerItemDescription>
      <UnitQty>מיליליטרים</UnitQty>
      <Quantity>100.00</Quantity>
      <UnitOfMeasure>100 מ"ל</UnitOfMeasure>
      <bIsWeighted>0</bIsWeighted>
      <QtyInPackage>1</QtyInPackage>
      <ItemPrice>3.90</ItemPrice>
      <UnitOfMeasurePrice>3.9000</UnitOfMeasurePrice>
      <AllowDiscount>1</AllowDiscount>
      <ItemStatus>1</ItemStatus>
      <ItemId>51271</ItemId>
    </Item>
    <Item>
      <PriceUpdateDate>2015-01-01 00:00:00</PriceUpdateDate>
      <ItemCode>7290010314140</ItemCode>
      <ItemType>1</ItemType>
      <ItemName>חזה בגריל צמחי 630 ג</ItemName>
      <ManufacturerName>טבעול</ManufacturerName>
      <ManufactureCountry>ישראל</ManufactureCountry>
      <ManufacturerItemDescription>חזה בגריל צמחי</ManufacturerItemDescription>
      <UnitQty>גרמים</UnitQty>
      <Quantity>630.00</Quantity>
      <UnitOfMeasure>100 גרם</UnitOfMeasure>
      <bIsWeighted>0</bIsWeighted>
      <QtyInPackage>1</QtyInPackage>
      <ItemPrice>39.90</ItemPrice>
      <UnitOfMeasurePrice>6.3333</UnitOfMeasurePrice>
      <AllowDiscount>1</AllowDiscount>
      <ItemStatus>1</ItemStatus>
      <ItemId>51367</ItemId>
    </Item>
    <Item>
      <PriceUpdateDate>2016-04-22 09:17:29</PriceUpdateDate>
      <ItemCode>7290101864127</ItemCode>
      <ItemType>1</ItemType>
      <ItemName>קליה אוקסי ספריי</ItemName>
      <ManufacturerName>קליה</ManufacturerName>
      <ManufactureCountry>פולין</ManufactureCountry>
      <ManufacturerItemDescription>קליה אוקסי ספריי 750 מ"ל</ManufacturerItemDescription>
      <UnitQty>מיליליטרים</UnitQty>
      <Quantity>750.00</Quantity>
      <UnitOfMeasure>100 מ"ל</UnitOfMeasure>
      <bIsWeighted>0</bIsWeighted>
      <QtyInPackage>1</QtyInPackage>
      <ItemPrice>22.70</ItemPrice>
      <UnitOfMeasurePrice>3.0267</UnitOfMeasurePrice>
      <AllowDiscount>1</AllowDiscount>
      <ItemStatus>1</ItemStatus>
      <ItemId>57265</ItemId>
    </Item>
    <Item>
      <PriceUpdateDate>2015-01-01 00:00:00</PriceUpdateDate>
      <ItemCode>7290011131388</ItemCode>
      <ItemType>1</ItemType>
      <ItemName>מיזלי תפוחים קינמון</ItemName>
      <ManufacturerName>גרין</ManufacturerName>
      <ManufactureCountry>מקדוניה</ManufactureCountry>
      <ManufacturerItemDescription>מיזלי תפוחים קינמון 1 קג</ManufacturerItemDescription>
      <UnitQty>קילוגרמים</UnitQty>
      <Quantity>1.00</Quantity>
      <UnitOfMeasure>ק"ג</UnitOfMeasure>
      <bIsWeighted>0</bIsWeighted>
      <QtyInPackage>1</QtyInPackage>
      <ItemPrice>28.90</ItemPrice>
      <UnitOfMeasurePrice>28.9000</UnitOfMeasurePrice>
      <AllowDiscount>1</AllowDiscount>
      <ItemStatus>1</ItemStatus>
      <ItemId>57316</ItemId>
    </Item>
    <Item>
      <PriceUpdateDate>2015-10-04 10:19:18</PriceUpdateDate>
      <ItemCode>7290000051307</ItemCode>
      <ItemType>1</ItemType>
      <ItemName>מארז הפסקת אוכל</ItemName>
      <ManufacturerName>תנובה מרכז שיתופי לש</ManufacturerName>
      <ManufactureCountry>ישראל</ManufactureCountry>
      <ManufacturerItemDescription>מארז הפסקת אוכל חלב+דגני עוגי</ManufacturerItemDescription>
      <UnitQty>Unknown </UnitQty>
      <Quantity>0.00</Quantity>
      <UnitOfMeasure>Unknown </UnitOfMeasure>
      <bIsWeighted>0</bIsWeighted>
      <QtyInPackage>1</QtyInPackage>
      <ItemPrice>9.20</ItemPrice>
      <UnitOfMeasurePrice>0.0000</UnitOfMeasurePrice>
      <AllowDiscount>1</AllowDiscount>
      <ItemStatus>1</ItemStatus>
      <ItemId>57335</ItemId>
    </Item>
    <Item>
      <PriceUpdateDate>2015-10-04 10:19:19</PriceUpdateDate>
      <ItemCode>7290000051352</ItemCode>
      <ItemType>1</ItemType>
      <ItemName>חלב של פעם</ItemName>
      <ManufacturerName>תנובה מרכז שיתופי לש</ManufacturerName>
      <ManufactureCountry>ישראל</ManufactureCountry>
      <ManufacturerItemDescription>חלב של פעם 3.5% -3.8% חלב מלא</ManufacturerItemDescription>
      <UnitQty>ליטרים</UnitQty>
      <Quantity>1.00</Quantity>
      <UnitOfMeasure>ליטר</UnitOfMeasure>
      <bIsWeighted>0</bIsWeighted>
      <QtyInPackage>1</QtyInPackage>
      <ItemPrice>7.80</ItemPrice>
      <UnitOfMeasurePrice>7.8000</UnitOfMeasurePrice>
      <AllowDiscount>1</AllowDiscount>
      <ItemStatus>1</ItemStatus>
      <ItemId>57336</ItemId>
    </Item>
    <Item>
      <PriceUpdateDate>2015-01-01 00:00:00</PriceUpdateDate>
      <ItemCode>7290011131395</ItemCode>
      <ItemType>1</ItemType>
      <ItemName>מיזלי קראנץ  1  ק" ג</ItemName>
      <ManufacturerName>גרין</ManufacturerName>
      <ManufactureCountry>מקדוניה</ManufactureCountry>
      <ManufacturerItemDescription>מיזלי קראנץ  1  קג</ManufacturerItemDescription>
      <UnitQty>קילוגרמים</UnitQty>
      <Quantity>1.00</Quantity>
      <UnitOfMeasure>ק"ג</UnitOfMeasure>
      <bIsWeighted>0</bIsWeighted>
      <QtyInPackage>1</QtyInPackage>
      <ItemPrice>28.90</ItemPrice>
      <UnitOfMeasurePrice>28.9000</UnitOfMeasurePrice>
      <AllowDiscount>1</AllowDiscount>
      <ItemStatus>1</ItemStatus>
      <ItemId>57488</ItemId>
    </Item>
    <Item>
      <PriceUpdateDate>2015-01-01 00:00:00</PriceUpdateDate>
      <ItemCode>7290010116973</ItemCode>
      <ItemType>1</ItemType>
      <ItemName>חטיף ציטוס בוטנים</ItemName>
      <ManufacturerName>שטראוס גרופ</ManufacturerName>
      <ManufactureCountry>ישראל</ManufactureCountry>
      <ManufacturerItemDescription>חטיף ציטוס בוטנים 80 גרם</ManufacturerItemDescription>
      <UnitQty>גרמים</UnitQty>
      <Quantity>80.00</Quantity>
      <UnitOfMeasure>100 גרם</UnitOfMeasure>
      <bIsWeighted>0</bIsWeighted>
      <QtyInPackage>1</QtyInPackage>
      <ItemPrice>5.00</ItemPrice>
      <UnitOfMeasurePrice>6.2500</UnitOfMeasurePrice>
      <AllowDiscount>1</AllowDiscount>
      <ItemStatus>1</ItemStatus>
      <ItemId>52044</ItemId>
    </Item>
    <Item>
      <PriceUpdateDate>2015-10-04 10:17:37</PriceUpdateDate>
      <ItemCode>7290000190068</ItemCode>
      <ItemType>1</ItemType>
      <ItemName>מפיות נייר ניקול 100</ItemName>
      <ManufacturerName>חוגלה קימברלי</ManufacturerName>
      <ManufactureCountry>ישראל</ManufactureCountry>
      <ManufacturerItemDescription>מפיות נייר ניקול 100 יח</ManufacturerItemDescription>
      <UnitQty>Unknown </UnitQty>
      <Quantity>0.00</Quantity>
      <UnitOfMeasure>Unknown </UnitOfMeasure>
      <bIsWeighted>0</bIsWeighted>
      <QtyInPackage>1</QtyInPackage>
      <ItemPrice>8.80</ItemPrice>
      <UnitOfMeasurePrice>0.0000</UnitOfMeasurePrice>
      <AllowDiscount>1</AllowDiscount>
      <ItemStatus>1</ItemStatus>
      <ItemId>52072</ItemId>
    </Item>
    <Item>
      <PriceUpdateDate>2015-08-03 07:56:07</PriceUpdateDate>
      <ItemCode>835811008132</ItemCode>
      <ItemType>1</ItemType>
      <ItemName>ספוגי מתכת ארוז בגלי</ItemName>
      <ManufacturerName>גיאוגאנגדונג-ממרקות</ManufacturerName>
      <ManufactureCountry>סין</ManufactureCountry>
      <ManufacturerItemDescription>ספוגי מתכת ארוז בגלי</ManufacturerItemDescription>
      <UnitQty>Unknown </UnitQty>
      <Quantity>0.00</Quantity>
      <UnitOfMeasure>Unknown </UnitOfMeasure>
      <bIsWeighted>0</bIsWeighted>
      <QtyInPackage>1</QtyInPackage>
      <ItemPrice>14.90</ItemPrice>
      <UnitOfMeasurePrice>0.0000</UnitOfMeasurePrice>
      <AllowDiscount>1</AllowDiscount>
      <ItemStatus>1</ItemStatus>
      <ItemId>52182</ItemId>
    </Item>
    <Item>
      <PriceUpdateDate>2015-01-01 00:00:00</PriceUpdateDate>
      <ItemCode>7290002410713</ItemCode>
      <ItemType>1</ItemType>
      <ItemName>קישקע 500 גר</ItemName>
      <ManufacturerName>לאטי עזרא גלם ודגים</ManufacturerName>
      <ManufactureCountry>ישראל</ManufactureCountry>
      <ManufacturerItemDescription>קישקע 500 גר</ManufacturerItemDescription>
      <UnitQty>גרמים</UnitQty>
      <Quantity>500.00</Quantity>
      <UnitOfMeasure>100 גרם</UnitOfMeasure>
      <bIsWeighted>0</bIsWeighted>
      <QtyInPackage>1</QtyInPackage>
      <ItemPrice>13.90</ItemPrice>
      <UnitOfMeasurePrice>2.7800</UnitOfMeasurePrice>
      <AllowDiscount>1</AllowDiscount>
      <ItemStatus>1</ItemStatus>
      <ItemId>52226</ItemId>
    </Item>
    <Item>
      <PriceUpdateDate>2015-01-01 00:00:00</PriceUpdateDate>
      <ItemCode>7290101488316</ItemCode>
      <ItemType>1</ItemType>
      <ItemName>ליידי ספיד סטיק ורוד</ItemName>
      <ManufacturerName>COLGATE ($) -PALMOLI</ManufacturerName>
      <ManufactureCountry>ארצות הברית</ManufactureCountry>
      <ManufacturerItemDescription>ליידי ספיד סטיק ללא סימן-ורוד</ManufacturerItemDescription>
      <UnitQty>מיליליטרים</UnitQty>
      <Quantity>65.00</Quantity>
      <UnitOfMeasure>100 מ"ל</UnitOfMeasure>
      <bIsWeighted>0</bIsWeighted>
      <QtyInPackage>1</QtyInPackage>
      <ItemPrice>28.90</ItemPrice>
      <UnitOfMeasurePrice>44.4615</UnitOfMeasurePrice>
      <AllowDiscount>1</AllowDiscount>
      <ItemStatus>1</ItemStatus>
      <ItemId>52531</ItemId>
    </Item>
    <Item>
      <PriceUpdateDate>2015-10-04 10:16:50</PriceUpdateDate>
      <ItemCode>7290105366993</ItemCode>
      <ItemType>1</ItemType>
      <ItemName>סימפוניה פלפל</ItemName>
      <ManufacturerName>שטראוס גרופ</ManufacturerName>
      <ManufactureCountry>ישראל</ManufactureCountry>
      <ManufacturerItemDescription>סימפוניה פלפל שיפקה חריף</ManufacturerItemDescription>
      <UnitQty>גרמים</UnitQty>
      <Quantity>200.00</Quantity>
      <UnitOfMeasure>100 גרם</UnitOfMeasure>
      <bIsWeighted>0</bIsWeighted>
      <QtyInPackage>1</QtyInPackage>
      <ItemPrice>12.70</ItemPrice>
      <UnitOfMeasurePrice>6.3500</UnitOfMeasurePrice>
      <AllowDiscount>1</AllowDiscount>
      <ItemStatus>1</ItemStatus>
      <ItemId>93246</ItemId>
    </Item>
    <Item>
      <PriceUpdateDate>2016-02-11 14:40:29</PriceUpdateDate>
      <ItemCode>7290011778118</ItemCode>
      <ItemType>1</ItemType>
      <ItemName>ביצים ארוזות12 יח</ItemName>
      <ManufacturerName>יושלם</ManufacturerName>
      <ManufactureCountry>יושלם</ManufactureCountry>
      <ManufacturerItemDescription>ביצים ארוזות12 יח                     L</ManufacturerItemDescription>
      <UnitQty>Unknown </UnitQty>
      <Quantity>0.00</Quantity>
      <UnitOfMeasure>Unknown </UnitOfMeasure>
      <bIsWeighted>0</bIsWeighted>
      <QtyInPackage>1</QtyInPackage>
      <ItemPrice>11.40</ItemPrice>
      <UnitOfMeasurePrice>0.0000</UnitOfMeasurePrice>
      <AllowDiscount>1</AllowDiscount>
      <ItemStatus>1</ItemStatus>
      <ItemId>52811</ItemId>
    </Item>
    <Item>
      <PriceUpdateDate>2016-02-11 14:40:29</PriceUpdateDate>
      <ItemCode>7290011778125</ItemCode>
      <ItemType>1</ItemType>
      <ItemName>ביצים ארוזות      M</ItemName>
      <ManufacturerName>יושלם</ManufacturerName>
      <ManufactureCountry>לא ידוע</ManufactureCountry>
      <ManufacturerItemDescription>ביצים ארוזות12 יח                     M</ManufacturerItemDescription>
      <UnitQty>Unknown </UnitQty>
      <Quantity>0.00</Quantity>
      <UnitOfMeasure>Unknown </UnitOfMeasure>
      <bIsWeighted>0</bIsWeighted>
      <QtyInPackage>1</QtyInPackage>
      <ItemPrice>10.50</ItemPrice>
      <UnitOfMeasurePrice>0.0000</UnitOfMeasurePrice>
      <AllowDiscount>1</AllowDiscount>
      <ItemStatus>1</ItemStatus>
      <ItemId>52812</ItemId>
    </Item>
    <Item>
      <PriceUpdateDate>2016-02-11 14:40:29</PriceUpdateDate>
      <ItemCode>7290011778132</ItemCode>
      <ItemType>1</ItemType>
      <ItemName>ביצים ארוזות12 יחXL</ItemName>
      <ManufacturerName>יושלם</ManufacturerName>
      <ManufactureCountry>יושלם</ManufactureCountry>
      <ManufacturerItemDescription>ביצים ארוזות12 יח                    XL</ManufacturerItemDescription>
      <UnitQty>Unknown </UnitQty>
      <Quantity>0.00</Quantity>
      <UnitOfMeasure>Unknown </UnitOfMeasure>
      <bIsWeighted>0</bIsWeighted>
      <QtyInPackage>1</QtyInPackage>
      <ItemPrice>12.50</ItemPrice>
      <UnitOfMeasurePrice>0.0000</UnitOfMeasurePrice>
      <AllowDiscount>1</AllowDiscount>
      <ItemStatus>1</ItemStatus>
      <ItemId>53177</ItemId>
    </Item>
    <Item>
      <PriceUpdateDate>2015-10-04 10:17:55</PriceUpdateDate>
      <ItemCode>7290103120658</ItemCode>
      <ItemType>1</ItemType>
      <ItemName>ספיד סטיק 24/7 גל</ItemName>
      <ManufacturerName>COLGATE ($) -PALMOLI</ManufacturerName>
      <ManufactureCountry>ארצות הברית</ManufactureCountry>
      <ManufacturerItemDescription>ספיד סטיק 24/7 גל שחור 85 גרם</ManufacturerItemDescription>
      <UnitQty>גרמים</UnitQty>
      <Quantity>85.00</Quantity>
      <UnitOfMeasure>100 גרם</UnitOfMeasure>
      <bIsWeighted>0</bIsWeighted>
      <QtyInPackage>1</QtyInPackage>
      <ItemPrice>33.10</ItemPrice>
      <UnitOfMeasurePrice>38.9412</UnitOfMeasurePrice>
      <AllowDiscount>1</AllowDiscount>
      <ItemStatus>1</ItemStatus>
      <ItemId>53250</ItemId>
    </Item>
    <Item>
      <PriceUpdateDate>2016-03-21 08:41:32</PriceUpdateDate>
      <ItemCode>7290011468002</ItemCode>
      <ItemType>1</ItemType>
      <ItemName>טחינה הנסיך 100% טהו</ItemName>
      <ManufacturerName>הנסיך מפעל לייצור טח</ManufacturerName>
      <ManufactureCountry>ישראל</ManufactureCountry>
      <ManufacturerItemDescription>טחינה הנסיך 100% טהור 500 גרם</ManufacturerItemDescription>
      <UnitQty>גרמים</UnitQty>
      <Quantity>500.00</Quantity>
      <UnitOfMeasure>100 גרם</UnitOfMeasure>
      <bIsWeighted>0</bIsWeighted>
      <QtyInPackage>1</QtyInPackage>
      <ItemPrice>18.90</ItemPrice>
      <UnitOfMeasurePrice>3.7800</UnitOfMeasurePrice>
      <AllowDiscount>1</AllowDiscount>
      <ItemStatus>1</ItemStatus>
      <ItemId>56213</ItemId>
    </Item>
    <Item>
      <PriceUpdateDate>2016-05-26 08:00:47</PriceUpdateDate>
      <ItemCode>7290011468026</ItemCode>
      <ItemType>1</ItemType>
      <ItemName>טחינה הנסיך שומשום מ</ItemName>
      <ManufacturerName>הנסיך מפעל לייצור טח</ManufacturerName>
      <ManufactureCountry>ישראל</ManufactureCountry>
      <ManufacturerItemDescription>טחינה הנסיך שומשום מלא 500 גרם</ManufacturerItemDescription>
      <UnitQty>גרמים</UnitQty>
      <Quantity>500.00</Quantity>
      <UnitOfMeasure>100 גרם</UnitOfMeasure>
      <bIsWeighted>0</bIsWeighted>
      <QtyInPackage>1</QtyInPackage>
      <ItemPrice>18.90</ItemPrice>
      <UnitOfMeasurePrice>3.7800</UnitOfMeasurePrice>
      <AllowDiscount>1</AllowDiscount>
      <ItemStatus>1</ItemStatus>
      <ItemId>56214</ItemId>
    </Item>
    <Item>
      <PriceUpdateDate>2016-05-11 08:02:23</PriceUpdateDate>
      <ItemCode>7290101863410</ItemCode>
      <ItemType>1</ItemType>
      <ItemName>סיליט באנג אקונומיקה</ItemName>
      <ManufacturerName>סיליט</ManufacturerName>
      <ManufactureCountry>פולין</ManufactureCountry>
      <ManufacturerItemDescription>סיליט באנג אקונומיקה 750 מ"ל</ManufacturerItemDescription>
      <UnitQty>מיליליטרים</UnitQty>
      <Quantity>750.00</Quantity>
      <UnitOfMeasure>100 מ"ל</UnitOfMeasure>
      <bIsWeighted>0</bIsWeighted>
      <QtyInPackage>1</QtyInPackage>
      <ItemPrice>22.50</ItemPrice>
      <UnitOfMeasurePrice>3.0000</UnitOfMeasurePrice>
      <AllowDiscount>1</AllowDiscount>
      <ItemStatus>1</ItemStatus>
      <ItemId>53649</ItemId>
    </Item>
    <Item>
      <PriceUpdateDate>2015-10-04 10:18:28</PriceUpdateDate>
      <ItemCode>7290000262031</ItemCode>
      <ItemType>1</ItemType>
      <ItemName>נ.ט.מולט לבבות 32 יח</ItemName>
      <ManufacturerName>חוגלה קימברלי</ManufacturerName>
      <ManufactureCountry>ישראל</ManufactureCountry>
      <ManufacturerItemDescription>נ.ט.מולט לבבות 32 יחידות</ManufacturerItemDescription>
      <UnitQty>מטרים</UnitQty>
      <Quantity>58880.00</Quantity>
      <UnitOfMeasure>מטר</UnitOfMeasure>
      <bIsWeighted>0</bIsWeighted>
      <QtyInPackage>1</QtyInPackage>
      <ItemPrice>32.60</ItemPrice>
      <UnitOfMeasurePrice>0.0006</UnitOfMeasurePrice>
      <AllowDiscount>1</AllowDiscount>
      <ItemStatus>1</ItemStatus>
      <ItemId>53661</ItemId>
    </Item>
    <Item>
      <PriceUpdateDate>2016-06-07 07:34:57</PriceUpdateDate>
      <ItemCode>5410228142089</ItemCode>
      <ItemType>1</ItemType>
      <ItemName>בירה לף בלונד בקבוק</ItemName>
      <ManufacturerName>קרלסברג יבוא יצוא</ManufacturerName>
      <ManufactureCountry>לא ידוע</ManufactureCountry>
      <ManufacturerItemDescription>בירה לף בלונד 330 מ"ל בקבוק</ManufacturerItemDescription>
      <UnitQty>מיליליטרים</UnitQty>
      <Quantity>330.00</Quantity>
      <UnitOfMeasure>100 מ"ל</UnitOfMeasure>
      <bIsWeighted>0</bIsWeighted>
      <QtyInPackage>1</QtyInPackage>
      <ItemPrice>16.70</ItemPrice>
      <UnitOfMeasurePrice>5.0606</UnitOfMeasurePrice>
      <AllowDiscount>1</AllowDiscount>
      <ItemStatus>1</ItemStatus>
      <ItemId>53684</ItemId>
    </Item>
    <Item>
      <PriceUpdateDate>2016-03-01 11:29:03</PriceUpdateDate>
      <ItemCode>8723900214538</ItemCode>
      <ItemType>1</ItemType>
      <ItemName>טבק גולדן וירג"יניה</ItemName>
      <ManufacturerName>BAT</ManufacturerName>
      <ManufactureCountry>הולנד</ManufactureCountry>
      <ManufacturerItemDescription>טבק גולדן וירג"יניה</ManufacturerItemDescription>
      <UnitQty>Unknown </UnitQty>
      <Quantity>0.00</Quantity>
      <UnitOfMeasure>Unknown </UnitOfMeasure>
      <bIsWeighted>0</bIsWeighted>
      <QtyInPackage>1</QtyInPackage>
      <ItemPrice>54.90</ItemPrice>
      <UnitOfMeasurePrice>0.0000</UnitOfMeasurePrice>
      <AllowDiscount>1</AllowDiscount>
      <ItemStatus>1</ItemStatus>
      <ItemId>105229</ItemId>
    </Item>
    <Item>
      <PriceUpdateDate>2015-10-04 10:18:16</PriceUpdateDate>
      <ItemCode>7290102392049</ItemCode>
      <ItemType>1</ItemType>
      <ItemName>גבינה תבור       5%</ItemName>
      <ManufacturerName>מחלבת משק צוריאל</ManufacturerName>
      <ManufactureCountry>ישראל</ManufactureCountry>
      <ManufacturerItemDescription>גבינה תבור 500 5% גרם  לאפיה</ManufacturerItemDescription>
      <UnitQty>גרמים</UnitQty>
      <Quantity>500.00</Quantity>
      <UnitOfMeasure>100 גרם</UnitOfMeasure>
      <bIsWeighted>0</bIsWeighted>
      <QtyInPackage>1</QtyInPackage>
      <ItemPrice>24.90</ItemPrice>
      <UnitOfMeasurePrice>4.9800</UnitOfMeasurePrice>
      <AllowDiscount>1</AllowDiscount>
      <ItemStatus>1</ItemStatus>
      <ItemId>53965</ItemId>
    </Item>
    <Item>
      <PriceUpdateDate>2015-10-04 10:18:16</PriceUpdateDate>
      <ItemCode>7290102392094</ItemCode>
      <ItemType>1</ItemType>
      <ItemName>חלב עיזים</ItemName>
      <ManufacturerName>מחלבת משק צוריאל</ManufacturerName>
      <ManufactureCountry>ישראל</ManufactureCountry>
      <ManufacturerItemDescription>חלב עיזים 1 ליטר קרטון</ManufacturerItemDescription>
      <UnitQty>ליטרים</UnitQty>
      <Quantity>1.00</Quantity>
      <UnitOfMeasure>ליטר</UnitOfMeasure>
      <bIsWeighted>0</bIsWeighted>
      <QtyInPackage>1</QtyInPackage>
      <ItemPrice>15.40</ItemPrice>
      <UnitOfMeasurePrice>15.4000</UnitOfMeasurePrice>
      <AllowDiscount>1</AllowDiscount>
      <ItemStatus>1</ItemStatus>
      <ItemId>53969</ItemId>
    </Item>
    <Item>
      <PriceUpdateDate>2016-02-11 13:05:56</PriceUpdateDate>
      <ItemCode>7290102392254</ItemCode>
      <ItemType>1</ItemType>
      <ItemName>חלב              1%</ItemName>
      <ManufacturerName>טרה</ManufacturerName>
      <ManufactureCountry>ישראל</ManufactureCountry>
      <ManufacturerItemDescription>חלב 2 1% ליטר בקרטון</ManufacturerItemDescription>
      <UnitQty>ליטרים</UnitQty>
      <Quantity>2.00</Quantity>
      <UnitOfMeasure>ליטר</UnitOfMeasure>
      <bIsWeighted>0</bIsWeighted>
      <QtyInPackage>1</QtyInPackage>
      <ItemPrice>10.80</ItemPrice>
      <UnitOfMeasurePrice>5.4000</UnitOfMeasurePrice>
      <AllowDiscount>1</AllowDiscount>
      <ItemStatus>1</ItemStatus>
      <ItemId>54511</ItemId>
    </Item>
    <Item>
      <PriceUpdateDate>2015-10-04 10:18:28</PriceUpdateDate>
      <ItemCode>7290000189598</ItemCode>
      <ItemType>1</ItemType>
      <ItemName>מגבוני ניקול לניקוי</ItemName>
      <ManufacturerName>על בד</ManufacturerName>
      <ManufactureCountry>ישראל</ManufactureCountry>
      <ManufacturerItemDescription>מגבוני ניקול לניקוי כללי50 יח          "</ManufacturerItemDescription>
      <UnitQty>Unknown </UnitQty>
      <Quantity>0.00</Quantity>
      <UnitOfMeasure>Unknown </UnitOfMeasure>
      <bIsWeighted>0</bIsWeighted>
      <QtyInPackage>1</QtyInPackage>
      <ItemPrice>11.80</ItemPrice>
      <UnitOfMeasurePrice>0.0000</UnitOfMeasurePrice>
      <AllowDiscount>1</AllowDiscount>
      <ItemStatus>1</ItemStatus>
      <ItemId>54667</ItemId>
    </Item>
    <Item>
      <PriceUpdateDate>2015-10-04 10:18:29</PriceUpdateDate>
      <ItemCode>7290000196763</ItemCode>
      <ItemType>1</ItemType>
      <ItemName>השקית החזקה</ItemName>
      <ManufacturerName>אשפלסט</ManufacturerName>
      <ManufactureCountry>ישראל</ManufactureCountry>
      <ManufacturerItemDescription>השקית החזקה ניקול 40 יח</ManufacturerItemDescription>
      <UnitQty>Unknown </UnitQty>
      <Quantity>0.00</Quantity>
      <UnitOfMeasure>Unknown </UnitOfMeasure>
      <bIsWeighted>0</bIsWeighted>
      <QtyInPackage>1</QtyInPackage>
      <ItemPrice>26.60</ItemPrice>
      <UnitOfMeasurePrice>0.0000</UnitOfMeasurePrice>
      <AllowDiscount>1</AllowDiscount>
      <ItemStatus>1</ItemStatus>
      <ItemId>78042</ItemId>
    </Item>
    <Item>
      <PriceUpdateDate>2015-10-04 10:18:48</PriceUpdateDate>
      <ItemCode>7290100235324</ItemCode>
      <ItemType>1</ItemType>
      <ItemName>עוגת בריוש גבינה 550</ItemName>
      <ManufacturerName>בונזור</ManufacturerName>
      <ManufactureCountry>ישראל</ManufactureCountry>
      <ManufacturerItemDescription>עוגת בריוש גבינה 550 גרם</ManufacturerItemDescription>
      <UnitQty>Unknown </UnitQty>
      <Quantity>0.00</Quantity>
      <UnitOfMeasure>Unknown </UnitOfMeasure>
      <bIsWeighted>0</bIsWeighted>
      <QtyInPackage>1</QtyInPackage>
      <ItemPrice>25.90</ItemPrice>
      <UnitOfMeasurePrice>0.0000</UnitOfMeasurePrice>
      <AllowDiscount>1</AllowDiscount>
      <ItemStatus>1</ItemStatus>
      <ItemId>55104</ItemId>
    </Item>
    <Item>
      <PriceUpdateDate>2015-10-04 10:19:26</PriceUpdateDate>
      <ItemCode>8002450202005</ItemCode>
      <ItemType>1</ItemType>
      <ItemName>ורדי ספרקלטיני אסאי</ItemName>
      <ManufacturerName>יקב</ManufacturerName>
      <ManufactureCountry>איטליה</ManufactureCountry>
      <ManufacturerItemDescription>ורדי ספרקלטיני אסאי בוסקה</ManufacturerItemDescription>
      <UnitQty>מיליליטרים</UnitQty>
      <Quantity>750.00</Quantity>
      <UnitOfMeasure>100 מ"ל</UnitOfMeasure>
      <bIsWeighted>0</bIsWeighted>
      <QtyInPackage>1</QtyInPackage>
      <ItemPrice>31.20</ItemPrice>
      <UnitOfMeasurePrice>4.1600</UnitOfMeasurePrice>
      <AllowDiscount>1</AllowDiscount>
      <ItemStatus>1</ItemStatus>
      <ItemId>85614</ItemId>
    </Item>
    <Item>
      <PriceUpdateDate>2016-08-30 12:03:45</PriceUpdateDate>
      <ItemCode>9486</ItemCode>
      <ItemType>0</ItemType>
      <ItemName>לימון</ItemName>
      <ManufacturerName>חקלאי</ManufacturerName>
      <ManufactureCountry>ישראל</ManufactureCountry>
      <ManufacturerItemDescription>לימון</ManufacturerItemDescription>
      <UnitQty>קילוגרמים</UnitQty>
      <Quantity>1.00</Quantity>
      <UnitOfMeasure>ק"ג</UnitOfMeasure>
      <bIsWeighted>1</bIsWeighted>
      <QtyInPackage>לא ידוע</QtyInPackage>
      <ItemPrice>10.90</ItemPrice>
      <UnitOfMeasurePrice>10.9000</UnitOfMeasurePrice>
      <AllowDiscount>1</AllowDiscount>
      <ItemStatus>1</ItemStatus>
      <ItemId>80983</ItemId>
    </Item>
    <Item>
      <PriceUpdateDate>2015-10-04 10:16:46</PriceUpdateDate>
      <ItemCode>7290000462141</ItemCode>
      <ItemType>1</ItemType>
      <ItemName>סחוג אדום חריף</ItemName>
      <ManufacturerName>שטראוס גרופ</ManufacturerName>
      <ManufactureCountry>ישראל</ManufactureCountry>
      <ManufacturerItemDescription>סחוג אדום חריף 150 גר</ManufacturerItemDescription>
      <UnitQty>גרמים</UnitQty>
      <Quantity>150.00</Quantity>
      <UnitOfMeasure>100 גרם</UnitOfMeasure>
      <bIsWeighted>0</bIsWeighted>
      <QtyInPackage>1</QtyInPackage>
      <ItemPrice>7.80</ItemPrice>
      <UnitOfMeasurePrice>5.2000</UnitOfMeasurePrice>
      <AllowDiscount>1</AllowDiscount>
      <ItemStatus>1</ItemStatus>
      <ItemId>55180</ItemId>
    </Item>
    <Item>
      <PriceUpdateDate>2015-08-12 10:25:07</PriceUpdateDate>
      <ItemCode>7290103403928</ItemCode>
      <ItemType>1</ItemType>
      <ItemName>חטיף דגנים אגוז שוקו</ItemName>
      <ManufacturerName>שטראוס גרופ</ManufacturerName>
      <ManufactureCountry>ישראל</ManufactureCountry>
      <ManufacturerItemDescription>חטיף דגנים אגוזים ושוקולד</ManufacturerItemDescription>
      <UnitQty>גרמים</UnitQty>
      <Quantity>25.00</Quantity>
      <UnitOfMeasure>100 גרם</UnitOfMeasure>
      <bIsWeighted>0</bIsWeighted>
      <QtyInPackage>1</QtyInPackage>
      <ItemPrice>4.50</ItemPrice>
      <UnitOfMeasurePrice>18.0000</UnitOfMeasurePrice>
      <AllowDiscount>1</AllowDiscount>
      <ItemStatus>1</ItemStatus>
      <ItemId>55207</ItemId>
    </Item>
    <Item>
      <PriceUpdateDate>2015-10-04 10:18:51</PriceUpdateDate>
      <ItemCode>7702018985708</ItemCode>
      <ItemType>1</ItemType>
      <ItemName>דאודורנט ספריי  A.I</ItemName>
      <ManufacturerName>פרוקטור אנד גמבל</ManufacturerName>
      <ManufactureCountry>אנגליה</ManufactureCountry>
      <ManufacturerItemDescription>דאודורנט ספריי A.I מל              150</ManufacturerItemDescription>
      <UnitQty>מיליליטרים</UnitQty>
      <Quantity>150.00</Quantity>
      <UnitOfMeasure>100 מ"ל</UnitOfMeasure>
      <bIsWeighted>0</bIsWeighted>
      <QtyInPackage>1</QtyInPackage>
      <ItemPrice>27.60</ItemPrice>
      <UnitOfMeasurePrice>18.4000</UnitOfMeasurePrice>
      <AllowDiscount>1</AllowDiscount>
      <ItemStatus>1</ItemStatus>
      <ItemId>55261</ItemId>
    </Item>
    <Item>
      <PriceUpdateDate>2015-10-04 10:18:14</PriceUpdateDate>
      <ItemCode>7290008909884</ItemCode>
      <ItemType>1</ItemType>
      <ItemName>קוקה קולה ZERO קלאסי</ItemName>
      <ManufacturerName>החברה המרכזית למשקאו</ManufacturerName>
      <ManufactureCountry>ישראל</ManufactureCountry>
      <ManufacturerItemDescription>קוקה קולה זירו קלאסי 330 מל</ManufacturerItemDescription>
      <UnitQty>מיליליטרים</UnitQty>
      <Quantity>330.00</Quantity>
      <UnitOfMeasure>100 מ"ל</UnitOfMeasure>
      <bIsWeighted>0</bIsWeighted>
      <QtyInPackage>1</QtyInPackage>
      <ItemPrice>6.20</ItemPrice>
      <UnitOfMeasurePrice>1.8788</UnitOfMeasurePrice>
      <AllowDiscount>1</AllowDiscount>
      <ItemStatus>1</ItemStatus>
      <ItemId>75757</ItemId>
    </Item>
    <Item>
      <PriceUpdateDate>2015-10-04 10:16:46</PriceUpdateDate>
      <ItemCode>7290011438470</ItemCode>
      <ItemType>1</ItemType>
      <ItemName>מילקשייק שוקו</ItemName>
      <ManufacturerName>שטראוס גרופ</ManufacturerName>
      <ManufactureCountry>ישראל</ManufactureCountry>
      <ManufacturerItemDescription>מילקשייק שוקו סירופ שוקולד          350</ManufacturerItemDescription>
      <UnitQty>מיליליטרים</UnitQty>
      <Quantity>350.00</Quantity>
      <UnitOfMeasure>100 מ"ל</UnitOfMeasure>
      <bIsWeighted>0</bIsWeighted>
      <QtyInPackage>1</QtyInPackage>
      <ItemPrice>7.20</ItemPrice>
      <UnitOfMeasurePrice>2.0571</UnitOfMeasurePrice>
      <AllowDiscount>1</AllowDiscount>
      <ItemStatus>1</ItemStatus>
      <ItemId>55351</ItemId>
    </Item>
    <Item>
      <PriceUpdateDate>2015-10-04 10:16:46</PriceUpdateDate>
      <ItemCode>7290011438487</ItemCode>
      <ItemType>1</ItemType>
      <ItemName>מילקשייק וניל</ItemName>
      <ManufacturerName>שטראוס גרופ</ManufacturerName>
      <ManufactureCountry>ישראל</ManufactureCountry>
      <ManufacturerItemDescription>מילקשייק וניל עם סירופ שוקולד</ManufacturerItemDescription>
      <UnitQty>מיליליטרים</UnitQty>
      <Quantity>350.00</Quantity>
      <UnitOfMeasure>100 מ"ל</UnitOfMeasure>
      <bIsWeighted>0</bIsWeighted>
      <QtyInPackage>1</QtyInPackage>
      <ItemPrice>7.20</ItemPrice>
      <UnitOfMeasurePrice>2.0571</UnitOfMeasurePrice>
      <AllowDiscount>1</AllowDiscount>
      <ItemStatus>1</ItemStatus>
      <ItemId>55352</ItemId>
    </Item>
    <Item>
      <PriceUpdateDate>2015-10-04 10:17:55</PriceUpdateDate>
      <ItemCode>8076809523561</ItemCode>
      <ItemType>1</ItemType>
      <ItemName>רוטב פסטה ברילה בטעם</ItemName>
      <ManufacturerName>BARILLA G.E.R.</ManufacturerName>
      <ManufactureCountry>לא ידוע</ManufactureCountry>
      <ManufacturerItemDescription>רוטב פסטה ברילה בטעם פיצה400 ג</ManufacturerItemDescription>
      <UnitQty>גרמים</UnitQty>
      <Quantity>400.00</Quantity>
      <UnitOfMeasure>100 גרם</UnitOfMeasure>
      <bIsWeighted>0</bIsWeighted>
      <QtyInPackage>1</QtyInPackage>
      <ItemPrice>15.80</ItemPrice>
      <UnitOfMeasurePrice>3.9500</UnitOfMeasurePrice>
      <AllowDiscount>1</AllowDiscount>
      <ItemStatus>1</ItemStatus>
      <ItemId>55390</ItemId>
    </Item>
    <Item>
      <PriceUpdateDate>2015-10-04 10:19:33</PriceUpdateDate>
      <ItemCode>7290008409216</ItemCode>
      <ItemType>1</ItemType>
      <ItemName>שניצל דק דק פריך</ItemName>
      <ManufacturerName>תנובה</ManufacturerName>
      <ManufactureCountry>ישראל</ManufactureCountry>
      <ManufacturerItemDescription>שניצל דק דק פריך 700 גרם</ManufacturerItemDescription>
      <UnitQty>גרמים</UnitQty>
      <Quantity>700.00</Quantity>
      <UnitOfMeasure>100 גרם</UnitOfMeasure>
      <bIsWeighted>0</bIsWeighted>
      <QtyInPackage>1</QtyInPackage>
      <ItemPrice>42.50</ItemPrice>
      <UnitOfMeasurePrice>6.0714</UnitOfMeasurePrice>
      <AllowDiscount>1</AllowDiscount>
      <ItemStatus>1</ItemStatus>
      <ItemId>55546</ItemId>
    </Item>
    <Item>
      <PriceUpdateDate>2015-01-01 00:00:00</PriceUpdateDate>
      <ItemCode>7290011800703</ItemCode>
      <ItemType>1</ItemType>
      <ItemName>פלפלים מרוקאים</ItemName>
      <ManufacturerName>אסם</ManufacturerName>
      <ManufactureCountry>לא ידוע</ManufactureCountry>
      <ManufacturerItemDescription>פלפלים מרוקאים רפי 400 גר              "</ManufacturerItemDescription>
      <UnitQty>גרמים</UnitQty>
      <Quantity>400.00</Quantity>
      <UnitOfMeasure>100 גרם</UnitOfMeasure>
      <bIsWeighted>0</bIsWeighted>
      <QtyInPackage>1</QtyInPackage>
      <ItemPrice>17.90</ItemPrice>
      <UnitOfMeasurePrice>4.4750</UnitOfMeasurePrice>
      <AllowDiscount>1</AllowDiscount>
      <ItemStatus>1</ItemStatus>
      <ItemId>58411</ItemId>
    </Item>
    <Item>
      <PriceUpdateDate>2015-01-01 00:00:00</PriceUpdateDate>
      <ItemCode>8000380142484</ItemCode>
      <ItemType>1</ItemType>
      <ItemName>וופל קואדרטיני שוקול</ItemName>
      <ManufacturerName>לואקר</ManufacturerName>
      <ManufactureCountry>לא ידוע</ManufactureCountry>
      <ManufacturerItemDescription>וופל קואדרטיני שוקולד מריר250ג</ManufacturerItemDescription>
      <UnitQty>גרמים</UnitQty>
      <Quantity>250.00</Quantity>
      <UnitOfMeasure>100 גרם</UnitOfMeasure>
      <bIsWeighted>0</bIsWeighted>
      <QtyInPackage>1</QtyInPackage>
      <ItemPrice>14.90</ItemPrice>
      <UnitOfMeasurePrice>5.9600</UnitOfMeasurePrice>
      <AllowDiscount>1</AllowDiscount>
      <ItemStatus>1</ItemStatus>
      <ItemId>58537</ItemId>
    </Item>
    <Item>
      <PriceUpdateDate>2015-08-03 07:55:59</PriceUpdateDate>
      <ItemCode>4004715020755</ItemCode>
      <ItemType>1</ItemType>
      <ItemName>קישוטי עוגה פרינס</ItemName>
      <ManufacturerName>וורנר</ManufacturerName>
      <ManufactureCountry>לא ידוע</ManufactureCountry>
      <ManufacturerItemDescription>קישוטי עוגה פרינס אנד פרינסס</ManufacturerItemDescription>
      <UnitQty>גרמים</UnitQty>
      <Quantity>75.00</Quantity>
      <UnitOfMeasure>100 גרם</UnitOfMeasure>
      <bIsWeighted>0</bIsWeighted>
      <QtyInPackage>1</QtyInPackage>
      <ItemPrice>16.90</ItemPrice>
      <UnitOfMeasurePrice>22.5333</UnitOfMeasurePrice>
      <AllowDiscount>1</AllowDiscount>
      <ItemStatus>1</ItemStatus>
      <ItemId>58550</ItemId>
    </Item>
    <Item>
      <PriceUpdateDate>2015-01-01 00:00:00</PriceUpdateDate>
      <ItemCode>7290000334912</ItemCode>
      <ItemType>1</ItemType>
      <ItemName>טוגן 800 גר</ItemName>
      <ManufacturerName>טירת צבי</ManufacturerName>
      <ManufactureCountry>ישראל</ManufactureCountry>
      <ManufacturerItemDescription>טוגן 800 גר</ManufacturerItemDescription>
      <UnitQty>גרמים</UnitQty>
      <Quantity>800.00</Quantity>
      <UnitOfMeasure>100 גרם</UnitOfMeasure>
      <bIsWeighted>0</bIsWeighted>
      <QtyInPackage>1</QtyInPackage>
      <ItemPrice>12.80</ItemPrice>
      <UnitOfMeasurePrice>1.6000</UnitOfMeasurePrice>
      <AllowDiscount>1</AllowDiscount>
      <ItemStatus>1</ItemStatus>
      <ItemId>58718</ItemId>
    </Item>
    <Item>
      <PriceUpdateDate>2016-02-11 13:05:57</PriceUpdateDate>
      <ItemCode>7290102396955</ItemCode>
      <ItemType>1</ItemType>
      <ItemName>חלב 2 3% ליטר קרטון</ItemName>
      <ManufacturerName>טרה</ManufacturerName>
      <ManufactureCountry>ישראל</ManufactureCountry>
      <ManufacturerItemDescription>חלב 2 3% ליטר קרטון פיקוח</ManufacturerItemDescription>
      <UnitQty>ליטרים</UnitQty>
      <Quantity>1.00</Quantity>
      <UnitOfMeasure>ליטר</UnitOfMeasure>
      <bIsWeighted>0</bIsWeighted>
      <QtyInPackage>1</QtyInPackage>
      <ItemPrice>11.50</ItemPrice>
      <UnitOfMeasurePrice>11.5000</UnitOfMeasurePrice>
      <AllowDiscount>1</AllowDiscount>
      <ItemStatus>1</ItemStatus>
      <ItemId>104241</ItemId>
    </Item>
    <Item>
      <PriceUpdateDate>2015-07-26 09:39:33</PriceUpdateDate>
      <ItemCode>7290100700273</ItemCode>
      <ItemType>1</ItemType>
      <ItemName>קינואה</ItemName>
      <ManufacturerName>סוגת</ManufacturerName>
      <ManufactureCountry>לא ידוע</ManufactureCountry>
      <ManufacturerItemDescription>קינואה סוגת 500 גרם</ManufacturerItemDescription>
      <UnitQty>גרמים</UnitQty>
      <Quantity>500.00</Quantity>
      <UnitOfMeasure>100 גרם</UnitOfMeasure>
      <bIsWeighted>0</bIsWeighted>
      <QtyInPackage>1</QtyInPackage>
      <ItemPrice>27.90</ItemPrice>
      <UnitOfMeasurePrice>5.5800</UnitOfMeasurePrice>
      <AllowDiscount>1</AllowDiscount>
      <ItemStatus>1</ItemStatus>
      <ItemId>59192</ItemId>
    </Item>
    <Item>
      <PriceUpdateDate>2015-12-30 08:02:16</PriceUpdateDate>
      <ItemCode>7290002007029</ItemCode>
      <ItemType>1</ItemType>
      <ItemName>קוקוס 100 גרם</ItemName>
      <ManufacturerName>הנמל</ManufacturerName>
      <ManufactureCountry>ישראל</ManufactureCountry>
      <ManufacturerItemDescription>קוקוס 100 גרם</ManufacturerItemDescription>
      <UnitQty>גרמים</UnitQty>
      <Quantity>100.00</Quantity>
      <UnitOfMeasure>100 גרם</UnitOfMeasure>
      <bIsWeighted>0</bIsWeighted>
      <QtyInPackage>1</QtyInPackage>
      <ItemPrice>4.50</ItemPrice>
      <UnitOfMeasurePrice>4.5000</UnitOfMeasurePrice>
      <AllowDiscount>1</AllowDiscount>
      <ItemStatus>1</ItemStatus>
      <ItemId>59319</ItemId>
    </Item>
    <Item>
      <PriceUpdateDate>2015-10-04 10:17:13</PriceUpdateDate>
      <ItemCode>7290101266808</ItemCode>
      <ItemType>1</ItemType>
      <ItemName>קרם ידיים</ItemName>
      <ManufacturerName>בי פור יו בעמ</ManufacturerName>
      <ManufactureCountry>ישראל</ManufactureCountry>
      <ManufacturerItemDescription>קרם ידיים 150 מל</ManufacturerItemDescription>
      <UnitQty>מיליליטרים</UnitQty>
      <Quantity>150.00</Quantity>
      <UnitOfMeasure>100 מ"ל</UnitOfMeasure>
      <bIsWeighted>0</bIsWeighted>
      <QtyInPackage>1</QtyInPackage>
      <ItemPrice>5.80</ItemPrice>
      <UnitOfMeasurePrice>3.8667</UnitOfMeasurePrice>
      <AllowDiscount>1</AllowDiscount>
      <ItemStatus>1</ItemStatus>
      <ItemId>96831</ItemId>
    </Item>
    <Item>
      <PriceUpdateDate>2015-10-04 10:17:56</PriceUpdateDate>
      <ItemCode>4009300524588</ItemCode>
      <ItemType>1</ItemType>
      <ItemName>תה פומפדור חליטה</ItemName>
      <ManufacturerName>TEEKANNE GMBH &amp; CO.</ManufacturerName>
      <ManufactureCountry>גרמניה</ManufactureCountry>
      <ManufacturerItemDescription>תה פומפדור חליטה פירות יער</ManufacturerItemDescription>
      <UnitQty>גרמים</UnitQty>
      <Quantity>60.00</Quantity>
      <UnitOfMeasure>100 גרם</UnitOfMeasure>
      <bIsWeighted>0</bIsWeighted>
      <QtyInPackage>1</QtyInPackage>
      <ItemPrice>20.40</ItemPrice>
      <UnitOfMeasurePrice>34.0000</UnitOfMeasurePrice>
      <AllowDiscount>1</AllowDiscount>
      <ItemStatus>1</ItemStatus>
      <ItemId>59405</ItemId>
    </Item>
    <Item>
      <PriceUpdateDate>2015-10-04 10:17:59</PriceUpdateDate>
      <ItemCode>7290105436382</ItemCode>
      <ItemType>1</ItemType>
      <ItemName>מאגדת חטיף תמרים</ItemName>
      <ManufacturerName>טבעית מוצרים מן הטבע</ManufacturerName>
      <ManufactureCountry>ישראל</ManufactureCountry>
      <ManufacturerItemDescription>מאגדת חטיף תמרים קשיו</ManufacturerItemDescription>
      <UnitQty>גרמים</UnitQty>
      <Quantity>125.00</Quantity>
      <UnitOfMeasure>100 גרם</UnitOfMeasure>
      <bIsWeighted>0</bIsWeighted>
      <QtyInPackage>1</QtyInPackage>
      <ItemPrice>19.60</ItemPrice>
      <UnitOfMeasurePrice>15.6800</UnitOfMeasurePrice>
      <AllowDiscount>1</AllowDiscount>
      <ItemStatus>1</ItemStatus>
      <ItemId>98538</ItemId>
    </Item>
    <Item>
      <PriceUpdateDate>2016-04-11 07:59:25</PriceUpdateDate>
      <ItemCode>7290100922316</ItemCode>
      <ItemType>1</ItemType>
      <ItemName>הוואי גל רחצה ורד</ItemName>
      <ManufacturerName>טרופיקל דגיל</ManufacturerName>
      <ManufactureCountry>ישראל</ManufactureCountry>
      <ManufacturerItemDescription>הוואי ג"ל רחצה ורד ורוד 750 מל</ManufacturerItemDescription>
      <UnitQty>מיליליטרים</UnitQty>
      <Quantity>750.00</Quantity>
      <UnitOfMeasure>100 מ"ל</UnitOfMeasure>
      <bIsWeighted>0</bIsWeighted>
      <QtyInPackage>1</QtyInPackage>
      <ItemPrice>15.70</ItemPrice>
      <UnitOfMeasurePrice>2.0933</UnitOfMeasurePrice>
      <AllowDiscount>1</AllowDiscount>
      <ItemStatus>1</ItemStatus>
      <ItemId>99817</ItemId>
    </Item>
    <Item>
      <PriceUpdateDate>2016-06-07 07:37:10</PriceUpdateDate>
      <ItemCode>7290008464222</ItemCode>
      <ItemType>1</ItemType>
      <ItemName>בירה מכבי 7.9%  פחית</ItemName>
      <ManufacturerName>טמפו</ManufacturerName>
      <ManufactureCountry>לא ידוע</ManufactureCountry>
      <ManufacturerItemDescription>בירה מכבי 7.9%  פחית 500 מ"ל</ManufacturerItemDescription>
      <UnitQty>מיליליטרים</UnitQty>
      <Quantity>500.00</Quantity>
      <UnitOfMeasure>100 מ"ל</UnitOfMeasure>
      <bIsWeighted>0</bIsWeighted>
      <QtyInPackage>1</QtyInPackage>
      <ItemPrice>10.30</ItemPrice>
      <UnitOfMeasurePrice>2.0600</UnitOfMeasurePrice>
      <AllowDiscount>1</AllowDiscount>
      <ItemStatus>1</ItemStatus>
      <ItemId>104343</ItemId>
    </Item>
    <Item>
      <PriceUpdateDate>2016-03-08 15:43:54</PriceUpdateDate>
      <ItemCode>7290011154301</ItemCode>
      <ItemType>1</ItemType>
      <ItemName>ממרח תמרים</ItemName>
      <ManufacturerName>דין שיווק וקליה בע"מ</ManufacturerName>
      <ManufactureCountry>ישראל</ManufactureCountry>
      <ManufacturerItemDescription>ממרח תמרים 450 גר                      .</ManufacturerItemDescription>
      <UnitQty>גרמים</UnitQty>
      <Quantity>450.00</Quantity>
      <UnitOfMeasure>100 גרם</UnitOfMeasure>
      <bIsWeighted>0</bIsWeighted>
      <QtyInPackage>1</QtyInPackage>
      <ItemPrice>7.90</ItemPrice>
      <UnitOfMeasurePrice>1.7556</UnitOfMeasurePrice>
      <AllowDiscount>1</AllowDiscount>
      <ItemStatus>1</ItemStatus>
      <ItemId>59717</ItemId>
    </Item>
    <Item>
      <PriceUpdateDate>2015-08-03 07:56:03</PriceUpdateDate>
      <ItemCode>7290000051376</ItemCode>
      <ItemType>1</ItemType>
      <ItemName>יוגורט דיאט יופלה</ItemName>
      <ManufacturerName>תנובה מרכז שיתופי לש</ManufacturerName>
      <ManufactureCountry>ישראל</ManufactureCountry>
      <ManufacturerItemDescription>יופלה דיאט יופלה אננס               150</ManufacturerItemDescription>
      <UnitQty>גרמים</UnitQty>
      <Quantity>150.00</Quantity>
      <UnitOfMeasure>100 גרם</UnitOfMeasure>
      <bIsWeighted>0</bIsWeighted>
      <QtyInPackage>1</QtyInPackage>
      <ItemPrice>5.10</ItemPrice>
      <UnitOfMeasurePrice>3.4000</UnitOfMeasurePrice>
      <AllowDiscount>1</AllowDiscount>
      <ItemStatus>1</ItemStatus>
      <ItemId>59914</ItemId>
    </Item>
    <Item>
      <PriceUpdateDate>2015-10-04 10:19:19</PriceUpdateDate>
      <ItemCode>7290000051710</ItemCode>
      <ItemType>1</ItemType>
      <ItemName>לאבנה שמן זית וזעתר</ItemName>
      <ManufacturerName>תנובה מרכז שיתופי לש</ManufacturerName>
      <ManufactureCountry>ישראל</ManufactureCountry>
      <ManufacturerItemDescription>לאבנה שמן זית וזעתר 263 גרם</ManufacturerItemDescription>
      <UnitQty>גרמים</UnitQty>
      <Quantity>263.00</Quantity>
      <UnitOfMeasure>100 גרם</UnitOfMeasure>
      <bIsWeighted>0</bIsWeighted>
      <QtyInPackage>1</QtyInPackage>
      <ItemPrice>13.80</ItemPrice>
      <UnitOfMeasurePrice>5.2471</UnitOfMeasurePrice>
      <AllowDiscount>1</AllowDiscount>
      <ItemStatus>1</ItemStatus>
      <ItemId>59917</ItemId>
    </Item>
    <Item>
      <PriceUpdateDate>2015-01-01 00:00:00</PriceUpdateDate>
      <ItemCode>7290100700242</ItemCode>
      <ItemType>1</ItemType>
      <ItemName>אורז עגול מלא</ItemName>
      <ManufacturerName>סוגת</ManufacturerName>
      <ManufactureCountry>לא ידוע</ManufactureCountry>
      <ManufacturerItemDescription>אורז עגול מלא 1 ק"ג</ManufacturerItemDescription>
      <UnitQty>קילוגרמים</UnitQty>
      <Quantity>1.00</Quantity>
      <UnitOfMeasure>ק"ג</UnitOfMeasure>
      <bIsWeighted>0</bIsWeighted>
      <QtyInPackage>1</QtyInPackage>
      <ItemPrice>13.00</ItemPrice>
      <UnitOfMeasurePrice>13.0000</UnitOfMeasurePrice>
      <AllowDiscount>1</AllowDiscount>
      <ItemStatus>1</ItemStatus>
      <ItemId>82370</ItemId>
    </Item>
    <Item>
      <PriceUpdateDate>2015-10-04 10:16:46</PriceUpdateDate>
      <ItemCode>7290104061417</ItemCode>
      <ItemType>1</ItemType>
      <ItemName>סלט חומוס וטחינה</ItemName>
      <ManufacturerName>שטראוס גרופ</ManufacturerName>
      <ManufactureCountry>ישראל</ManufactureCountry>
      <ManufacturerItemDescription>סלט חומוס וטחינה 400 גרם</ManufacturerItemDescription>
      <UnitQty>גרמים</UnitQty>
      <Quantity>400.00</Quantity>
      <UnitOfMeasure>100 גרם</UnitOfMeasure>
      <bIsWeighted>0</bIsWeighted>
      <QtyInPackage>1</QtyInPackage>
      <ItemPrice>12.20</ItemPrice>
      <UnitOfMeasurePrice>3.0500</UnitOfMeasurePrice>
      <AllowDiscount>1</AllowDiscount>
      <ItemStatus>1</ItemStatus>
      <ItemId>59925</ItemId>
    </Item>
    <Item>
      <PriceUpdateDate>2015-10-04 10:16:46</PriceUpdateDate>
      <ItemCode>7290104061431</ItemCode>
      <ItemType>1</ItemType>
      <ItemName>סלט חומוס וצנובר</ItemName>
      <ManufacturerName>שטראוס גרופ</ManufacturerName>
      <ManufactureCountry>ישראל</ManufactureCountry>
      <ManufacturerItemDescription>סלט חומוס וצנובר 400 גרם</ManufacturerItemDescription>
      <UnitQty>גרמים</UnitQty>
      <Quantity>400.00</Quantity>
      <UnitOfMeasure>100 גרם</UnitOfMeasure>
      <bIsWeighted>0</bIsWeighted>
      <QtyInPackage>1</QtyInPackage>
      <ItemPrice>12.20</ItemPrice>
      <UnitOfMeasurePrice>3.0500</UnitOfMeasurePrice>
      <AllowDiscount>1</AllowDiscount>
      <ItemStatus>1</ItemStatus>
      <ItemId>59927</ItemId>
    </Item>
    <Item>
      <PriceUpdateDate>2015-10-04 10:16:46</PriceUpdateDate>
      <ItemCode>7290104061448</ItemCode>
      <ItemType>1</ItemType>
      <ItemName>סלט חומוס וחריף</ItemName>
      <ManufacturerName>שטראוס גרופ</ManufacturerName>
      <ManufactureCountry>ישראל</ManufactureCountry>
      <ManufacturerItemDescription>סלט חומוס וחריף 400 גרם</ManufacturerItemDescription>
      <UnitQty>גרמים</UnitQty>
      <Quantity>400.00</Quantity>
      <UnitOfMeasure>100 גרם</UnitOfMeasure>
      <bIsWeighted>0</bIsWeighted>
      <QtyInPackage>1</QtyInPackage>
      <ItemPrice>12.20</ItemPrice>
      <UnitOfMeasurePrice>3.0500</UnitOfMeasurePrice>
      <AllowDiscount>1</AllowDiscount>
      <ItemStatus>1</ItemStatus>
      <ItemId>59928</ItemId>
    </Item>
    <Item>
      <PriceUpdateDate>2015-06-19 10:52:45</PriceUpdateDate>
      <ItemCode>7290102392711</ItemCode>
      <ItemType>1</ItemType>
      <ItemName>מולר ביאנקו</ItemName>
      <ManufacturerName>טרה</ManufacturerName>
      <ManufactureCountry>ישראל</ManufactureCountry>
      <ManufacturerItemDescription>מולר ביאנקו 200 1.7%  גרם</ManufacturerItemDescription>
      <UnitQty>גרמים</UnitQty>
      <Quantity>200.00</Quantity>
      <UnitOfMeasure>100 גרם</UnitOfMeasure>
      <bIsWeighted>0</bIsWeighted>
      <QtyInPackage>1</QtyInPackage>
      <ItemPrice>4.10</ItemPrice>
      <UnitOfMeasurePrice>2.0500</UnitOfMeasurePrice>
      <AllowDiscount>1</AllowDiscount>
      <ItemStatus>1</ItemStatus>
      <ItemId>60147</ItemId>
    </Item>
    <Item>
      <PriceUpdateDate>2015-12-25 09:15:41</PriceUpdateDate>
      <ItemCode>7290012117275</ItemCode>
      <ItemType>1</ItemType>
      <ItemName>סנוקליר חלונות</ItemName>
      <ManufacturerName>סנו</ManufacturerName>
      <ManufactureCountry>לא ידוע</ManufactureCountry>
      <ManufacturerItemDescription>סנוקליר חלונות 750 מ"ל מילוי</ManufacturerItemDescription>
      <UnitQty>מיליליטרים</UnitQty>
      <Quantity>750.00</Quantity>
      <UnitOfMeasure>100 מ"ל</UnitOfMeasure>
      <bIsWeighted>0</bIsWeighted>
      <QtyInPackage>1</QtyInPackage>
      <ItemPrice>8.90</ItemPrice>
      <UnitOfMeasurePrice>1.1867</UnitOfMeasurePrice>
      <AllowDiscount>1</AllowDiscount>
      <ItemStatus>1</ItemStatus>
      <ItemId>60213</ItemId>
    </Item>
    <Item>
      <PriceUpdateDate>2015-01-01 00:00:00</PriceUpdateDate>
      <ItemCode>7290013027016</ItemCode>
      <ItemType>1</ItemType>
      <ItemName>לחם100%קמח מלא דגנים</ItemName>
      <ManufacturerName>מאפיית אנג'ל</ManufacturerName>
      <ManufactureCountry>ישראל</ManufactureCountry>
      <ManufacturerItemDescription>לחם 100% קמח מלא דגנים גרעינים</ManufacturerItemDescription>
      <UnitQty>גרמים</UnitQty>
      <Quantity>750.00</Quantity>
      <UnitOfMeasure>100 גרם</UnitOfMeasure>
      <bIsWeighted>0</bIsWeighted>
      <QtyInPackage>1</QtyInPackage>
      <ItemPrice>13.40</ItemPrice>
      <UnitOfMeasurePrice>1.7867</UnitOfMeasurePrice>
      <AllowDiscount>1</AllowDiscount>
      <ItemStatus>1</ItemStatus>
      <ItemId>60220</ItemId>
    </Item>
    <Item>
      <PriceUpdateDate>2015-10-04 10:17:38</PriceUpdateDate>
      <ItemCode>7290011765118</ItemCode>
      <ItemType>1</ItemType>
      <ItemName>קרמה קצף גילוח דליקט</ItemName>
      <ManufacturerName>קוסמופארם</ManufacturerName>
      <ManufactureCountry>טורקיה</ManufactureCountry>
      <ManufacturerItemDescription>קרמה MEN קצף גילוח דליקט200 מל</ManufacturerItemDescription>
      <UnitQty>מיליליטרים</UnitQty>
      <Quantity>200.00</Quantity>
      <UnitOfMeasure>100 מ"ל</UnitOfMeasure>
      <bIsWeighted>0</bIsWeighted>
      <QtyInPackage>1</QtyInPackage>
      <ItemPrice>11.80</ItemPrice>
      <UnitOfMeasurePrice>5.9000</UnitOfMeasurePrice>
      <AllowDiscount>1</AllowDiscount>
      <ItemStatus>1</ItemStatus>
      <ItemId>60240</ItemId>
    </Item>
    <Item>
      <PriceUpdateDate>2015-07-30 12:19:34</PriceUpdateDate>
      <ItemCode>7290003411429</ItemCode>
      <ItemType>1</ItemType>
      <ItemName>שמרים יבשים עולה</ItemName>
      <ManufacturerName>אפי סקופ נהול סוכנוי</ManufacturerName>
      <ManufactureCountry>ישראל</ManufactureCountry>
      <ManufacturerItemDescription>שמרים יבשים עולה עולה33 1/3 גר</ManufacturerItemDescription>
      <UnitQty>גרמים</UnitQty>
      <Quantity>330.00</Quantity>
      <UnitOfMeasure>100 גרם</UnitOfMeasure>
      <bIsWeighted>0</bIsWeighted>
      <QtyInPackage>1</QtyInPackage>
      <ItemPrice>7.90</ItemPrice>
      <UnitOfMeasurePrice>2.3939</UnitOfMeasurePrice>
      <AllowDiscount>1</AllowDiscount>
      <ItemStatus>1</ItemStatus>
      <ItemId>60359</ItemId>
    </Item>
    <Item>
      <PriceUpdateDate>2015-10-04 10:19:26</PriceUpdateDate>
      <ItemCode>8002450204009</ItemCode>
      <ItemType>1</ItemType>
      <ItemName>ורדי אפרסק</ItemName>
      <ManufacturerName>יקב</ManufacturerName>
      <ManufactureCountry>איטליה</ManufactureCountry>
      <ManufacturerItemDescription>ורדי אפרסק 750 מל</ManufacturerItemDescription>
      <UnitQty>Unknown </UnitQty>
      <Quantity>0.00</Quantity>
      <UnitOfMeasure>Unknown </UnitOfMeasure>
      <bIsWeighted>0</bIsWeighted>
      <QtyInPackage>1</QtyInPackage>
      <ItemPrice>31.20</ItemPrice>
      <UnitOfMeasurePrice>0.0000</UnitOfMeasurePrice>
      <AllowDiscount>1</AllowDiscount>
      <ItemStatus>1</ItemStatus>
      <ItemId>60382</ItemId>
    </Item>
    <Item>
      <PriceUpdateDate>2016-06-07 07:38:38</PriceUpdateDate>
      <ItemCode>7290000075693</ItemCode>
      <ItemType>1</ItemType>
      <ItemName>עוגת שמרים שוקולד</ItemName>
      <ManufacturerName>אסם</ManufacturerName>
      <ManufactureCountry>לא ידוע</ManufactureCountry>
      <ManufacturerItemDescription>עוגת הבית שמרים בריוש שוקולד</ManufacturerItemDescription>
      <UnitQty>גרמים</UnitQty>
      <Quantity>360.00</Quantity>
      <UnitOfMeasure>100 גרם</UnitOfMeasure>
      <bIsWeighted>0</bIsWeighted>
      <QtyInPackage>1</QtyInPackage>
      <ItemPrice>21.80</ItemPrice>
      <UnitOfMeasurePrice>6.0556</UnitOfMeasurePrice>
      <AllowDiscount>1</AllowDiscount>
      <ItemStatus>1</ItemStatus>
      <ItemId>60472</ItemId>
    </Item>
    <Item>
      <PriceUpdateDate>2015-10-04 10:19:19</PriceUpdateDate>
      <ItemCode>7290000050997</ItemCode>
      <ItemType>1</ItemType>
      <ItemName>מארז יופלה שטוזים</ItemName>
      <ManufacturerName>תנובה מרכז שיתופי לש</ManufacturerName>
      <ManufactureCountry>לא ידוע</ManufactureCountry>
      <ManufacturerItemDescription>מארז יופלה שטוזים בננה</ManufacturerItemDescription>
      <UnitQty>גרמים</UnitQty>
      <Quantity>400.00</Quantity>
      <UnitOfMeasure>100 גרם</UnitOfMeasure>
      <bIsWeighted>0</bIsWeighted>
      <QtyInPackage>1</QtyInPackage>
      <ItemPrice>10.70</ItemPrice>
      <UnitOfMeasurePrice>2.6750</UnitOfMeasurePrice>
      <AllowDiscount>1</AllowDiscount>
      <ItemStatus>1</ItemStatus>
      <ItemId>60597</ItemId>
    </Item>
    <Item>
      <PriceUpdateDate>2015-10-04 10:19:19</PriceUpdateDate>
      <ItemCode>7290000051024</ItemCode>
      <ItemType>1</ItemType>
      <ItemName>מארז יופלה שטוזים</ItemName>
      <ManufacturerName>תנובה מרכז שיתופי לש</ManufacturerName>
      <ManufactureCountry>לא ידוע</ManufactureCountry>
      <ManufacturerItemDescription>מארז יופלה שטוזים תות 400 גר</ManufacturerItemDescription>
      <UnitQty>גרמים</UnitQty>
      <Quantity>400.00</Quantity>
      <UnitOfMeasure>100 גרם</UnitOfMeasure>
      <bIsWeighted>0</bIsWeighted>
      <QtyInPackage>1</QtyInPackage>
      <ItemPrice>10.70</ItemPrice>
      <UnitOfMeasurePrice>2.6750</UnitOfMeasurePrice>
      <AllowDiscount>1</AllowDiscount>
      <ItemStatus>1</ItemStatus>
      <ItemId>60599</ItemId>
    </Item>
    <Item>
      <PriceUpdateDate>2015-10-04 10:17:53</PriceUpdateDate>
      <ItemCode>7290002360216</ItemCode>
      <ItemType>1</ItemType>
      <ItemName>חרדל דיזון</ItemName>
      <ManufacturerName>EUROPEENNE DE CONDIM</ManufacturerName>
      <ManufactureCountry>צרפת</ManufactureCountry>
      <ManufacturerItemDescription>חרדל דיזון בורנייר 370 גרם</ManufacturerItemDescription>
      <UnitQty>גרמים</UnitQty>
      <Quantity>370.00</Quantity>
      <UnitOfMeasure>100 גרם</UnitOfMeasure>
      <bIsWeighted>0</bIsWeighted>
      <QtyInPackage>1</QtyInPackage>
      <ItemPrice>13.60</ItemPrice>
      <UnitOfMeasurePrice>3.6757</UnitOfMeasurePrice>
      <AllowDiscount>1</AllowDiscount>
      <ItemStatus>1</ItemStatus>
      <ItemId>62801</ItemId>
    </Item>
    <Item>
      <PriceUpdateDate>2015-10-04 10:18:28</PriceUpdateDate>
      <ItemCode>7290000189659</ItemCode>
      <ItemType>1</ItemType>
      <ItemName>מטליות לחות לרצפה</ItemName>
      <ManufacturerName>על בד</ManufacturerName>
      <ManufactureCountry>ישראל</ManufactureCountry>
      <ManufacturerItemDescription>מטליות לחות לרצפה ניקול 10 יח          "</ManufacturerItemDescription>
      <UnitQty>Unknown </UnitQty>
      <Quantity>0.00</Quantity>
      <UnitOfMeasure>Unknown </UnitOfMeasure>
      <bIsWeighted>0</bIsWeighted>
      <QtyInPackage>1</QtyInPackage>
      <ItemPrice>11.80</ItemPrice>
      <UnitOfMeasurePrice>0.0000</UnitOfMeasurePrice>
      <AllowDiscount>1</AllowDiscount>
      <ItemStatus>1</ItemStatus>
      <ItemId>60679</ItemId>
    </Item>
    <Item>
      <PriceUpdateDate>2015-10-04 10:16:58</PriceUpdateDate>
      <ItemCode>7290100240175</ItemCode>
      <ItemType>1</ItemType>
      <ItemName>דאודורנט סטיק מיני</ItemName>
      <ManufacturerName>יוניליוור  פיליפינים</ManufacturerName>
      <ManufactureCountry>לא ידוע</ManufactureCountry>
      <ManufacturerItemDescription>דאב דאו סטיק מלפפונים מיני</ManufacturerItemDescription>
      <UnitQty>Unknown </UnitQty>
      <Quantity>0.00</Quantity>
      <UnitOfMeasure>Unknown </UnitOfMeasure>
      <bIsWeighted>0</bIsWeighted>
      <QtyInPackage>1</QtyInPackage>
      <ItemPrice>9.80</ItemPrice>
      <UnitOfMeasurePrice>0.0000</UnitOfMeasurePrice>
      <AllowDiscount>1</AllowDiscount>
      <ItemStatus>1</ItemStatus>
      <ItemId>60983</ItemId>
    </Item>
    <Item>
      <PriceUpdateDate>2015-01-01 00:00:00</PriceUpdateDate>
      <ItemCode>38527014125</ItemCode>
      <ItemType>1</ItemType>
      <ItemName>קוואקר אינסטנט קינמו</ItemName>
      <ManufacturerName>BEVERAGES FOODS &amp; SE</ManufacturerName>
      <ManufactureCountry>ארצות הברית</ManufactureCountry>
      <ManufacturerItemDescription>קוואקר אינסטנט קינמון</ManufacturerItemDescription>
      <UnitQty>גרמים</UnitQty>
      <Quantity>430.00</Quantity>
      <UnitOfMeasure>100 גרם</UnitOfMeasure>
      <bIsWeighted>0</bIsWeighted>
      <QtyInPackage>1</QtyInPackage>
      <ItemPrice>26.60</ItemPrice>
      <UnitOfMeasurePrice>6.1860</UnitOfMeasurePrice>
      <AllowDiscount>1</AllowDiscount>
      <ItemStatus>1</ItemStatus>
      <ItemId>89887</ItemId>
    </Item>
    <Item>
      <PriceUpdateDate>2016-05-15 12:57:24</PriceUpdateDate>
      <ItemCode>29424002001</ItemCode>
      <ItemType>1</ItemType>
      <ItemName>קוביות וופל שוקו</ItemName>
      <ManufacturerName>מנעמים תעשיות מזון ב</ManufacturerName>
      <ManufactureCountry>ישראל</ManufactureCountry>
      <ManufacturerItemDescription>קוביות וופל שוקו 200 גרם</ManufacturerItemDescription>
      <UnitQty>גרמים</UnitQty>
      <Quantity>200.00</Quantity>
      <UnitOfMeasure>100 גרם</UnitOfMeasure>
      <bIsWeighted>0</bIsWeighted>
      <QtyInPackage>1</QtyInPackage>
      <ItemPrice>6.90</ItemPrice>
      <UnitOfMeasurePrice>3.4500</UnitOfMeasurePrice>
      <AllowDiscount>1</AllowDiscount>
      <ItemStatus>1</ItemStatus>
      <ItemId>62072</ItemId>
    </Item>
    <Item>
      <PriceUpdateDate>2016-05-16 09:21:15</PriceUpdateDate>
      <ItemCode>997</ItemCode>
      <ItemType>0</ItemType>
      <ItemName>בצל  אדום</ItemName>
      <ManufacturerName>חקלאי</ManufacturerName>
      <ManufactureCountry>ישראל</ManufactureCountry>
      <ManufacturerItemDescription>בצל  אדום</ManufacturerItemDescription>
      <UnitQty>קילוגרמים</UnitQty>
      <Quantity>1.00</Quantity>
      <UnitOfMeasure>ק"ג</UnitOfMeasure>
      <bIsWeighted>1</bIsWeighted>
      <QtyInPackage>לא ידוע</QtyInPackage>
      <ItemPrice>4.90</ItemPrice>
      <UnitOfMeasurePrice>4.9000</UnitOfMeasurePrice>
      <AllowDiscount>1</AllowDiscount>
      <ItemStatus>1</ItemStatus>
      <ItemId>80916</ItemId>
    </Item>
    <Item>
      <PriceUpdateDate>2015-10-04 10:17:15</PriceUpdateDate>
      <ItemCode>7290013056627</ItemCode>
      <ItemType>1</ItemType>
      <ItemName>ג"ל אסלה ורוד פרחי ב</ItemName>
      <ManufacturerName>גיאיאס</ManufacturerName>
      <ManufactureCountry>אנגליה</ManufactureCountry>
      <ManufacturerItemDescription>גל אסלה ורוד פרחי בר 55 גרם</ManufacturerItemDescription>
      <UnitQty>גרמים</UnitQty>
      <Quantity>55.00</Quantity>
      <UnitOfMeasure>100 גרם</UnitOfMeasure>
      <bIsWeighted>0</bIsWeighted>
      <QtyInPackage>1</QtyInPackage>
      <ItemPrice>10.40</ItemPrice>
      <UnitOfMeasurePrice>18.9091</UnitOfMeasurePrice>
      <AllowDiscount>1</AllowDiscount>
      <ItemStatus>1</ItemStatus>
      <ItemId>80017</ItemId>
    </Item>
    <Item>
      <PriceUpdateDate>2015-10-04 10:16:40</PriceUpdateDate>
      <ItemCode>7290000103747</ItemCode>
      <ItemType>1</ItemType>
      <ItemName>לקט להקפצה עם פסטה</ItemName>
      <ManufacturerName>סנפרוסט</ManufacturerName>
      <ManufactureCountry>ישראל</ManufactureCountry>
      <ManufacturerItemDescription>לקט להקפצה עם פסטה פנה</ManufacturerItemDescription>
      <UnitQty>גרמים</UnitQty>
      <Quantity>800.00</Quantity>
      <UnitOfMeasure>100 גרם</UnitOfMeasure>
      <bIsWeighted>0</bIsWeighted>
      <QtyInPackage>1</QtyInPackage>
      <ItemPrice>26.40</ItemPrice>
      <UnitOfMeasurePrice>3.3000</UnitOfMeasurePrice>
      <AllowDiscount>1</AllowDiscount>
      <ItemStatus>1</ItemStatus>
      <ItemId>62015</ItemId>
    </Item>
    <Item>
      <PriceUpdateDate>2016-05-11 08:01:50</PriceUpdateDate>
      <ItemCode>7290013038234</ItemCode>
      <ItemType>1</ItemType>
      <ItemName>שישיית אקווה נובה  .</ItemName>
      <ManufacturerName>טמפו</ManufacturerName>
      <ManufactureCountry>ישראל</ManufactureCountry>
      <ManufacturerItemDescription>אקווה נובה שישייה 2 ליטר</ManufacturerItemDescription>
      <UnitQty>ליטרים</UnitQty>
      <Quantity>12.00</Quantity>
      <UnitOfMeasure>ליטר</UnitOfMeasure>
      <bIsWeighted>0</bIsWeighted>
      <QtyInPackage>1</QtyInPackage>
      <ItemPrice>10.00</ItemPrice>
      <UnitOfMeasurePrice>0.8333</UnitOfMeasurePrice>
      <AllowDiscount>1</AllowDiscount>
      <ItemStatus>1</ItemStatus>
      <ItemId>62045</ItemId>
    </Item>
    <Item>
      <PriceUpdateDate>2015-06-08 11:22:18</PriceUpdateDate>
      <ItemCode>7290013038432</ItemCode>
      <ItemType>1</ItemType>
      <ItemName>בקבוק אקווה נובה   .</ItemName>
      <ManufacturerName>טמפו</ManufacturerName>
      <ManufactureCountry>לא ידוע</ManufactureCountry>
      <ManufacturerItemDescription>אקווה נובה 2 ליטר בקבוק</ManufacturerItemDescription>
      <UnitQty>ליטרים</UnitQty>
      <Quantity>2.00</Quantity>
      <UnitOfMeasure>ליטר</UnitOfMeasure>
      <bIsWeighted>0</bIsWeighted>
      <QtyInPackage>1</QtyInPackage>
      <ItemPrice>2.60</ItemPrice>
      <UnitOfMeasurePrice>1.3000</UnitOfMeasurePrice>
      <AllowDiscount>1</AllowDiscount>
      <ItemStatus>1</ItemStatus>
      <ItemId>62046</ItemId>
    </Item>
    <Item>
      <PriceUpdateDate>2015-10-04 10:16:58</PriceUpdateDate>
      <ItemCode>8690637555084</ItemCode>
      <ItemType>1</ItemType>
      <ItemName>מרכך מרוכז לבן</ItemName>
      <ManufacturerName>יוניליוור</ManufacturerName>
      <ManufactureCountry>ישראל</ManufactureCountry>
      <ManufacturerItemDescription>בדין אקסטרא מרוכז לבן 960 מ"ל</ManufacturerItemDescription>
      <UnitQty>מיליליטרים</UnitQty>
      <Quantity>960.00</Quantity>
      <UnitOfMeasure>100 מ"ל</UnitOfMeasure>
      <bIsWeighted>0</bIsWeighted>
      <QtyInPackage>1</QtyInPackage>
      <ItemPrice>21.70</ItemPrice>
      <UnitOfMeasurePrice>2.2604</UnitOfMeasurePrice>
      <AllowDiscount>1</AllowDiscount>
      <ItemStatus>1</ItemStatus>
      <ItemId>62591</ItemId>
    </Item>
    <Item>
      <PriceUpdateDate>2016-03-27 11:39:33</PriceUpdateDate>
      <ItemCode>7290107280570</ItemCode>
      <ItemType>1</ItemType>
      <ItemName>גל כביסה מקסימה</ItemName>
      <ManufacturerName>סנו</ManufacturerName>
      <ManufactureCountry>ישראל</ManufactureCountry>
      <ManufacturerItemDescription>גל כביסה מקסימה מרוכז 3 ליטר</ManufacturerItemDescription>
      <UnitQty>ליטרים</UnitQty>
      <Quantity>3.00</Quantity>
      <UnitOfMeasure>ליטר</UnitOfMeasure>
      <bIsWeighted>0</bIsWeighted>
      <QtyInPackage>1</QtyInPackage>
      <ItemPrice>34.90</ItemPrice>
      <UnitOfMeasurePrice>11.6333</UnitOfMeasurePrice>
      <AllowDiscount>1</AllowDiscount>
      <ItemStatus>1</ItemStatus>
      <ItemId>99448</ItemId>
    </Item>
    <Item>
      <PriceUpdateDate>2015-10-04 10:16:38</PriceUpdateDate>
      <ItemCode>5000204658125</ItemCode>
      <ItemType>1</ItemType>
      <ItemName>משחת נעליים קיוי קרא</ItemName>
      <ManufacturerName>SC Jonson</ManufacturerName>
      <ManufactureCountry>אינדונזיה</ManufactureCountry>
      <ManufacturerItemDescription>משחת נעליים קיוי קראון חום           75</ManufacturerItemDescription>
      <UnitQty>מיליליטרים</UnitQty>
      <Quantity>75.00</Quantity>
      <UnitOfMeasure>100 מ"ל</UnitOfMeasure>
      <bIsWeighted>0</bIsWeighted>
      <QtyInPackage>1</QtyInPackage>
      <ItemPrice>13.90</ItemPrice>
      <UnitOfMeasurePrice>18.5333</UnitOfMeasurePrice>
      <AllowDiscount>1</AllowDiscount>
      <ItemStatus>1</ItemStatus>
      <ItemId>87116</ItemId>
    </Item>
    <Item>
      <PriceUpdateDate>2016-03-16 15:08:32</PriceUpdateDate>
      <ItemCode>7290000416168</ItemCode>
      <ItemType>1</ItemType>
      <ItemName>ממרח השחר לחיץ</ItemName>
      <ManufacturerName>השחר</ManufacturerName>
      <ManufactureCountry>ישראל</ManufactureCountry>
      <ManufacturerItemDescription>ממרח השחר שפורפרת לחיץ 330 גרם</ManufacturerItemDescription>
      <UnitQty>גרמים</UnitQty>
      <Quantity>330.00</Quantity>
      <UnitOfMeasure>100 גרם</UnitOfMeasure>
      <bIsWeighted>0</bIsWeighted>
      <QtyInPackage>1</QtyInPackage>
      <ItemPrice>14.60</ItemPrice>
      <UnitOfMeasurePrice>4.4242</UnitOfMeasurePrice>
      <AllowDiscount>1</AllowDiscount>
      <ItemStatus>1</ItemStatus>
      <ItemId>99391</ItemId>
    </Item>
    <Item>
      <PriceUpdateDate>2015-10-04 10:19:19</PriceUpdateDate>
      <ItemCode>7290000058030</ItemCode>
      <ItemType>1</ItemType>
      <ItemName>משקה יוגורט תות  1/8</ItemName>
      <ManufacturerName>תנובה מרכז שיתופי לש</ManufacturerName>
      <ManufactureCountry>ישראל</ManufactureCountry>
      <ManufacturerItemDescription>מארז 1/8 יופלה שטוזים משקה יוג</ManufacturerItemDescription>
      <UnitQty>מיליליטרים</UnitQty>
      <Quantity>800.00</Quantity>
      <UnitOfMeasure>100 מ"ל</UnitOfMeasure>
      <bIsWeighted>0</bIsWeighted>
      <QtyInPackage>8</QtyInPackage>
      <ItemPrice>20.70</ItemPrice>
      <UnitOfMeasurePrice>2.5875</UnitOfMeasurePrice>
      <AllowDiscount>1</AllowDiscount>
      <ItemStatus>1</ItemStatus>
      <ItemId>82618</ItemId>
    </Item>
    <Item>
      <PriceUpdateDate>2015-10-04 10:19:26</PriceUpdateDate>
      <ItemCode>7290010849505</ItemCode>
      <ItemType>1</ItemType>
      <ItemName>למברוסקו די לואיגי א</ItemName>
      <ManufacturerName>יקב</ManufacturerName>
      <ManufactureCountry>איטליה</ManufactureCountry>
      <ManufacturerItemDescription>למברוסקו די לואיגי 750אדום</ManufacturerItemDescription>
      <UnitQty>מיליליטרים</UnitQty>
      <Quantity>750.00</Quantity>
      <UnitOfMeasure>100 מ"ל</UnitOfMeasure>
      <bIsWeighted>0</bIsWeighted>
      <QtyInPackage>1</QtyInPackage>
      <ItemPrice>36.30</ItemPrice>
      <UnitOfMeasurePrice>4.8400</UnitOfMeasurePrice>
      <AllowDiscount>1</AllowDiscount>
      <ItemStatus>1</ItemStatus>
      <ItemId>62912</ItemId>
    </Item>
    <Item>
      <PriceUpdateDate>2015-08-27 12:55:45</PriceUpdateDate>
      <ItemCode>7290003514038</ItemCode>
      <ItemType>1</ItemType>
      <ItemName>חטיף קראנצוס גריל</ItemName>
      <ManufacturerName>מנה  י.א בע"מ</ManufacturerName>
      <ManufactureCountry>ישראל</ManufactureCountry>
      <ManufacturerItemDescription>חטיף קראנצוס גריל 70 גרם</ManufacturerItemDescription>
      <UnitQty>גרמים</UnitQty>
      <Quantity>70.00</Quantity>
      <UnitOfMeasure>100 גרם</UnitOfMeasure>
      <bIsWeighted>0</bIsWeighted>
      <QtyInPackage>1</QtyInPackage>
      <ItemPrice>3.30</ItemPrice>
      <UnitOfMeasurePrice>4.7143</UnitOfMeasurePrice>
      <AllowDiscount>1</AllowDiscount>
      <ItemStatus>1</ItemStatus>
      <ItemId>63076</ItemId>
    </Item>
    <Item>
      <PriceUpdateDate>2015-08-27 12:55:45</PriceUpdateDate>
      <ItemCode>7290003514045</ItemCode>
      <ItemType>1</ItemType>
      <ItemName>חטיף קראנצוס ברביקיו</ItemName>
      <ManufacturerName>מנה  י.א בע"מ</ManufacturerName>
      <ManufactureCountry>ישראל</ManufactureCountry>
      <ManufacturerItemDescription>חטיף קראנצוס ברביקיו 70 גרם</ManufacturerItemDescription>
      <UnitQty>גרמים</UnitQty>
      <Quantity>70.00</Quantity>
      <UnitOfMeasure>100 גרם</UnitOfMeasure>
      <bIsWeighted>0</bIsWeighted>
      <QtyInPackage>1</QtyInPackage>
      <ItemPrice>3.30</ItemPrice>
      <UnitOfMeasurePrice>4.7143</UnitOfMeasurePrice>
      <AllowDiscount>1</AllowDiscount>
      <ItemStatus>1</ItemStatus>
      <ItemId>63077</ItemId>
    </Item>
    <Item>
      <PriceUpdateDate>2015-08-27 12:55:45</PriceUpdateDate>
      <ItemCode>7290003514052</ItemCode>
      <ItemType>1</ItemType>
      <ItemName>חטיף קראנצוס פלאפל</ItemName>
      <ManufacturerName>מנה  י.א בע"מ</ManufacturerName>
      <ManufactureCountry>ישראל</ManufactureCountry>
      <ManufacturerItemDescription>חטיף קראנצוס פלאפל 70 גרם</ManufacturerItemDescription>
      <UnitQty>גרמים</UnitQty>
      <Quantity>70.00</Quantity>
      <UnitOfMeasure>100 גרם</UnitOfMeasure>
      <bIsWeighted>0</bIsWeighted>
      <QtyInPackage>1</QtyInPackage>
      <ItemPrice>3.30</ItemPrice>
      <UnitOfMeasurePrice>4.7143</UnitOfMeasurePrice>
      <AllowDiscount>1</AllowDiscount>
      <ItemStatus>1</ItemStatus>
      <ItemId>63078</ItemId>
    </Item>
    <Item>
      <PriceUpdateDate>2015-08-27 12:55:45</PriceUpdateDate>
      <ItemCode>7290003514069</ItemCode>
      <ItemType>1</ItemType>
      <ItemName>חטיף קראנצוס בצל</ItemName>
      <ManufacturerName>מנה  י.א בע"מ</ManufacturerName>
      <ManufactureCountry>ישראל</ManufactureCountry>
      <ManufacturerItemDescription>חטיף קראנצוס בצל 70 גרם</ManufacturerItemDescription>
      <UnitQty>גרמים</UnitQty>
      <Quantity>70.00</Quantity>
      <UnitOfMeasure>100 גרם</UnitOfMeasure>
      <bIsWeighted>0</bIsWeighted>
      <QtyInPackage>1</QtyInPackage>
      <ItemPrice>3.30</ItemPrice>
      <UnitOfMeasurePrice>4.7143</UnitOfMeasurePrice>
      <AllowDiscount>1</AllowDiscount>
      <ItemStatus>1</ItemStatus>
      <ItemId>63079</ItemId>
    </Item>
    <Item>
      <PriceUpdateDate>2015-10-04 10:17:11</PriceUpdateDate>
      <ItemCode>7290008737470</ItemCode>
      <ItemType>1</ItemType>
      <ItemName>גפילטע פיש ביתי</ItemName>
      <ManufacturerName>דג טעים (משווק ע"י א</ManufacturerName>
      <ManufactureCountry>ישראל</ManufactureCountry>
      <ManufacturerItemDescription>גפילטע פיש ביתי 670 גרם</ManufacturerItemDescription>
      <UnitQty>גרמים</UnitQty>
      <Quantity>670.00</Quantity>
      <UnitOfMeasure>100 גרם</UnitOfMeasure>
      <bIsWeighted>0</bIsWeighted>
      <QtyInPackage>1</QtyInPackage>
      <ItemPrice>19.30</ItemPrice>
      <UnitOfMeasurePrice>2.8806</UnitOfMeasurePrice>
      <AllowDiscount>1</AllowDiscount>
      <ItemStatus>1</ItemStatus>
      <ItemId>63198</ItemId>
    </Item>
    <Item>
      <PriceUpdateDate>2016-03-01 11:29:03</PriceUpdateDate>
      <ItemCode>4033100038914</ItemCode>
      <ItemType>1</ItemType>
      <ItemName>טבק קאמל צהוב בודד</ItemName>
      <ManufacturerName>JTI</ManufacturerName>
      <ManufactureCountry>לא ידוע</ManufactureCountry>
      <ManufacturerItemDescription>טבק קאמל צהוב בודד</ManufacturerItemDescription>
      <UnitQty>Unknown </UnitQty>
      <Quantity>0.00</Quantity>
      <UnitOfMeasure>Unknown </UnitOfMeasure>
      <bIsWeighted>0</bIsWeighted>
      <QtyInPackage>1</QtyInPackage>
      <ItemPrice>39.60</ItemPrice>
      <UnitOfMeasurePrice>0.0000</UnitOfMeasurePrice>
      <AllowDiscount>1</AllowDiscount>
      <ItemStatus>1</ItemStatus>
      <ItemId>94008</ItemId>
    </Item>
    <Item>
      <PriceUpdateDate>2015-08-27 12:55:46</PriceUpdateDate>
      <ItemCode>7290105436023</ItemCode>
      <ItemType>1</ItemType>
      <ItemName>חטיף אייר פופס גריל</ItemName>
      <ManufacturerName>Diabeticom</ManufacturerName>
      <ManufactureCountry>בלגיה</ManufactureCountry>
      <ManufacturerItemDescription>חטיף אייר פופס גריל 40 גרם</ManufacturerItemDescription>
      <UnitQty>גרמים</UnitQty>
      <Quantity>40.00</Quantity>
      <UnitOfMeasure>100 גרם</UnitOfMeasure>
      <bIsWeighted>0</bIsWeighted>
      <QtyInPackage>1</QtyInPackage>
      <ItemPrice>4.90</ItemPrice>
      <UnitOfMeasurePrice>12.2500</UnitOfMeasurePrice>
      <AllowDiscount>1</AllowDiscount>
      <ItemStatus>1</ItemStatus>
      <ItemId>97287</ItemId>
    </Item>
    <Item>
      <PriceUpdateDate>2015-01-01 00:00:00</PriceUpdateDate>
      <ItemCode>16000423534</ItemCode>
      <ItemType>1</ItemType>
      <ItemName>קראנצי שיבולת שועל</ItemName>
      <ManufacturerName>ג'נרל מילס</ManufacturerName>
      <ManufactureCountry>לא ידוע</ManufactureCountry>
      <ManufacturerItemDescription>קראנצי שיבולת שועל שוקולד מריר</ManufacturerItemDescription>
      <UnitQty>גרמים</UnitQty>
      <Quantity>210.00</Quantity>
      <UnitOfMeasure>100 גרם</UnitOfMeasure>
      <bIsWeighted>0</bIsWeighted>
      <QtyInPackage>1</QtyInPackage>
      <ItemPrice>21.90</ItemPrice>
      <UnitOfMeasurePrice>10.4286</UnitOfMeasurePrice>
      <AllowDiscount>1</AllowDiscount>
      <ItemStatus>1</ItemStatus>
      <ItemId>74451</ItemId>
    </Item>
    <Item>
      <PriceUpdateDate>2015-01-01 00:00:00</PriceUpdateDate>
      <ItemCode>7290012577758</ItemCode>
      <ItemType>1</ItemType>
      <ItemName>מלפפון בחומץ A2 7-9</ItemName>
      <ManufacturerName>קבוצת יבנה</ManufacturerName>
      <ManufactureCountry>ישראל</ManufactureCountry>
      <ManufacturerItemDescription>מלפפון בחומץ A2 7-9 מגה             540</ManufacturerItemDescription>
      <UnitQty>גרמים</UnitQty>
      <Quantity>540.00</Quantity>
      <UnitOfMeasure>100 גרם</UnitOfMeasure>
      <bIsWeighted>0</bIsWeighted>
      <QtyInPackage>1</QtyInPackage>
      <ItemPrice>5.50</ItemPrice>
      <UnitOfMeasurePrice>1.0185</UnitOfMeasurePrice>
      <AllowDiscount>1</AllowDiscount>
      <ItemStatus>1</ItemStatus>
      <ItemId>63470</ItemId>
    </Item>
    <Item>
      <PriceUpdateDate>2015-10-04 10:17:10</PriceUpdateDate>
      <ItemCode>7290012577772</ItemCode>
      <ItemType>1</ItemType>
      <ItemName>מלפפון בחומץA2 10-1</ItemName>
      <ManufacturerName>קבוצת יבנה</ManufacturerName>
      <ManufactureCountry>ישראל</ManufactureCountry>
      <ManufacturerItemDescription>מלפפון בחומץ A2 10-12 מגה           540</ManufacturerItemDescription>
      <UnitQty>גרמים</UnitQty>
      <Quantity>540.00</Quantity>
      <UnitOfMeasure>100 גרם</UnitOfMeasure>
      <bIsWeighted>0</bIsWeighted>
      <QtyInPackage>1</QtyInPackage>
      <ItemPrice>5.90</ItemPrice>
      <UnitOfMeasurePrice>1.0926</UnitOfMeasurePrice>
      <AllowDiscount>1</AllowDiscount>
      <ItemStatus>1</ItemStatus>
      <ItemId>63472</ItemId>
    </Item>
    <Item>
      <PriceUpdateDate>2015-01-01 00:00:00</PriceUpdateDate>
      <ItemCode>7290104000522</ItemCode>
      <ItemType>1</ItemType>
      <ItemName>סוכר וניל</ItemName>
      <ManufacturerName>גלעם</ManufacturerName>
      <ManufactureCountry>ישראל</ManufactureCountry>
      <ManufacturerItemDescription>סוכר וניל מגה                    10X10</ManufacturerItemDescription>
      <UnitQty>גרמים</UnitQty>
      <Quantity>100.00</Quantity>
      <UnitOfMeasure>100 גרם</UnitOfMeasure>
      <bIsWeighted>0</bIsWeighted>
      <QtyInPackage>1</QtyInPackage>
      <ItemPrice>2.90</ItemPrice>
      <UnitOfMeasurePrice>2.9000</UnitOfMeasurePrice>
      <AllowDiscount>1</AllowDiscount>
      <ItemStatus>1</ItemStatus>
      <ItemId>63623</ItemId>
    </Item>
    <Item>
      <PriceUpdateDate>2015-10-04 10:17:15</PriceUpdateDate>
      <ItemCode>7290012577833</ItemCode>
      <ItemType>1</ItemType>
      <ItemName>זית חרוזית מושחר A2</ItemName>
      <ManufacturerName>קבוצת יבנה</ManufacturerName>
      <ManufactureCountry>ישראל</ManufactureCountry>
      <ManufacturerItemDescription>זית חרוזית מושחר 540 גר A2 מגה</ManufacturerItemDescription>
      <UnitQty>גרמים</UnitQty>
      <Quantity>540.00</Quantity>
      <UnitOfMeasure>100 גרם</UnitOfMeasure>
      <bIsWeighted>0</bIsWeighted>
      <QtyInPackage>1</QtyInPackage>
      <ItemPrice>9.90</ItemPrice>
      <UnitOfMeasurePrice>1.8333</UnitOfMeasurePrice>
      <AllowDiscount>1</AllowDiscount>
      <ItemStatus>1</ItemStatus>
      <ItemId>77788</ItemId>
    </Item>
    <Item>
      <PriceUpdateDate>2015-10-04 10:17:56</PriceUpdateDate>
      <ItemCode>5411188096108</ItemCode>
      <ItemType>1</ItemType>
      <ItemName>שמנת לבישול אלפרו  .</ItemName>
      <ManufacturerName>ALPRO N.V.</ManufacturerName>
      <ManufactureCountry>בלגיה</ManufactureCountry>
      <ManufacturerItemDescription>שמנת לבישול אלפרו 250 מל</ManufacturerItemDescription>
      <UnitQty>מיליליטרים</UnitQty>
      <Quantity>250.00</Quantity>
      <UnitOfMeasure>100 מ"ל</UnitOfMeasure>
      <bIsWeighted>0</bIsWeighted>
      <QtyInPackage>1</QtyInPackage>
      <ItemPrice>9.80</ItemPrice>
      <UnitOfMeasurePrice>3.9200</UnitOfMeasurePrice>
      <AllowDiscount>1</AllowDiscount>
      <ItemStatus>1</ItemStatus>
      <ItemId>63788</ItemId>
    </Item>
    <Item>
      <PriceUpdateDate>2015-10-04 10:18:35</PriceUpdateDate>
      <ItemCode>7290012581403</ItemCode>
      <ItemType>1</ItemType>
      <ItemName>סכינים</ItemName>
      <ManufacturerName>ביירט</ManufacturerName>
      <ManufactureCountry>סין</ManufactureCountry>
      <ManufacturerItemDescription>סכינים 100 יח מגה</ManufacturerItemDescription>
      <UnitQty>Unknown </UnitQty>
      <Quantity>0.00</Quantity>
      <UnitOfMeasure>Unknown </UnitOfMeasure>
      <bIsWeighted>0</bIsWeighted>
      <QtyInPackage>1</QtyInPackage>
      <ItemPrice>6.80</ItemPrice>
      <UnitOfMeasurePrice>0.0000</UnitOfMeasurePrice>
      <AllowDiscount>1</AllowDiscount>
      <ItemStatus>1</ItemStatus>
      <ItemId>63956</ItemId>
    </Item>
    <Item>
      <PriceUpdateDate>2015-10-04 10:18:35</PriceUpdateDate>
      <ItemCode>7290012581410</ItemCode>
      <ItemType>1</ItemType>
      <ItemName>מזלגות לבן</ItemName>
      <ManufacturerName>ביירט</ManufacturerName>
      <ManufactureCountry>סין</ManufactureCountry>
      <ManufacturerItemDescription>מזלגות לבן 100 יח מגה</ManufacturerItemDescription>
      <UnitQty>Unknown </UnitQty>
      <Quantity>0.00</Quantity>
      <UnitOfMeasure>Unknown </UnitOfMeasure>
      <bIsWeighted>0</bIsWeighted>
      <QtyInPackage>1</QtyInPackage>
      <ItemPrice>6.80</ItemPrice>
      <UnitOfMeasurePrice>0.0000</UnitOfMeasurePrice>
      <AllowDiscount>1</AllowDiscount>
      <ItemStatus>1</ItemStatus>
      <ItemId>63957</ItemId>
    </Item>
    <Item>
      <PriceUpdateDate>2015-10-04 10:18:35</PriceUpdateDate>
      <ItemCode>7290012581427</ItemCode>
      <ItemType>1</ItemType>
      <ItemName>כפות לבנות</ItemName>
      <ManufacturerName>ביירט</ManufacturerName>
      <ManufactureCountry>סין</ManufactureCountry>
      <ManufacturerItemDescription>כפות לבן 100 יח מגה</ManufacturerItemDescription>
      <UnitQty>Unknown </UnitQty>
      <Quantity>0.00</Quantity>
      <UnitOfMeasure>Unknown </UnitOfMeasure>
      <bIsWeighted>0</bIsWeighted>
      <QtyInPackage>1</QtyInPackage>
      <ItemPrice>6.80</ItemPrice>
      <UnitOfMeasurePrice>0.0000</UnitOfMeasurePrice>
      <AllowDiscount>1</AllowDiscount>
      <ItemStatus>1</ItemStatus>
      <ItemId>63958</ItemId>
    </Item>
    <Item>
      <PriceUpdateDate>2015-10-04 10:18:35</PriceUpdateDate>
      <ItemCode>7290012581434</ItemCode>
      <ItemType>1</ItemType>
      <ItemName>כפיות לבנות</ItemName>
      <ManufacturerName>ביירט</ManufacturerName>
      <ManufactureCountry>סין</ManufactureCountry>
      <ManufacturerItemDescription>כפיות לבנות 100 יח מגה</ManufacturerItemDescription>
      <UnitQty>Unknown </UnitQty>
      <Quantity>0.00</Quantity>
      <UnitOfMeasure>Unknown </UnitOfMeasure>
      <bIsWeighted>0</bIsWeighted>
      <QtyInPackage>1</QtyInPackage>
      <ItemPrice>6.80</ItemPrice>
      <UnitOfMeasurePrice>0.0000</UnitOfMeasurePrice>
      <AllowDiscount>1</AllowDiscount>
      <ItemStatus>1</ItemStatus>
      <ItemId>63959</ItemId>
    </Item>
    <Item>
      <PriceUpdateDate>2015-12-30 08:02:16</PriceUpdateDate>
      <ItemCode>7290002008774</ItemCode>
      <ItemType>1</ItemType>
      <ItemName>שומשום 200 גרם</ItemName>
      <ManufacturerName>הנמל</ManufacturerName>
      <ManufactureCountry>ישראל</ManufactureCountry>
      <ManufacturerItemDescription>שומשום 200 גרם</ManufacturerItemDescription>
      <UnitQty>גרמים</UnitQty>
      <Quantity>200.00</Quantity>
      <UnitOfMeasure>100 גרם</UnitOfMeasure>
      <bIsWeighted>0</bIsWeighted>
      <QtyInPackage>1</QtyInPackage>
      <ItemPrice>6.90</ItemPrice>
      <UnitOfMeasurePrice>3.4500</UnitOfMeasurePrice>
      <AllowDiscount>1</AllowDiscount>
      <ItemStatus>1</ItemStatus>
      <ItemId>72304</ItemId>
    </Item>
    <Item>
      <PriceUpdateDate>2015-10-04 10:18:16</PriceUpdateDate>
      <ItemCode>7290102393039</ItemCode>
      <ItemType>1</ItemType>
      <ItemName>יוגורט מולר מיקס</ItemName>
      <ManufacturerName>טרה</ManufacturerName>
      <ManufactureCountry>ישראל</ManufactureCountry>
      <ManufacturerItemDescription>יוגורט מולר מיקס פצפוצי שוקולד</ManufacturerItemDescription>
      <UnitQty>גרמים</UnitQty>
      <Quantity>170.00</Quantity>
      <UnitOfMeasure>100 גרם</UnitOfMeasure>
      <bIsWeighted>0</bIsWeighted>
      <QtyInPackage>1</QtyInPackage>
      <ItemPrice>5.90</ItemPrice>
      <UnitOfMeasurePrice>3.4706</UnitOfMeasurePrice>
      <AllowDiscount>1</AllowDiscount>
      <ItemStatus>1</ItemStatus>
      <ItemId>64164</ItemId>
    </Item>
    <Item>
      <PriceUpdateDate>2015-10-04 10:18:16</PriceUpdateDate>
      <ItemCode>7290102393060</ItemCode>
      <ItemType>1</ItemType>
      <ItemName>יוגורט קרם אגוזים</ItemName>
      <ManufacturerName>טרה</ManufacturerName>
      <ManufactureCountry>ישראל</ManufactureCountry>
      <ManufacturerItemDescription>יוגורט קרם אגוזים מולר מיקס</ManufacturerItemDescription>
      <UnitQty>גרמים</UnitQty>
      <Quantity>170.00</Quantity>
      <UnitOfMeasure>100 גרם</UnitOfMeasure>
      <bIsWeighted>0</bIsWeighted>
      <QtyInPackage>1</QtyInPackage>
      <ItemPrice>5.90</ItemPrice>
      <UnitOfMeasurePrice>3.4706</UnitOfMeasurePrice>
      <AllowDiscount>1</AllowDiscount>
      <ItemStatus>1</ItemStatus>
      <ItemId>64165</ItemId>
    </Item>
    <Item>
      <PriceUpdateDate>2015-07-26 09:39:58</PriceUpdateDate>
      <ItemCode>7290000416076</ItemCode>
      <ItemType>1</ItemType>
      <ItemName>צימקאו השחר העולה</ItemName>
      <ManufacturerName>השחר</ManufacturerName>
      <ManufactureCountry>ישראל</ManufactureCountry>
      <ManufacturerItemDescription>צימקאו השחר העולה400 גר</ManufacturerItemDescription>
      <UnitQty>גרמים</UnitQty>
      <Quantity>400.00</Quantity>
      <UnitOfMeasure>100 גרם</UnitOfMeasure>
      <bIsWeighted>0</bIsWeighted>
      <QtyInPackage>1</QtyInPackage>
      <ItemPrice>14.70</ItemPrice>
      <UnitOfMeasurePrice>3.6750</UnitOfMeasurePrice>
      <AllowDiscount>1</AllowDiscount>
      <ItemStatus>1</ItemStatus>
      <ItemId>64237</ItemId>
    </Item>
    <Item>
      <PriceUpdateDate>2015-10-04 10:16:58</PriceUpdateDate>
      <ItemCode>7290000316444</ItemCode>
      <ItemType>1</ItemType>
      <ItemName>ברנפלקס ללא סוכר בדצ</ItemName>
      <ManufacturerName>אתר שפע - Food</ManufacturerName>
      <ManufactureCountry>ישראל</ManufactureCountry>
      <ManufacturerItemDescription>ברנפלקס ללא סוכר בדצ 500 גרם</ManufacturerItemDescription>
      <UnitQty>גרמים</UnitQty>
      <Quantity>500.00</Quantity>
      <UnitOfMeasure>100 גרם</UnitOfMeasure>
      <bIsWeighted>0</bIsWeighted>
      <QtyInPackage>1</QtyInPackage>
      <ItemPrice>26.70</ItemPrice>
      <UnitOfMeasurePrice>5.3400</UnitOfMeasurePrice>
      <AllowDiscount>1</AllowDiscount>
      <ItemStatus>1</ItemStatus>
      <ItemId>87473</ItemId>
    </Item>
    <Item>
      <PriceUpdateDate>2015-10-04 10:16:57</PriceUpdateDate>
      <ItemCode>7290003805501</ItemCode>
      <ItemType>1</ItemType>
      <ItemName>פתית שוודי חסכוני</ItemName>
      <ManufacturerName>אתר שפע - Food</ManufacturerName>
      <ManufactureCountry>ישראל</ManufactureCountry>
      <ManufacturerItemDescription>פתית שוודי חסכוני300 גר .בד"צ</ManufacturerItemDescription>
      <UnitQty>גרמים</UnitQty>
      <Quantity>300.00</Quantity>
      <UnitOfMeasure>100 גרם</UnitOfMeasure>
      <bIsWeighted>0</bIsWeighted>
      <QtyInPackage>1</QtyInPackage>
      <ItemPrice>18.00</ItemPrice>
      <UnitOfMeasurePrice>6.0000</UnitOfMeasurePrice>
      <AllowDiscount>1</AllowDiscount>
      <ItemStatus>1</ItemStatus>
      <ItemId>64200</ItemId>
    </Item>
    <Item>
      <PriceUpdateDate>2015-07-14 17:14:16</PriceUpdateDate>
      <ItemCode>7290005593352</ItemCode>
      <ItemType>1</ItemType>
      <ItemName>שמן סויה 1 ליטר</ItemName>
      <ManufacturerName>תורגמן</ManufacturerName>
      <ManufactureCountry>ישראל</ManufactureCountry>
      <ManufacturerItemDescription>שמן סויה</ManufacturerItemDescription>
      <UnitQty>מיליליטרים</UnitQty>
      <Quantity>1.00</Quantity>
      <UnitOfMeasure>100 מ"ל</UnitOfMeasure>
      <bIsWeighted>0</bIsWeighted>
      <QtyInPackage>1</QtyInPackage>
      <ItemPrice>8.90</ItemPrice>
      <UnitOfMeasurePrice>890.0000</UnitOfMeasurePrice>
      <AllowDiscount>1</AllowDiscount>
      <ItemStatus>1</ItemStatus>
      <ItemId>104942</ItemId>
    </Item>
    <Item>
      <PriceUpdateDate>2015-10-04 10:18:31</PriceUpdateDate>
      <ItemCode>7290014472792</ItemCode>
      <ItemType>1</ItemType>
      <ItemName>מנצס 180  גרם</ItemName>
      <ManufacturerName>דין שיווק וקליה בע"מ</ManufacturerName>
      <ManufactureCountry>יושלם</ManufactureCountry>
      <ManufacturerItemDescription>מנצס 180  גרם</ManufacturerItemDescription>
      <UnitQty>גרמים</UnitQty>
      <Quantity>180.00</Quantity>
      <UnitOfMeasure>100 גרם</UnitOfMeasure>
      <bIsWeighted>0</bIsWeighted>
      <QtyInPackage>1</QtyInPackage>
      <ItemPrice>7.80</ItemPrice>
      <UnitOfMeasurePrice>4.3333</UnitOfMeasurePrice>
      <AllowDiscount>1</AllowDiscount>
      <ItemStatus>1</ItemStatus>
      <ItemId>95448</ItemId>
    </Item>
    <Item>
      <PriceUpdateDate>2015-10-04 10:17:08</PriceUpdateDate>
      <ItemCode>44164102385</ItemCode>
      <ItemType>1</ItemType>
      <ItemName>נרונים           72</ItemName>
      <ManufacturerName>יושלם</ManufacturerName>
      <ManufactureCountry>יושלם</ManufactureCountry>
      <ManufacturerItemDescription>נרונים 4 שעות 72 יח                    "</ManufacturerItemDescription>
      <UnitQty>Unknown </UnitQty>
      <Quantity>0.00</Quantity>
      <UnitOfMeasure>Unknown </UnitOfMeasure>
      <bIsWeighted>0</bIsWeighted>
      <QtyInPackage>1</QtyInPackage>
      <ItemPrice>31.60</ItemPrice>
      <UnitOfMeasurePrice>0.0000</UnitOfMeasurePrice>
      <AllowDiscount>1</AllowDiscount>
      <ItemStatus>1</ItemStatus>
      <ItemId>64324</ItemId>
    </Item>
    <Item>
      <PriceUpdateDate>2016-06-14 13:20:20</PriceUpdateDate>
      <ItemCode>7290012525452</ItemCode>
      <ItemType>1</ItemType>
      <ItemName>טילון אקסטרים שוקו נ</ItemName>
      <ManufacturerName>נגה גלידות</ManufacturerName>
      <ManufactureCountry>ישראל</ManufactureCountry>
      <ManufacturerItemDescription>טילון אקסטרים שוקו ניל70 גר</ManufacturerItemDescription>
      <UnitQty>גרמים</UnitQty>
      <Quantity>70.00</Quantity>
      <UnitOfMeasure>100 גרם</UnitOfMeasure>
      <bIsWeighted>0</bIsWeighted>
      <QtyInPackage>1</QtyInPackage>
      <ItemPrice>8.80</ItemPrice>
      <UnitOfMeasurePrice>12.5714</UnitOfMeasurePrice>
      <AllowDiscount>1</AllowDiscount>
      <ItemStatus>1</ItemStatus>
      <ItemId>64524</ItemId>
    </Item>
    <Item>
      <PriceUpdateDate>2015-10-04 10:18:24</PriceUpdateDate>
      <ItemCode>7290003896141</ItemCode>
      <ItemType>1</ItemType>
      <ItemName>אלמנדוס 200 גרם</ItemName>
      <ManufacturerName>ג'י אנד ג'י  בע"מ</ManufacturerName>
      <ManufactureCountry>לא ידוע</ManufactureCountry>
      <ManufacturerItemDescription>אלמנדוס 200 גרם</ManufacturerItemDescription>
      <UnitQty>גרמים</UnitQty>
      <Quantity>200.00</Quantity>
      <UnitOfMeasure>100 גרם</UnitOfMeasure>
      <bIsWeighted>0</bIsWeighted>
      <QtyInPackage>1</QtyInPackage>
      <ItemPrice>13.20</ItemPrice>
      <UnitOfMeasurePrice>6.6000</UnitOfMeasurePrice>
      <AllowDiscount>1</AllowDiscount>
      <ItemStatus>1</ItemStatus>
      <ItemId>90724</ItemId>
    </Item>
    <Item>
      <PriceUpdateDate>2015-06-15 14:25:24</PriceUpdateDate>
      <ItemCode>7290004011338</ItemCode>
      <ItemType>1</ItemType>
      <ItemName>קצפת ריצ מיכל</ItemName>
      <ManufacturerName>קודאף</ManufacturerName>
      <ManufactureCountry>איטליה</ManufactureCountry>
      <ManufacturerItemDescription>קצפת ריצ במיכל 250 מל</ManufacturerItemDescription>
      <UnitQty>מיליליטרים</UnitQty>
      <Quantity>250.00</Quantity>
      <UnitOfMeasure>100 מ"ל</UnitOfMeasure>
      <bIsWeighted>0</bIsWeighted>
      <QtyInPackage>1</QtyInPackage>
      <ItemPrice>16.90</ItemPrice>
      <UnitOfMeasurePrice>6.7600</UnitOfMeasurePrice>
      <AllowDiscount>1</AllowDiscount>
      <ItemStatus>1</ItemStatus>
      <ItemId>64747</ItemId>
    </Item>
    <Item>
      <PriceUpdateDate>2015-10-04 10:18:36</PriceUpdateDate>
      <ItemCode>7290003220588</ItemCode>
      <ItemType>1</ItemType>
      <ItemName>רוטב צילי  מתוקWOK</ItemName>
      <ManufacturerName>תאי פרידה אינדסטרי ב</ManufacturerName>
      <ManufactureCountry>תאילנד</ManufactureCountry>
      <ManufacturerItemDescription>רוטב צילי  מתוק דיאט 700 מ"ל          W</ManufacturerItemDescription>
      <UnitQty>מיליליטרים</UnitQty>
      <Quantity>700.00</Quantity>
      <UnitOfMeasure>100 מ"ל</UnitOfMeasure>
      <bIsWeighted>0</bIsWeighted>
      <QtyInPackage>1</QtyInPackage>
      <ItemPrice>15.20</ItemPrice>
      <UnitOfMeasurePrice>2.1714</UnitOfMeasurePrice>
      <AllowDiscount>1</AllowDiscount>
      <ItemStatus>1</ItemStatus>
      <ItemId>75478</ItemId>
    </Item>
    <Item>
      <PriceUpdateDate>2016-07-20 06:58:10</PriceUpdateDate>
      <ItemCode>856591000109</ItemCode>
      <ItemType>1</ItemType>
      <ItemName>עוגיות מזרחיות</ItemName>
      <ManufacturerName>עבאדי</ManufacturerName>
      <ManufactureCountry>לא ידוע</ManufactureCountry>
      <ManufacturerItemDescription>עוגיות מזרחיות פריך במיוחד          400</ManufacturerItemDescription>
      <UnitQty>גרמים</UnitQty>
      <Quantity>400.00</Quantity>
      <UnitOfMeasure>100 גרם</UnitOfMeasure>
      <bIsWeighted>0</bIsWeighted>
      <QtyInPackage>1</QtyInPackage>
      <ItemPrice>19.90</ItemPrice>
      <UnitOfMeasurePrice>4.9750</UnitOfMeasurePrice>
      <AllowDiscount>1</AllowDiscount>
      <ItemStatus>1</ItemStatus>
      <ItemId>64821</ItemId>
    </Item>
    <Item>
      <PriceUpdateDate>2016-03-15 15:38:06</PriceUpdateDate>
      <ItemCode>830296000466</ItemCode>
      <ItemType>1</ItemType>
      <ItemName>פנקייק 400 גרם</ItemName>
      <ManufacturerName>מצות ראשון לציון</ManufacturerName>
      <ManufactureCountry>ישראל</ManufactureCountry>
      <ManufacturerItemDescription>פנקייק 400 גרם</ManufacturerItemDescription>
      <UnitQty>גרמים</UnitQty>
      <Quantity>400.00</Quantity>
      <UnitOfMeasure>100 גרם</UnitOfMeasure>
      <bIsWeighted>0</bIsWeighted>
      <QtyInPackage>1</QtyInPackage>
      <ItemPrice>11.90</ItemPrice>
      <UnitOfMeasurePrice>2.9750</UnitOfMeasurePrice>
      <AllowDiscount>1</AllowDiscount>
      <ItemStatus>1</ItemStatus>
      <ItemId>87436</ItemId>
    </Item>
    <Item>
      <PriceUpdateDate>2015-10-04 10:18:44</PriceUpdateDate>
      <ItemCode>4002448013761</ItemCode>
      <ItemType>1</ItemType>
      <ItemName>פיניש מפיץ ריח למדיח</ItemName>
      <ManufacturerName>פיניש</ManufacturerName>
      <ManufactureCountry>הונגריה</ManufactureCountry>
      <ManufacturerItemDescription>פיניש מפיץ ריח למדיח תפוז</ManufacturerItemDescription>
      <UnitQty>Unknown </UnitQty>
      <Quantity>0.00</Quantity>
      <UnitOfMeasure>Unknown </UnitOfMeasure>
      <bIsWeighted>0</bIsWeighted>
      <QtyInPackage>1</QtyInPackage>
      <ItemPrice>19.70</ItemPrice>
      <UnitOfMeasurePrice>0.0000</UnitOfMeasurePrice>
      <AllowDiscount>1</AllowDiscount>
      <ItemStatus>1</ItemStatus>
      <ItemId>87505</ItemId>
    </Item>
    <Item>
      <PriceUpdateDate>2015-10-04 10:18:28</PriceUpdateDate>
      <ItemCode>7290000189499</ItemCode>
      <ItemType>1</ItemType>
      <ItemName>תבנית אפייה עגולה</ItemName>
      <ManufacturerName>דוקארט</ManufacturerName>
      <ManufactureCountry>ישראל</ManufactureCountry>
      <ManufacturerItemDescription>תבנית אפייה קרטון עגולה 3 יחיד</ManufacturerItemDescription>
      <UnitQty>Unknown </UnitQty>
      <Quantity>0.00</Quantity>
      <UnitOfMeasure>Unknown </UnitOfMeasure>
      <bIsWeighted>0</bIsWeighted>
      <QtyInPackage>1</QtyInPackage>
      <ItemPrice>10.80</ItemPrice>
      <UnitOfMeasurePrice>0.0000</UnitOfMeasurePrice>
      <AllowDiscount>1</AllowDiscount>
      <ItemStatus>1</ItemStatus>
      <ItemId>65006</ItemId>
    </Item>
    <Item>
      <PriceUpdateDate>2015-10-04 10:17:40</PriceUpdateDate>
      <ItemCode>7290012823381</ItemCode>
      <ItemType>1</ItemType>
      <ItemName>מרכך כביסה סנסטיב</ItemName>
      <ManufacturerName>סנו</ManufacturerName>
      <ManufactureCountry>ישראל</ManufactureCountry>
      <ManufacturerItemDescription>מקסימה מרכך כביסה מרוכז סנסטיב</ManufacturerItemDescription>
      <UnitQty>ליטרים</UnitQty>
      <Quantity>1.00</Quantity>
      <UnitOfMeasure>ליטר</UnitOfMeasure>
      <bIsWeighted>0</bIsWeighted>
      <QtyInPackage>1</QtyInPackage>
      <ItemPrice>17.70</ItemPrice>
      <UnitOfMeasurePrice>17.7000</UnitOfMeasurePrice>
      <AllowDiscount>1</AllowDiscount>
      <ItemStatus>1</ItemStatus>
      <ItemId>65125</ItemId>
    </Item>
    <Item>
      <PriceUpdateDate>2015-08-03 07:56:02</PriceUpdateDate>
      <ItemCode>8850632604266</ItemCode>
      <ItemType>1</ItemType>
      <ItemName>יוגטה ממתק קולה</ItemName>
      <ManufacturerName>סאאדת</ManufacturerName>
      <ManufactureCountry>לא ידוע</ManufactureCountry>
      <ManufacturerItemDescription>יוגטה ממתק קולה בצורת מקלות          50</ManufacturerItemDescription>
      <UnitQty>גרמים</UnitQty>
      <Quantity>50.00</Quantity>
      <UnitOfMeasure>100 גרם</UnitOfMeasure>
      <bIsWeighted>0</bIsWeighted>
      <QtyInPackage>1</QtyInPackage>
      <ItemPrice>4.90</ItemPrice>
      <UnitOfMeasurePrice>9.8000</UnitOfMeasurePrice>
      <AllowDiscount>1</AllowDiscount>
      <ItemStatus>1</ItemStatus>
      <ItemId>65403</ItemId>
    </Item>
    <Item>
      <PriceUpdateDate>2015-08-03 07:56:02</PriceUpdateDate>
      <ItemCode>8850632604372</ItemCode>
      <ItemType>1</ItemType>
      <ItemName>יוגטה ממתק תות שדה</ItemName>
      <ManufacturerName>סאאדת</ManufacturerName>
      <ManufactureCountry>לא ידוע</ManufactureCountry>
      <ManufacturerItemDescription>יוגטה ממתק תות שדה בצורת שטיח</ManufacturerItemDescription>
      <UnitQty>גרמים</UnitQty>
      <Quantity>50.00</Quantity>
      <UnitOfMeasure>100 גרם</UnitOfMeasure>
      <bIsWeighted>0</bIsWeighted>
      <QtyInPackage>1</QtyInPackage>
      <ItemPrice>4.90</ItemPrice>
      <UnitOfMeasurePrice>9.8000</UnitOfMeasurePrice>
      <AllowDiscount>1</AllowDiscount>
      <ItemStatus>1</ItemStatus>
      <ItemId>65404</ItemId>
    </Item>
    <Item>
      <PriceUpdateDate>2015-08-03 07:56:02</PriceUpdateDate>
      <ItemCode>8850632604402</ItemCode>
      <ItemType>1</ItemType>
      <ItemName>יוגטה ממתק תות ענבים</ItemName>
      <ManufacturerName>סאאדת</ManufacturerName>
      <ManufactureCountry>לא ידוע</ManufactureCountry>
      <ManufacturerItemDescription>יוגטה ממתק תות ענבים בצורת שטי</ManufacturerItemDescription>
      <UnitQty>גרמים</UnitQty>
      <Quantity>50.00</Quantity>
      <UnitOfMeasure>100 גרם</UnitOfMeasure>
      <bIsWeighted>0</bIsWeighted>
      <QtyInPackage>1</QtyInPackage>
      <ItemPrice>4.90</ItemPrice>
      <UnitOfMeasurePrice>9.8000</UnitOfMeasurePrice>
      <AllowDiscount>1</AllowDiscount>
      <ItemStatus>1</ItemStatus>
      <ItemId>65405</ItemId>
    </Item>
    <Item>
      <PriceUpdateDate>2015-10-04 10:17:15</PriceUpdateDate>
      <ItemCode>7290104008955</ItemCode>
      <ItemType>1</ItemType>
      <ItemName>חומץ בלסמי</ItemName>
      <ManufacturerName>אצטום</ManufacturerName>
      <ManufactureCountry>איטליה</ManufactureCountry>
      <ManufacturerItemDescription>חומץ בלסמי 500 מל מגה</ManufacturerItemDescription>
      <UnitQty>מיליליטרים</UnitQty>
      <Quantity>500.00</Quantity>
      <UnitOfMeasure>100 מ"ל</UnitOfMeasure>
      <bIsWeighted>0</bIsWeighted>
      <QtyInPackage>1</QtyInPackage>
      <ItemPrice>19.80</ItemPrice>
      <UnitOfMeasurePrice>3.9600</UnitOfMeasurePrice>
      <AllowDiscount>1</AllowDiscount>
      <ItemStatus>1</ItemStatus>
      <ItemId>78598</ItemId>
    </Item>
    <Item>
      <PriceUpdateDate>2015-01-01 00:00:00</PriceUpdateDate>
      <ItemCode>7290104001260</ItemCode>
      <ItemType>1</ItemType>
      <ItemName>צמר גפן נתלש 100 גרם</ItemName>
      <ManufacturerName>יושלם</ManufacturerName>
      <ManufactureCountry>יושלם</ManufactureCountry>
      <ManufacturerItemDescription>צמר גפן נתלש 100 גרם מגה</ManufacturerItemDescription>
      <UnitQty>גרמים</UnitQty>
      <Quantity>100.00</Quantity>
      <UnitOfMeasure>100 גרם</UnitOfMeasure>
      <bIsWeighted>0</bIsWeighted>
      <QtyInPackage>1</QtyInPackage>
      <ItemPrice>5.50</ItemPrice>
      <UnitOfMeasurePrice>5.5000</UnitOfMeasurePrice>
      <AllowDiscount>1</AllowDiscount>
      <ItemStatus>1</ItemStatus>
      <ItemId>65582</ItemId>
    </Item>
    <Item>
      <PriceUpdateDate>2015-10-04 10:19:19</PriceUpdateDate>
      <ItemCode>7290000052304</ItemCode>
      <ItemType>1</ItemType>
      <ItemName>משקה מוקה תנובה</ItemName>
      <ManufacturerName>תנובה מרכז שיתופי לש</ManufacturerName>
      <ManufactureCountry>ישראל</ManufactureCountry>
      <ManufacturerItemDescription>משקה מוקה תנובה 340 מל בבקבוק</ManufacturerItemDescription>
      <UnitQty>מיליליטרים</UnitQty>
      <Quantity>340.00</Quantity>
      <UnitOfMeasure>100 מ"ל</UnitOfMeasure>
      <bIsWeighted>0</bIsWeighted>
      <QtyInPackage>1</QtyInPackage>
      <ItemPrice>6.20</ItemPrice>
      <UnitOfMeasurePrice>1.8235</UnitOfMeasurePrice>
      <AllowDiscount>1</AllowDiscount>
      <ItemStatus>1</ItemStatus>
      <ItemId>65705</ItemId>
    </Item>
    <Item>
      <PriceUpdateDate>2015-10-04 10:17:41</PriceUpdateDate>
      <ItemCode>7290104960970</ItemCode>
      <ItemType>1</ItemType>
      <ItemName>דאו ספריי טיטניום</ItemName>
      <ManufacturerName>אמיליה קוסמטיקס</ManufacturerName>
      <ManufactureCountry>ישראל</ManufactureCountry>
      <ManufacturerItemDescription>דאו ספריי טיטניום מטאל לגבר          180</ManufacturerItemDescription>
      <UnitQty>מיליליטרים</UnitQty>
      <Quantity>180.00</Quantity>
      <UnitOfMeasure>100 מ"ל</UnitOfMeasure>
      <bIsWeighted>0</bIsWeighted>
      <QtyInPackage>1</QtyInPackage>
      <ItemPrice>21.70</ItemPrice>
      <UnitOfMeasurePrice>12.0556</UnitOfMeasurePrice>
      <AllowDiscount>1</AllowDiscount>
      <ItemStatus>1</ItemStatus>
      <ItemId>80459</ItemId>
    </Item>
    <Item>
      <PriceUpdateDate>2015-10-04 10:19:06</PriceUpdateDate>
      <ItemCode>7290000364261</ItemCode>
      <ItemType>1</ItemType>
      <ItemName>סלסולי כתף בקר</ItemName>
      <ManufacturerName>טירת צבי</ManufacturerName>
      <ManufactureCountry>ישראל</ManufactureCountry>
      <ManufacturerItemDescription>סלסולי כתף בקר 120 גרם</ManufacturerItemDescription>
      <UnitQty>גרמים</UnitQty>
      <Quantity>120.00</Quantity>
      <UnitOfMeasure>100 גרם</UnitOfMeasure>
      <bIsWeighted>0</bIsWeighted>
      <QtyInPackage>1</QtyInPackage>
      <ItemPrice>16.70</ItemPrice>
      <UnitOfMeasurePrice>13.9167</UnitOfMeasurePrice>
      <AllowDiscount>1</AllowDiscount>
      <ItemStatus>1</ItemStatus>
      <ItemId>65785</ItemId>
    </Item>
    <Item>
      <PriceUpdateDate>2015-10-04 10:19:06</PriceUpdateDate>
      <ItemCode>7290000364278</ItemCode>
      <ItemType>1</ItemType>
      <ItemName>סלסולי סלמי איטלקי</ItemName>
      <ManufacturerName>טירת צבי</ManufacturerName>
      <ManufactureCountry>ישראל</ManufactureCountry>
      <ManufacturerItemDescription>סלסולי סלמי איטלקי משובח 120 ג</ManufacturerItemDescription>
      <UnitQty>גרמים</UnitQty>
      <Quantity>120.00</Quantity>
      <UnitOfMeasure>100 גרם</UnitOfMeasure>
      <bIsWeighted>0</bIsWeighted>
      <QtyInPackage>1</QtyInPackage>
      <ItemPrice>16.70</ItemPrice>
      <UnitOfMeasurePrice>13.9167</UnitOfMeasurePrice>
      <AllowDiscount>1</AllowDiscount>
      <ItemStatus>1</ItemStatus>
      <ItemId>65786</ItemId>
    </Item>
    <Item>
      <PriceUpdateDate>2016-06-07 07:38:37</PriceUpdateDate>
      <ItemCode>7290011964689</ItemCode>
      <ItemType>1</ItemType>
      <ItemName>תבלין על האש מיכל</ItemName>
      <ManufacturerName>תבליני טעם וריח</ManufacturerName>
      <ManufactureCountry>לא ידוע</ManufactureCountry>
      <ManufacturerItemDescription>תבלין על האש ללא מונוסודיום          100</ManufacturerItemDescription>
      <UnitQty>Unknown </UnitQty>
      <Quantity>0.00</Quantity>
      <UnitOfMeasure>Unknown </UnitOfMeasure>
      <bIsWeighted>0</bIsWeighted>
      <QtyInPackage>1</QtyInPackage>
      <ItemPrice>9.40</ItemPrice>
      <UnitOfMeasurePrice>0.0000</UnitOfMeasurePrice>
      <AllowDiscount>1</AllowDiscount>
      <ItemStatus>1</ItemStatus>
      <ItemId>65824</ItemId>
    </Item>
    <Item>
      <PriceUpdateDate>2016-06-07 07:38:37</PriceUpdateDate>
      <ItemCode>7290011964702</ItemCode>
      <ItemType>1</ItemType>
      <ItemName>תבלין לשווארמה מיכל</ItemName>
      <ManufacturerName>תבליני טעם וריח</ManufacturerName>
      <ManufactureCountry>לא ידוע</ManufactureCountry>
      <ManufacturerItemDescription>תבלין לשווארמה ללא מונוסודיום</ManufacturerItemDescription>
      <UnitQty>גרמים</UnitQty>
      <Quantity>110.00</Quantity>
      <UnitOfMeasure>100 גרם</UnitOfMeasure>
      <bIsWeighted>0</bIsWeighted>
      <QtyInPackage>1</QtyInPackage>
      <ItemPrice>9.40</ItemPrice>
      <UnitOfMeasurePrice>8.5455</UnitOfMeasurePrice>
      <AllowDiscount>1</AllowDiscount>
      <ItemStatus>1</ItemStatus>
      <ItemId>65826</ItemId>
    </Item>
    <Item>
      <PriceUpdateDate>2015-10-04 10:20:44</PriceUpdateDate>
      <ItemCode>4033100014499</ItemCode>
      <ItemType>1</ItemType>
      <ItemName>סיגריות אל די כחול ח</ItemName>
      <ManufacturerName>JTI</ManufacturerName>
      <ManufactureCountry>לא ידוע</ManufactureCountry>
      <ManufacturerItemDescription>סיגריות אל די כחול בודד</ManufacturerItemDescription>
      <UnitQty>Unknown </UnitQty>
      <Quantity>0.00</Quantity>
      <UnitOfMeasure>Unknown </UnitOfMeasure>
      <bIsWeighted>0</bIsWeighted>
      <QtyInPackage>1</QtyInPackage>
      <ItemPrice>27.90</ItemPrice>
      <UnitOfMeasurePrice>0.0000</UnitOfMeasurePrice>
      <AllowDiscount>0</AllowDiscount>
      <ItemStatus>1</ItemStatus>
      <ItemId>65898</ItemId>
    </Item>
    <Item>
      <PriceUpdateDate>2016-03-29 07:58:44</PriceUpdateDate>
      <ItemCode>7290002830207</ItemCode>
      <ItemType>1</ItemType>
      <ItemName>גפילטע פיש בצנצנת 52</ItemName>
      <ManufacturerName>יושלם</ManufacturerName>
      <ManufactureCountry>יושלם</ManufactureCountry>
      <ManufacturerItemDescription>גפילטע פיש בצנצנת 520 גרם</ManufacturerItemDescription>
      <UnitQty>גרמים</UnitQty>
      <Quantity>520.00</Quantity>
      <UnitOfMeasure>100 גרם</UnitOfMeasure>
      <bIsWeighted>0</bIsWeighted>
      <QtyInPackage>1</QtyInPackage>
      <ItemPrice>13.70</ItemPrice>
      <UnitOfMeasurePrice>2.6346</UnitOfMeasurePrice>
      <AllowDiscount>1</AllowDiscount>
      <ItemStatus>1</ItemStatus>
      <ItemId>66099</ItemId>
    </Item>
    <Item>
      <PriceUpdateDate>2015-10-04 10:16:47</PriceUpdateDate>
      <ItemCode>7290103407421</ItemCode>
      <ItemType>1</ItemType>
      <ItemName>מאגדת פסק זמן</ItemName>
      <ManufacturerName>שטראוס גרופ</ManufacturerName>
      <ManufactureCountry>ישראל</ManufactureCountry>
      <ManufacturerItemDescription>מאגדת שלישית פסק זמן ללא סוכר</ManufacturerItemDescription>
      <UnitQty>גרמים</UnitQty>
      <Quantity>135.00</Quantity>
      <UnitOfMeasure>100 גרם</UnitOfMeasure>
      <bIsWeighted>0</bIsWeighted>
      <QtyInPackage>1</QtyInPackage>
      <ItemPrice>19.50</ItemPrice>
      <UnitOfMeasurePrice>14.4444</UnitOfMeasurePrice>
      <AllowDiscount>1</AllowDiscount>
      <ItemStatus>1</ItemStatus>
      <ItemId>66261</ItemId>
    </Item>
    <Item>
      <PriceUpdateDate>2015-10-04 10:16:47</PriceUpdateDate>
      <ItemCode>7290104067198</ItemCode>
      <ItemType>1</ItemType>
      <ItemName>שוקולד ספלנדיד תפוז</ItemName>
      <ManufacturerName>שטראוס גרופ</ManufacturerName>
      <ManufactureCountry>ישראל</ManufactureCountry>
      <ManufacturerItemDescription>שוקולד ספלנדיד מריר תפוז</ManufacturerItemDescription>
      <UnitQty>Unknown </UnitQty>
      <Quantity>0.00</Quantity>
      <UnitOfMeasure>Unknown </UnitOfMeasure>
      <bIsWeighted>0</bIsWeighted>
      <QtyInPackage>1</QtyInPackage>
      <ItemPrice>11.60</ItemPrice>
      <UnitOfMeasurePrice>0.0000</UnitOfMeasurePrice>
      <AllowDiscount>1</AllowDiscount>
      <ItemStatus>1</ItemStatus>
      <ItemId>66273</ItemId>
    </Item>
    <Item>
      <PriceUpdateDate>2015-08-12 10:24:36</PriceUpdateDate>
      <ItemCode>7290104068676</ItemCode>
      <ItemType>1</ItemType>
      <ItemName>תפוציפס קידס</ItemName>
      <ManufacturerName>שטראוס גרופ</ManufacturerName>
      <ManufactureCountry>ישראל</ManufactureCountry>
      <ManufacturerItemDescription>תפוציפס קידס 45 גרם</ManufacturerItemDescription>
      <UnitQty>גרמים</UnitQty>
      <Quantity>45.00</Quantity>
      <UnitOfMeasure>100 גרם</UnitOfMeasure>
      <bIsWeighted>0</bIsWeighted>
      <QtyInPackage>1</QtyInPackage>
      <ItemPrice>3.90</ItemPrice>
      <UnitOfMeasurePrice>8.6667</UnitOfMeasurePrice>
      <AllowDiscount>1</AllowDiscount>
      <ItemStatus>1</ItemStatus>
      <ItemId>66275</ItemId>
    </Item>
    <Item>
      <PriceUpdateDate>2015-01-01 00:00:00</PriceUpdateDate>
      <ItemCode>839762002386</ItemCode>
      <ItemType>1</ItemType>
      <ItemName>נקטר איילנד גויאבה 3</ItemName>
      <ManufacturerName>The Egyptian Co. for</ManufacturerName>
      <ManufactureCountry>מצרים</ManufactureCountry>
      <ManufacturerItemDescription>נקטר איילנד גויאבה 350 מל</ManufacturerItemDescription>
      <UnitQty>מיליליטרים</UnitQty>
      <Quantity>350.00</Quantity>
      <UnitOfMeasure>100 מ"ל</UnitOfMeasure>
      <bIsWeighted>0</bIsWeighted>
      <QtyInPackage>1</QtyInPackage>
      <ItemPrice>6.00</ItemPrice>
      <UnitOfMeasurePrice>1.7143</UnitOfMeasurePrice>
      <AllowDiscount>1</AllowDiscount>
      <ItemStatus>1</ItemStatus>
      <ItemId>66344</ItemId>
    </Item>
    <Item>
      <PriceUpdateDate>2016-06-07 07:34:58</PriceUpdateDate>
      <ItemCode>7290010328253</ItemCode>
      <ItemType>1</ItemType>
      <ItemName>טחינה גולמית אחווה</ItemName>
      <ManufacturerName>אחווה</ManufacturerName>
      <ManufactureCountry>לא ידוע</ManufactureCountry>
      <ManufacturerItemDescription>טחינה גולמית אחווה 500 גרם</ManufacturerItemDescription>
      <UnitQty>גרמים</UnitQty>
      <Quantity>500.00</Quantity>
      <UnitOfMeasure>100 גרם</UnitOfMeasure>
      <bIsWeighted>0</bIsWeighted>
      <QtyInPackage>1</QtyInPackage>
      <ItemPrice>14.90</ItemPrice>
      <UnitOfMeasurePrice>2.9800</UnitOfMeasurePrice>
      <AllowDiscount>1</AllowDiscount>
      <ItemStatus>1</ItemStatus>
      <ItemId>71883</ItemId>
    </Item>
    <Item>
      <PriceUpdateDate>2015-10-04 10:19:26</PriceUpdateDate>
      <ItemCode>7290010849734</ItemCode>
      <ItemType>1</ItemType>
      <ItemName>קאווה ריאל סמי סקו</ItemName>
      <ManufacturerName>יקב</ManufacturerName>
      <ManufactureCountry>ספרד</ManufactureCountry>
      <ManufacturerItemDescription>קאווה ריאל סמי סקו 750 מל</ManufacturerItemDescription>
      <UnitQty>Unknown </UnitQty>
      <Quantity>0.00</Quantity>
      <UnitOfMeasure>Unknown </UnitOfMeasure>
      <bIsWeighted>0</bIsWeighted>
      <QtyInPackage>1</QtyInPackage>
      <ItemPrice>51.30</ItemPrice>
      <UnitOfMeasurePrice>0.0000</UnitOfMeasurePrice>
      <AllowDiscount>1</AllowDiscount>
      <ItemStatus>1</ItemStatus>
      <ItemId>69882</ItemId>
    </Item>
    <Item>
      <PriceUpdateDate>2015-07-29 08:57:10</PriceUpdateDate>
      <ItemCode>7290000052649</ItemCode>
      <ItemType>1</ItemType>
      <ItemName>פיראוס לאבנה     %5</ItemName>
      <ManufacturerName>תנובה מרכז שיתופי לש</ManufacturerName>
      <ManufactureCountry>ישראל</ManufactureCountry>
      <ManufacturerItemDescription>פיראוס לאבנה 500 %5 גרם</ManufacturerItemDescription>
      <UnitQty>גרמים</UnitQty>
      <Quantity>500.00</Quantity>
      <UnitOfMeasure>100 גרם</UnitOfMeasure>
      <bIsWeighted>0</bIsWeighted>
      <QtyInPackage>1</QtyInPackage>
      <ItemPrice>20.40</ItemPrice>
      <UnitOfMeasurePrice>4.0800</UnitOfMeasurePrice>
      <AllowDiscount>1</AllowDiscount>
      <ItemStatus>1</ItemStatus>
      <ItemId>66399</ItemId>
    </Item>
    <Item>
      <PriceUpdateDate>2015-06-08 11:22:10</PriceUpdateDate>
      <ItemCode>7290101982098</ItemCode>
      <ItemType>1</ItemType>
      <ItemName>בועות סבון 300 מל</ItemName>
      <ManufacturerName>יושלם</ManufacturerName>
      <ManufactureCountry>יושלם</ManufactureCountry>
      <ManufacturerItemDescription>בועות סבון 300 מל</ManufacturerItemDescription>
      <UnitQty>Unknown </UnitQty>
      <Quantity>0.00</Quantity>
      <UnitOfMeasure>Unknown </UnitOfMeasure>
      <bIsWeighted>0</bIsWeighted>
      <QtyInPackage>1</QtyInPackage>
      <ItemPrice>12.00</ItemPrice>
      <UnitOfMeasurePrice>0.0000</UnitOfMeasurePrice>
      <AllowDiscount>1</AllowDiscount>
      <ItemStatus>1</ItemStatus>
      <ItemId>66452</ItemId>
    </Item>
    <Item>
      <PriceUpdateDate>2015-08-12 10:24:40</PriceUpdateDate>
      <ItemCode>7290000077253</ItemCode>
      <ItemType>1</ItemType>
      <ItemName>לחמית כפרית</ItemName>
      <ManufacturerName>אסם</ManufacturerName>
      <ManufactureCountry>ישראל</ManufactureCountry>
      <ManufacturerItemDescription>לחמית כפרית 190 גרם</ManufacturerItemDescription>
      <UnitQty>גרמים</UnitQty>
      <Quantity>190.00</Quantity>
      <UnitOfMeasure>100 גרם</UnitOfMeasure>
      <bIsWeighted>0</bIsWeighted>
      <QtyInPackage>1</QtyInPackage>
      <ItemPrice>11.30</ItemPrice>
      <UnitOfMeasurePrice>5.9474</UnitOfMeasurePrice>
      <AllowDiscount>1</AllowDiscount>
      <ItemStatus>1</ItemStatus>
      <ItemId>66453</ItemId>
    </Item>
    <Item>
      <PriceUpdateDate>2015-10-04 10:19:22</PriceUpdateDate>
      <ItemCode>7290003208586</ItemCode>
      <ItemType>1</ItemType>
      <ItemName>מרטיני לבן      750</ItemName>
      <ManufacturerName>מרטיני ורוסי</ManufacturerName>
      <ManufactureCountry>איטליה</ManufactureCountry>
      <ManufacturerItemDescription>מרטיני לבן 750 מל</ManufacturerItemDescription>
      <UnitQty>מיליליטרים</UnitQty>
      <Quantity>750.00</Quantity>
      <UnitOfMeasure>100 מ"ל</UnitOfMeasure>
      <bIsWeighted>0</bIsWeighted>
      <QtyInPackage>1</QtyInPackage>
      <ItemPrice>51.40</ItemPrice>
      <UnitOfMeasurePrice>6.8533</UnitOfMeasurePrice>
      <AllowDiscount>1</AllowDiscount>
      <ItemStatus>1</ItemStatus>
      <ItemId>66459</ItemId>
    </Item>
    <Item>
      <PriceUpdateDate>2015-01-01 00:00:00</PriceUpdateDate>
      <ItemCode>7290000153292</ItemCode>
      <ItemType>1</ItemType>
      <ItemName>פסטרמה ברביקיו פרוסו</ItemName>
      <ManufacturerName>עוף טוב</ManufacturerName>
      <ManufactureCountry>לא ידוע</ManufactureCountry>
      <ManufacturerItemDescription>פסטרמה ברביקיו פרוסות דקות          140</ManufacturerItemDescription>
      <UnitQty>גרמים</UnitQty>
      <Quantity>140.00</Quantity>
      <UnitOfMeasure>100 גרם</UnitOfMeasure>
      <bIsWeighted>0</bIsWeighted>
      <QtyInPackage>1</QtyInPackage>
      <ItemPrice>16.00</ItemPrice>
      <UnitOfMeasurePrice>11.4286</UnitOfMeasurePrice>
      <AllowDiscount>1</AllowDiscount>
      <ItemStatus>1</ItemStatus>
      <ItemId>80792</ItemId>
    </Item>
    <Item>
      <PriceUpdateDate>2015-01-01 00:00:00</PriceUpdateDate>
      <ItemCode>5000159376792</ItemCode>
      <ItemType>1</ItemType>
      <ItemName>סוכריות סקיטלס חמוץ</ItemName>
      <ManufacturerName>ריגלי</ManufacturerName>
      <ManufactureCountry>צ'כיה</ManufactureCountry>
      <ManufacturerItemDescription>סוכריות סקיטלס חמוץ 38 גרם</ManufacturerItemDescription>
      <UnitQty>גרמים</UnitQty>
      <Quantity>38.00</Quantity>
      <UnitOfMeasure>100 גרם</UnitOfMeasure>
      <bIsWeighted>0</bIsWeighted>
      <QtyInPackage>1</QtyInPackage>
      <ItemPrice>3.80</ItemPrice>
      <UnitOfMeasurePrice>10.0000</UnitOfMeasurePrice>
      <AllowDiscount>1</AllowDiscount>
      <ItemStatus>1</ItemStatus>
      <ItemId>87763</ItemId>
    </Item>
    <Item>
      <PriceUpdateDate>2015-10-04 10:18:14</PriceUpdateDate>
      <ItemCode>7290011018184</ItemCode>
      <ItemType>1</ItemType>
      <ItemName>תה קר אפרסק</ItemName>
      <ManufacturerName>FUZE TEA</ManufacturerName>
      <ManufactureCountry>ישראל</ManufactureCountry>
      <ManufacturerItemDescription>תה קר FUZE TEA אפרסק 500 מל</ManufacturerItemDescription>
      <UnitQty>מיליליטרים</UnitQty>
      <Quantity>500.00</Quantity>
      <UnitOfMeasure>100 מ"ל</UnitOfMeasure>
      <bIsWeighted>0</bIsWeighted>
      <QtyInPackage>1</QtyInPackage>
      <ItemPrice>7.70</ItemPrice>
      <UnitOfMeasurePrice>1.5400</UnitOfMeasurePrice>
      <AllowDiscount>1</AllowDiscount>
      <ItemStatus>1</ItemStatus>
      <ItemId>83283</ItemId>
    </Item>
    <Item>
      <PriceUpdateDate>2015-07-26 09:39:33</PriceUpdateDate>
      <ItemCode>7290100700587</ItemCode>
      <ItemType>1</ItemType>
      <ItemName>בורגול 500 גרם</ItemName>
      <ManufacturerName>סוגת</ManufacturerName>
      <ManufactureCountry>לא ידוע</ManufactureCountry>
      <ManufacturerItemDescription>בורגול 500 גרם</ManufacturerItemDescription>
      <UnitQty>גרמים</UnitQty>
      <Quantity>500.00</Quantity>
      <UnitOfMeasure>100 גרם</UnitOfMeasure>
      <bIsWeighted>0</bIsWeighted>
      <QtyInPackage>1</QtyInPackage>
      <ItemPrice>5.40</ItemPrice>
      <UnitOfMeasurePrice>1.0800</UnitOfMeasurePrice>
      <AllowDiscount>1</AllowDiscount>
      <ItemStatus>1</ItemStatus>
      <ItemId>66842</ItemId>
    </Item>
    <Item>
      <PriceUpdateDate>2015-10-18 13:13:08</PriceUpdateDate>
      <ItemCode>7290002542506</ItemCode>
      <ItemType>1</ItemType>
      <ItemName>בירה קורונה     355</ItemName>
      <ManufacturerName>סרבסריה מידלו</ManufacturerName>
      <ManufactureCountry>מקסיקו</ManufactureCountry>
      <ManufacturerItemDescription>בירה קורונה 355 מ"ל בקבוק</ManufacturerItemDescription>
      <UnitQty>מיליליטרים</UnitQty>
      <Quantity>355.00</Quantity>
      <UnitOfMeasure>100 מ"ל</UnitOfMeasure>
      <bIsWeighted>0</bIsWeighted>
      <QtyInPackage>1</QtyInPackage>
      <ItemPrice>15.00</ItemPrice>
      <UnitOfMeasurePrice>4.2254</UnitOfMeasurePrice>
      <AllowDiscount>1</AllowDiscount>
      <ItemStatus>1</ItemStatus>
      <ItemId>66881</ItemId>
    </Item>
    <Item>
      <PriceUpdateDate>2015-10-04 10:20:06</PriceUpdateDate>
      <ItemCode>7290006634917</ItemCode>
      <ItemType>1</ItemType>
      <ItemName>וודקה אקסלוסיב</ItemName>
      <ManufacturerName>יושלם</ManufacturerName>
      <ManufactureCountry>לא ידוע</ManufactureCountry>
      <ManufacturerItemDescription>וודקה אקסלוסיב 750 מ"ל</ManufacturerItemDescription>
      <UnitQty>מיליליטרים</UnitQty>
      <Quantity>750.00</Quantity>
      <UnitOfMeasure>100 מ"ל</UnitOfMeasure>
      <bIsWeighted>0</bIsWeighted>
      <QtyInPackage>1</QtyInPackage>
      <ItemPrice>108.20</ItemPrice>
      <UnitOfMeasurePrice>14.4267</UnitOfMeasurePrice>
      <AllowDiscount>1</AllowDiscount>
      <ItemStatus>1</ItemStatus>
      <ItemId>66938</ItemId>
    </Item>
    <Item>
      <PriceUpdateDate>2015-01-01 00:00:00</PriceUpdateDate>
      <ItemCode>8721200060107</ItemCode>
      <ItemType>1</ItemType>
      <ItemName>וופל בקרסלנד סטרופ 2</ItemName>
      <ManufacturerName>דה בנקט גרופ</ManufacturerName>
      <ManufactureCountry>הולנד</ManufactureCountry>
      <ManufacturerItemDescription>וופל בקרסלנד סטרופ 260 גרם</ManufacturerItemDescription>
      <UnitQty>גרמים</UnitQty>
      <Quantity>260.00</Quantity>
      <UnitOfMeasure>100 גרם</UnitOfMeasure>
      <bIsWeighted>0</bIsWeighted>
      <QtyInPackage>1</QtyInPackage>
      <ItemPrice>17.70</ItemPrice>
      <UnitOfMeasurePrice>6.8077</UnitOfMeasurePrice>
      <AllowDiscount>1</AllowDiscount>
      <ItemStatus>1</ItemStatus>
      <ItemId>66992</ItemId>
    </Item>
    <Item>
      <PriceUpdateDate>2015-10-04 10:16:38</PriceUpdateDate>
      <ItemCode>783007983780</ItemCode>
      <ItemType>1</ItemType>
      <ItemName>טמפונים פלייטקס רגול</ItemName>
      <ManufacturerName>אנרג'ייזר</ManufacturerName>
      <ManufactureCountry>לא ידוע</ManufactureCountry>
      <ManufacturerItemDescription>פלייטקס טמפונים רגולר 20 יח</ManufacturerItemDescription>
      <UnitQty>Unknown </UnitQty>
      <Quantity>0.00</Quantity>
      <UnitOfMeasure>Unknown </UnitOfMeasure>
      <bIsWeighted>0</bIsWeighted>
      <QtyInPackage>1</QtyInPackage>
      <ItemPrice>24.70</ItemPrice>
      <UnitOfMeasurePrice>0.0000</UnitOfMeasurePrice>
      <AllowDiscount>1</AllowDiscount>
      <ItemStatus>1</ItemStatus>
      <ItemId>97291</ItemId>
    </Item>
    <Item>
      <PriceUpdateDate>2015-10-04 10:19:19</PriceUpdateDate>
      <ItemCode>7290000052311</ItemCode>
      <ItemType>1</ItemType>
      <ItemName>גבינה עמק       15%</ItemName>
      <ManufacturerName>תנובה מרכז שיתופי לש</ManufacturerName>
      <ManufactureCountry>ישראל</ManufactureCountry>
      <ManufacturerItemDescription>גבינה עמק 200 15% גרם פרוס</ManufacturerItemDescription>
      <UnitQty>גרמים</UnitQty>
      <Quantity>200.00</Quantity>
      <UnitOfMeasure>100 גרם</UnitOfMeasure>
      <bIsWeighted>0</bIsWeighted>
      <QtyInPackage>1</QtyInPackage>
      <ItemPrice>15.90</ItemPrice>
      <UnitOfMeasurePrice>7.9500</UnitOfMeasurePrice>
      <AllowDiscount>1</AllowDiscount>
      <ItemStatus>1</ItemStatus>
      <ItemId>67174</ItemId>
    </Item>
    <Item>
      <PriceUpdateDate>2016-03-17 13:37:18</PriceUpdateDate>
      <ItemCode>3179730011024</ItemCode>
      <ItemType>1</ItemType>
      <ItemName>מים מינרלים פרייה</ItemName>
      <ManufacturerName>יקבי ברקן</ManufacturerName>
      <ManufactureCountry>צרפת</ManufactureCountry>
      <ManufacturerItemDescription>מים מינרלים פרייה 330 מ"ל</ManufacturerItemDescription>
      <UnitQty>מיליליטרים</UnitQty>
      <Quantity>330.00</Quantity>
      <UnitOfMeasure>100 מ"ל</UnitOfMeasure>
      <bIsWeighted>0</bIsWeighted>
      <QtyInPackage>1</QtyInPackage>
      <ItemPrice>6.70</ItemPrice>
      <UnitOfMeasurePrice>2.0303</UnitOfMeasurePrice>
      <AllowDiscount>1</AllowDiscount>
      <ItemStatus>1</ItemStatus>
      <ItemId>67314</ItemId>
    </Item>
    <Item>
      <PriceUpdateDate>2015-10-04 10:18:16</PriceUpdateDate>
      <ItemCode>7290102393299</ItemCode>
      <ItemType>1</ItemType>
      <ItemName>יוגורט עיזים לשתיה</ItemName>
      <ManufacturerName>מחלבת משק צוריאל</ManufacturerName>
      <ManufactureCountry>ישראל</ManufactureCountry>
      <ManufacturerItemDescription>יוגורט עיזים לשתיה 500 מל</ManufacturerItemDescription>
      <UnitQty>מיליליטרים</UnitQty>
      <Quantity>500.00</Quantity>
      <UnitOfMeasure>100 מ"ל</UnitOfMeasure>
      <bIsWeighted>0</bIsWeighted>
      <QtyInPackage>1</QtyInPackage>
      <ItemPrice>12.50</ItemPrice>
      <UnitOfMeasurePrice>2.5000</UnitOfMeasurePrice>
      <AllowDiscount>1</AllowDiscount>
      <ItemStatus>1</ItemStatus>
      <ItemId>67342</ItemId>
    </Item>
    <Item>
      <PriceUpdateDate>2015-10-04 10:18:08</PriceUpdateDate>
      <ItemCode>7290002793311</ItemCode>
      <ItemType>1</ItemType>
      <ItemName>שרות החלפה גז    60</ItemName>
      <ManufacturerName>סודה סטרים</ManufacturerName>
      <ManufactureCountry>ישראל</ManufactureCountry>
      <ManufacturerItemDescription>שרות החלפה מילוי גז                  60</ManufacturerItemDescription>
      <UnitQty>Unknown </UnitQty>
      <Quantity>0.00</Quantity>
      <UnitOfMeasure>Unknown </UnitOfMeasure>
      <bIsWeighted>0</bIsWeighted>
      <QtyInPackage>1</QtyInPackage>
      <ItemPrice>49.50</ItemPrice>
      <UnitOfMeasurePrice>0.0000</UnitOfMeasurePrice>
      <AllowDiscount>1</AllowDiscount>
      <ItemStatus>1</ItemStatus>
      <ItemId>67402</ItemId>
    </Item>
    <Item>
      <PriceUpdateDate>2015-07-30 12:19:36</PriceUpdateDate>
      <ItemCode>7290002007166</ItemCode>
      <ItemType>1</ItemType>
      <ItemName>פירורי לחם 200ג</ItemName>
      <ManufacturerName>וודש</ManufacturerName>
      <ManufactureCountry>לא ידוע</ManufactureCountry>
      <ManufacturerItemDescription>פירורי לחם 200ג</ManufacturerItemDescription>
      <UnitQty>גרמים</UnitQty>
      <Quantity>200.00</Quantity>
      <UnitOfMeasure>100 גרם</UnitOfMeasure>
      <bIsWeighted>0</bIsWeighted>
      <QtyInPackage>1</QtyInPackage>
      <ItemPrice>3.50</ItemPrice>
      <UnitOfMeasurePrice>1.7500</UnitOfMeasurePrice>
      <AllowDiscount>1</AllowDiscount>
      <ItemStatus>1</ItemStatus>
      <ItemId>69236</ItemId>
    </Item>
    <Item>
      <PriceUpdateDate>2015-10-04 10:17:12</PriceUpdateDate>
      <ItemCode>7290003427178</ItemCode>
      <ItemType>1</ItemType>
      <ItemName>שמן זית כתית מעולה</ItemName>
      <ManufacturerName>זיתא</ManufacturerName>
      <ManufactureCountry>לא ידוע</ManufactureCountry>
      <ManufacturerItemDescription>שמן זית כתית מעולה 500 מל</ManufacturerItemDescription>
      <UnitQty>מיליליטרים</UnitQty>
      <Quantity>500.00</Quantity>
      <UnitOfMeasure>100 מ"ל</UnitOfMeasure>
      <bIsWeighted>0</bIsWeighted>
      <QtyInPackage>1</QtyInPackage>
      <ItemPrice>31.60</ItemPrice>
      <UnitOfMeasurePrice>6.3200</UnitOfMeasurePrice>
      <AllowDiscount>1</AllowDiscount>
      <ItemStatus>1</ItemStatus>
      <ItemId>67489</ItemId>
    </Item>
    <Item>
      <PriceUpdateDate>2015-10-04 10:18:28</PriceUpdateDate>
      <ItemCode>7290000263359</ItemCode>
      <ItemType>1</ItemType>
      <ItemName>חיתולים שלב       1</ItemName>
      <ManufacturerName>קימברלי</ManufacturerName>
      <ManufactureCountry>טורקיה</ManufactureCountry>
      <ManufacturerItemDescription>ח.האגיס מידה 40 1 יחידות</ManufacturerItemDescription>
      <UnitQty>Unknown </UnitQty>
      <Quantity>0.00</Quantity>
      <UnitOfMeasure>Unknown </UnitOfMeasure>
      <bIsWeighted>0</bIsWeighted>
      <QtyInPackage>1</QtyInPackage>
      <ItemPrice>38.50</ItemPrice>
      <UnitOfMeasurePrice>0.0000</UnitOfMeasurePrice>
      <AllowDiscount>1</AllowDiscount>
      <ItemStatus>1</ItemStatus>
      <ItemId>67519</ItemId>
    </Item>
    <Item>
      <PriceUpdateDate>2015-10-04 10:18:28</PriceUpdateDate>
      <ItemCode>7290000263366</ItemCode>
      <ItemType>1</ItemType>
      <ItemName>חיתולים שלב       2</ItemName>
      <ManufacturerName>קימברלי</ManufacturerName>
      <ManufactureCountry>טורקיה</ManufactureCountry>
      <ManufacturerItemDescription>חיתולי האגיס מידה 72 2 י</ManufacturerItemDescription>
      <UnitQty>Unknown </UnitQty>
      <Quantity>0.00</Quantity>
      <UnitOfMeasure>Unknown </UnitOfMeasure>
      <bIsWeighted>0</bIsWeighted>
      <QtyInPackage>1</QtyInPackage>
      <ItemPrice>41.50</ItemPrice>
      <UnitOfMeasurePrice>0.0000</UnitOfMeasurePrice>
      <AllowDiscount>1</AllowDiscount>
      <ItemStatus>1</ItemStatus>
      <ItemId>67520</ItemId>
    </Item>
    <Item>
      <PriceUpdateDate>2015-01-01 00:00:00</PriceUpdateDate>
      <ItemCode>7290006582355</ItemCode>
      <ItemType>1</ItemType>
      <ItemName>סילאן</ItemName>
      <ManufacturerName>דין שיווק וקליה בע"מ</ManufacturerName>
      <ManufactureCountry>ישראל</ManufactureCountry>
      <ManufacturerItemDescription>סילאן900 גר</ManufacturerItemDescription>
      <UnitQty>גרמים</UnitQty>
      <Quantity>900.00</Quantity>
      <UnitOfMeasure>100 גרם</UnitOfMeasure>
      <bIsWeighted>0</bIsWeighted>
      <QtyInPackage>1</QtyInPackage>
      <ItemPrice>23.30</ItemPrice>
      <UnitOfMeasurePrice>2.5889</UnitOfMeasurePrice>
      <AllowDiscount>1</AllowDiscount>
      <ItemStatus>1</ItemStatus>
      <ItemId>67628</ItemId>
    </Item>
    <Item>
      <PriceUpdateDate>2015-08-03 07:56:01</PriceUpdateDate>
      <ItemCode>4014400910063</ItemCode>
      <ItemType>1</ItemType>
      <ItemName>סוכריות חמאה וורטר1</ItemName>
      <ManufacturerName>שטורק</ManufacturerName>
      <ManufactureCountry>לא ידוע</ManufactureCountry>
      <ManufacturerItemDescription>סוכריות חמאה וורטר 135 גרם</ManufacturerItemDescription>
      <UnitQty>גרמים</UnitQty>
      <Quantity>135.00</Quantity>
      <UnitOfMeasure>100 גרם</UnitOfMeasure>
      <bIsWeighted>0</bIsWeighted>
      <QtyInPackage>1</QtyInPackage>
      <ItemPrice>9.90</ItemPrice>
      <UnitOfMeasurePrice>7.3333</UnitOfMeasurePrice>
      <AllowDiscount>1</AllowDiscount>
      <ItemStatus>1</ItemStatus>
      <ItemId>67784</ItemId>
    </Item>
    <Item>
      <PriceUpdateDate>2015-10-04 10:18:53</PriceUpdateDate>
      <ItemCode>7702018010608</ItemCode>
      <ItemType>1</ItemType>
      <ItemName>ס.גילוח פרוגליד ידני</ItemName>
      <ManufacturerName>פרוקטר אנד גמבל</ManufacturerName>
      <ManufactureCountry>פולין</ManufactureCountry>
      <ManufacturerItemDescription>סכין גילוח ג"ילט פיוז"ן פרוגלי</ManufacturerItemDescription>
      <UnitQty>Unknown </UnitQty>
      <Quantity>0.00</Quantity>
      <UnitOfMeasure>Unknown </UnitOfMeasure>
      <bIsWeighted>0</bIsWeighted>
      <QtyInPackage>1</QtyInPackage>
      <ItemPrice>92.00</ItemPrice>
      <UnitOfMeasurePrice>0.0000</UnitOfMeasurePrice>
      <AllowDiscount>1</AllowDiscount>
      <ItemStatus>1</ItemStatus>
      <ItemId>77532</ItemId>
    </Item>
    <Item>
      <PriceUpdateDate>2015-10-04 10:19:19</PriceUpdateDate>
      <ItemCode>7290000052717</ItemCode>
      <ItemType>1</ItemType>
      <ItemName>קוטג 5% שום שמיר</ItemName>
      <ManufacturerName>תנובה מרכז שיתופי לש</ManufacturerName>
      <ManufactureCountry>ישראל</ManufactureCountry>
      <ManufacturerItemDescription>קוטג 5% עם שום שמיר 250 גרם</ManufacturerItemDescription>
      <UnitQty>גרמים</UnitQty>
      <Quantity>250.00</Quantity>
      <UnitOfMeasure>100 גרם</UnitOfMeasure>
      <bIsWeighted>0</bIsWeighted>
      <QtyInPackage>1</QtyInPackage>
      <ItemPrice>6.10</ItemPrice>
      <UnitOfMeasurePrice>2.4400</UnitOfMeasurePrice>
      <AllowDiscount>1</AllowDiscount>
      <ItemStatus>1</ItemStatus>
      <ItemId>86002</ItemId>
    </Item>
    <Item>
      <PriceUpdateDate>2015-01-01 00:00:00</PriceUpdateDate>
      <ItemCode>7290002421658</ItemCode>
      <ItemType>1</ItemType>
      <ItemName>גבינת צ"דר עיזים 180</ItemName>
      <ManufacturerName>מחלבת גדות</ManufacturerName>
      <ManufactureCountry>ישראל</ManufactureCountry>
      <ManufacturerItemDescription>צ"דר עיזים 180 גרם</ManufacturerItemDescription>
      <UnitQty>גרמים</UnitQty>
      <Quantity>180.00</Quantity>
      <UnitOfMeasure>100 גרם</UnitOfMeasure>
      <bIsWeighted>0</bIsWeighted>
      <QtyInPackage>1</QtyInPackage>
      <ItemPrice>32.90</ItemPrice>
      <UnitOfMeasurePrice>18.2778</UnitOfMeasurePrice>
      <AllowDiscount>1</AllowDiscount>
      <ItemStatus>1</ItemStatus>
      <ItemId>87341</ItemId>
    </Item>
    <Item>
      <PriceUpdateDate>2015-06-19 10:52:39</PriceUpdateDate>
      <ItemCode>3073780828628</ItemCode>
      <ItemType>1</ItemType>
      <ItemName>גב.בייבי בל-אדום</ItemName>
      <ManufacturerName>בייביבל</ManufacturerName>
      <ManufactureCountry>צרפת</ManufactureCountry>
      <ManufacturerItemDescription>גבינת בייבי בל-אדום 120 גרם</ManufacturerItemDescription>
      <UnitQty>גרמים</UnitQty>
      <Quantity>120.00</Quantity>
      <UnitOfMeasure>100 גרם</UnitOfMeasure>
      <bIsWeighted>0</bIsWeighted>
      <QtyInPackage>1</QtyInPackage>
      <ItemPrice>18.40</ItemPrice>
      <UnitOfMeasurePrice>15.3333</UnitOfMeasurePrice>
      <AllowDiscount>1</AllowDiscount>
      <ItemStatus>1</ItemStatus>
      <ItemId>67821</ItemId>
    </Item>
    <Item>
      <PriceUpdateDate>2015-01-01 00:00:00</PriceUpdateDate>
      <ItemCode>7290010117864</ItemCode>
      <ItemType>1</ItemType>
      <ItemName>חטיף דוריטוס חריף אש</ItemName>
      <ManufacturerName>שטראוס</ManufacturerName>
      <ManufactureCountry>ישראל</ManufactureCountry>
      <ManufacturerItemDescription>דוריטוס בטעם חריף אש70 גר</ManufacturerItemDescription>
      <UnitQty>גרמים</UnitQty>
      <Quantity>70.00</Quantity>
      <UnitOfMeasure>100 גרם</UnitOfMeasure>
      <bIsWeighted>0</bIsWeighted>
      <QtyInPackage>1</QtyInPackage>
      <ItemPrice>3.90</ItemPrice>
      <UnitOfMeasurePrice>5.5714</UnitOfMeasurePrice>
      <AllowDiscount>1</AllowDiscount>
      <ItemStatus>1</ItemStatus>
      <ItemId>93755</ItemId>
    </Item>
    <Item>
      <PriceUpdateDate>2015-01-01 00:00:00</PriceUpdateDate>
      <ItemCode>7290006785657</ItemCode>
      <ItemType>1</ItemType>
      <ItemName>שקית 20 בלונים</ItemName>
      <ManufacturerName>גמר</ManufacturerName>
      <ManufactureCountry>איטליה</ManufactureCountry>
      <ManufacturerItemDescription>בלונים 20 פסטל רחבה</ManufacturerItemDescription>
      <UnitQty>Unknown </UnitQty>
      <Quantity>0.00</Quantity>
      <UnitOfMeasure>Unknown </UnitOfMeasure>
      <bIsWeighted>0</bIsWeighted>
      <QtyInPackage>1</QtyInPackage>
      <ItemPrice>7.50</ItemPrice>
      <UnitOfMeasurePrice>0.0000</UnitOfMeasurePrice>
      <AllowDiscount>1</AllowDiscount>
      <ItemStatus>1</ItemStatus>
      <ItemId>68234</ItemId>
    </Item>
    <Item>
      <PriceUpdateDate>2016-04-20 07:33:53</PriceUpdateDate>
      <ItemCode>7290003220533</ItemCode>
      <ItemType>1</ItemType>
      <ItemName>רוטב צילי מתוק</ItemName>
      <ManufacturerName>THAI COCONUT CO</ManufacturerName>
      <ManufactureCountry>תאילנד</ManufactureCountry>
      <ManufacturerItemDescription>רוטב צילי מתוק 700 מ"ל</ManufacturerItemDescription>
      <UnitQty>מיליליטרים</UnitQty>
      <Quantity>700.00</Quantity>
      <UnitOfMeasure>100 מ"ל</UnitOfMeasure>
      <bIsWeighted>0</bIsWeighted>
      <QtyInPackage>1</QtyInPackage>
      <ItemPrice>15.80</ItemPrice>
      <UnitOfMeasurePrice>2.2571</UnitOfMeasurePrice>
      <AllowDiscount>1</AllowDiscount>
      <ItemStatus>1</ItemStatus>
      <ItemId>68447</ItemId>
    </Item>
    <Item>
      <PriceUpdateDate>2015-10-04 10:16:47</PriceUpdateDate>
      <ItemCode>7290104061219</ItemCode>
      <ItemType>1</ItemType>
      <ItemName>רבע לשבע אגוזים</ItemName>
      <ManufacturerName>שטראוס גרופ</ManufacturerName>
      <ManufactureCountry>ישראל</ManufactureCountry>
      <ManufacturerItemDescription>רבע לשבע אגוזים 120 גרם</ManufacturerItemDescription>
      <UnitQty>גרמים</UnitQty>
      <Quantity>120.00</Quantity>
      <UnitOfMeasure>100 גרם</UnitOfMeasure>
      <bIsWeighted>0</bIsWeighted>
      <QtyInPackage>1</QtyInPackage>
      <ItemPrice>13.70</ItemPrice>
      <UnitOfMeasurePrice>11.4167</UnitOfMeasurePrice>
      <AllowDiscount>1</AllowDiscount>
      <ItemStatus>1</ItemStatus>
      <ItemId>68489</ItemId>
    </Item>
    <Item>
      <PriceUpdateDate>2015-08-12 10:24:36</PriceUpdateDate>
      <ItemCode>7290104722530</ItemCode>
      <ItemType>1</ItemType>
      <ItemName>תפוציפס שמנת בצל200</ItemName>
      <ManufacturerName>שטראוס גרופ</ManufacturerName>
      <ManufactureCountry>ישראל</ManufactureCountry>
      <ManufacturerItemDescription>תפוציפס שמנת בצל 200 גרם</ManufacturerItemDescription>
      <UnitQty>גרמים</UnitQty>
      <Quantity>200.00</Quantity>
      <UnitOfMeasure>100 גרם</UnitOfMeasure>
      <bIsWeighted>0</bIsWeighted>
      <QtyInPackage>1</QtyInPackage>
      <ItemPrice>11.30</ItemPrice>
      <UnitOfMeasurePrice>5.6500</UnitOfMeasurePrice>
      <AllowDiscount>1</AllowDiscount>
      <ItemStatus>1</ItemStatus>
      <ItemId>68499</ItemId>
    </Item>
    <Item>
      <PriceUpdateDate>2015-07-26 15:04:06</PriceUpdateDate>
      <ItemCode>7290001710623</ItemCode>
      <ItemType>1</ItemType>
      <ItemName>צלי כתף חצוי מוכשר ב</ItemName>
      <ManufacturerName>מעדני הטלה והעגל</ManufacturerName>
      <ManufactureCountry>ישראל</ManufactureCountry>
      <ManufacturerItemDescription>צלי כתף חצוי מוכשר בואקום לקג</ManufacturerItemDescription>
      <UnitQty>קילוגרמים</UnitQty>
      <Quantity>1.00</Quantity>
      <UnitOfMeasure>ק"ג</UnitOfMeasure>
      <bIsWeighted>1</bIsWeighted>
      <QtyInPackage>1</QtyInPackage>
      <ItemPrice>65.90</ItemPrice>
      <UnitOfMeasurePrice>65.9000</UnitOfMeasurePrice>
      <AllowDiscount>1</AllowDiscount>
      <ItemStatus>1</ItemStatus>
      <ItemId>68562</ItemId>
    </Item>
    <Item>
      <PriceUpdateDate>2016-08-04 14:47:37</PriceUpdateDate>
      <ItemCode>7290000644783</ItemCode>
      <ItemType>1</ItemType>
      <ItemName>מנות סלמון בואק</ItemName>
      <ManufacturerName>X MAK</ManufacturerName>
      <ManufactureCountry>נורווגיה</ManufactureCountry>
      <ManufacturerItemDescription>מנות סלמון בואקום לקג</ManufacturerItemDescription>
      <UnitQty>קילוגרמים</UnitQty>
      <Quantity>1.00</Quantity>
      <UnitOfMeasure>ק"ג</UnitOfMeasure>
      <bIsWeighted>1</bIsWeighted>
      <QtyInPackage>1</QtyInPackage>
      <ItemPrice>89.70</ItemPrice>
      <UnitOfMeasurePrice>89.7000</UnitOfMeasurePrice>
      <AllowDiscount>1</AllowDiscount>
      <ItemStatus>1</ItemStatus>
      <ItemId>68594</ItemId>
    </Item>
    <Item>
      <PriceUpdateDate>2015-10-04 10:17:40</PriceUpdateDate>
      <ItemCode>7290012116025</ItemCode>
      <ItemType>1</ItemType>
      <ItemName>שמפו פיות</ItemName>
      <ManufacturerName>קוסמופארם</ManufacturerName>
      <ManufactureCountry>ישראל</ManufactureCountry>
      <ManufacturerItemDescription>כיף שמפו פיות 750 מל</ManufacturerItemDescription>
      <UnitQty>מיליליטרים</UnitQty>
      <Quantity>750.00</Quantity>
      <UnitOfMeasure>100 מ"ל</UnitOfMeasure>
      <bIsWeighted>0</bIsWeighted>
      <QtyInPackage>1</QtyInPackage>
      <ItemPrice>14.80</ItemPrice>
      <UnitOfMeasurePrice>1.9733</UnitOfMeasurePrice>
      <AllowDiscount>1</AllowDiscount>
      <ItemStatus>1</ItemStatus>
      <ItemId>68671</ItemId>
    </Item>
    <Item>
      <PriceUpdateDate>2015-10-04 10:17:40</PriceUpdateDate>
      <ItemCode>7290012116032</ItemCode>
      <ItemType>1</ItemType>
      <ItemName>מרכך פיות</ItemName>
      <ManufacturerName>קוסמופארם</ManufacturerName>
      <ManufactureCountry>ישראל</ManufactureCountry>
      <ManufacturerItemDescription>כיף מרכך פיות 750 מל</ManufacturerItemDescription>
      <UnitQty>מיליליטרים</UnitQty>
      <Quantity>750.00</Quantity>
      <UnitOfMeasure>100 מ"ל</UnitOfMeasure>
      <bIsWeighted>0</bIsWeighted>
      <QtyInPackage>1</QtyInPackage>
      <ItemPrice>14.80</ItemPrice>
      <UnitOfMeasurePrice>1.9733</UnitOfMeasurePrice>
      <AllowDiscount>1</AllowDiscount>
      <ItemStatus>1</ItemStatus>
      <ItemId>68672</ItemId>
    </Item>
    <Item>
      <PriceUpdateDate>2015-11-05 14:17:56</PriceUpdateDate>
      <ItemCode>7290100247969</ItemCode>
      <ItemType>1</ItemType>
      <ItemName>קליק כריות צוקולדה</ItemName>
      <ManufacturerName>אתר צפת חטיפים - Foo</ManufacturerName>
      <ManufactureCountry>לא ידוע</ManufactureCountry>
      <ManufacturerItemDescription>קליק כריות צוקולדה 75 גרם</ManufacturerItemDescription>
      <UnitQty>גרמים</UnitQty>
      <Quantity>75.00</Quantity>
      <UnitOfMeasure>100 גרם</UnitOfMeasure>
      <bIsWeighted>0</bIsWeighted>
      <QtyInPackage>1</QtyInPackage>
      <ItemPrice>7.30</ItemPrice>
      <UnitOfMeasurePrice>9.7333</UnitOfMeasurePrice>
      <AllowDiscount>1</AllowDiscount>
      <ItemStatus>1</ItemStatus>
      <ItemId>68682</ItemId>
    </Item>
    <Item>
      <PriceUpdateDate>2016-04-14 07:58:37</PriceUpdateDate>
      <ItemCode>42247722</ItemCode>
      <ItemType>1</ItemType>
      <ItemName>מסטיק FIVE  אסנשיאל</ItemName>
      <ManufacturerName>ריגלי</ManufacturerName>
      <ManufactureCountry>צרפת</ManufactureCountry>
      <ManufacturerItemDescription>מסטיק פייב אסנשיאל אבטיח</ManufacturerItemDescription>
      <UnitQty>גרמים</UnitQty>
      <Quantity>31.00</Quantity>
      <UnitOfMeasure>100 גרם</UnitOfMeasure>
      <bIsWeighted>0</bIsWeighted>
      <QtyInPackage>1</QtyInPackage>
      <ItemPrice>4.90</ItemPrice>
      <UnitOfMeasurePrice>15.8065</UnitOfMeasurePrice>
      <AllowDiscount>1</AllowDiscount>
      <ItemStatus>1</ItemStatus>
      <ItemId>98162</ItemId>
    </Item>
    <Item>
      <PriceUpdateDate>2016-05-02 13:50:18</PriceUpdateDate>
      <ItemCode>7290002421153</ItemCode>
      <ItemType>1</ItemType>
      <ItemName>גבינת חלומי תרשיחא 1</ItemName>
      <ManufacturerName>מחלבת גדות</ManufacturerName>
      <ManufactureCountry>ישראל</ManufactureCountry>
      <ManufacturerItemDescription>חלומי תרשיחא 180 גר</ManufacturerItemDescription>
      <UnitQty>גרמים</UnitQty>
      <Quantity>180.00</Quantity>
      <UnitOfMeasure>100 גרם</UnitOfMeasure>
      <bIsWeighted>0</bIsWeighted>
      <QtyInPackage>1</QtyInPackage>
      <ItemPrice>25.90</ItemPrice>
      <UnitOfMeasurePrice>14.3889</UnitOfMeasurePrice>
      <AllowDiscount>1</AllowDiscount>
      <ItemStatus>1</ItemStatus>
      <ItemId>87342</ItemId>
    </Item>
    <Item>
      <PriceUpdateDate>2015-10-04 10:17:56</PriceUpdateDate>
      <ItemCode>9556006060834</ItemCode>
      <ItemType>1</ItemType>
      <ItemName>שמפו לתינוק עם משאבה</ItemName>
      <ManufacturerName>גונסון</ManufacturerName>
      <ManufactureCountry>איטליה</ManufactureCountry>
      <ManufacturerItemDescription>ג"ונסונס בייבי שמפו 800 מ"ל עם</ManufacturerItemDescription>
      <UnitQty>מיליליטרים</UnitQty>
      <Quantity>800.00</Quantity>
      <UnitOfMeasure>100 מ"ל</UnitOfMeasure>
      <bIsWeighted>0</bIsWeighted>
      <QtyInPackage>1</QtyInPackage>
      <ItemPrice>31.20</ItemPrice>
      <UnitOfMeasurePrice>3.9000</UnitOfMeasurePrice>
      <AllowDiscount>1</AllowDiscount>
      <ItemStatus>1</ItemStatus>
      <ItemId>68726</ItemId>
    </Item>
    <Item>
      <PriceUpdateDate>2015-01-01 00:00:00</PriceUpdateDate>
      <ItemCode>8850389105825</ItemCode>
      <ItemType>1</ItemType>
      <ItemName>סאפה ענבים         .</ItemName>
      <ManufacturerName>SAPPE PUBLIC COMPANY</ManufacturerName>
      <ManufactureCountry>תאילנד</ManufactureCountry>
      <ManufacturerItemDescription>סאפה ענבים ליטר</ManufacturerItemDescription>
      <UnitQty>ליטרים</UnitQty>
      <Quantity>1.00</Quantity>
      <UnitOfMeasure>ליטר</UnitOfMeasure>
      <bIsWeighted>0</bIsWeighted>
      <QtyInPackage>1</QtyInPackage>
      <ItemPrice>13.90</ItemPrice>
      <UnitOfMeasurePrice>13.9000</UnitOfMeasurePrice>
      <AllowDiscount>1</AllowDiscount>
      <ItemStatus>1</ItemStatus>
      <ItemId>68786</ItemId>
    </Item>
    <Item>
      <PriceUpdateDate>2015-01-01 00:00:00</PriceUpdateDate>
      <ItemCode>7290100700372</ItemCode>
      <ItemType>1</ItemType>
      <ItemName>אורז בסמטי מלא</ItemName>
      <ManufacturerName>סוגת</ManufacturerName>
      <ManufactureCountry>לא ידוע</ManufactureCountry>
      <ManufacturerItemDescription>אורז בסמטי מלא 1 ק"ג</ManufacturerItemDescription>
      <UnitQty>קילוגרמים</UnitQty>
      <Quantity>1.00</Quantity>
      <UnitOfMeasure>ק"ג</UnitOfMeasure>
      <bIsWeighted>0</bIsWeighted>
      <QtyInPackage>1</QtyInPackage>
      <ItemPrice>16.90</ItemPrice>
      <UnitOfMeasurePrice>16.9000</UnitOfMeasurePrice>
      <AllowDiscount>1</AllowDiscount>
      <ItemStatus>1</ItemStatus>
      <ItemId>68800</ItemId>
    </Item>
    <Item>
      <PriceUpdateDate>2015-10-04 10:17:40</PriceUpdateDate>
      <ItemCode>7290013268884</ItemCode>
      <ItemType>1</ItemType>
      <ItemName>סנופרש מאסק</ItemName>
      <ManufacturerName>סנו</ManufacturerName>
      <ManufactureCountry>ישראל</ManufactureCountry>
      <ManufacturerItemDescription>ריצפז סנופרש מאסק 2 ליטר</ManufacturerItemDescription>
      <UnitQty>ליטרים</UnitQty>
      <Quantity>2.00</Quantity>
      <UnitOfMeasure>ליטר</UnitOfMeasure>
      <bIsWeighted>0</bIsWeighted>
      <QtyInPackage>1</QtyInPackage>
      <ItemPrice>19.70</ItemPrice>
      <UnitOfMeasurePrice>9.8500</UnitOfMeasurePrice>
      <AllowDiscount>1</AllowDiscount>
      <ItemStatus>1</ItemStatus>
      <ItemId>69142</ItemId>
    </Item>
    <Item>
      <PriceUpdateDate>2015-10-04 10:16:59</PriceUpdateDate>
      <ItemCode>7290100249352</ItemCode>
      <ItemType>1</ItemType>
      <ItemName>מרק קנור בטעם עוף בד</ItemName>
      <ManufacturerName>אתר חיפה אבקות - Foo</ManufacturerName>
      <ManufactureCountry>ישראל</ManufactureCountry>
      <ManufacturerItemDescription>מרק קנור בטעם עוף 400 גרם בד"ץ</ManufacturerItemDescription>
      <UnitQty>גרמים</UnitQty>
      <Quantity>400.00</Quantity>
      <UnitOfMeasure>100 גרם</UnitOfMeasure>
      <bIsWeighted>0</bIsWeighted>
      <QtyInPackage>1</QtyInPackage>
      <ItemPrice>17.50</ItemPrice>
      <UnitOfMeasurePrice>4.3750</UnitOfMeasurePrice>
      <AllowDiscount>1</AllowDiscount>
      <ItemStatus>1</ItemStatus>
      <ItemId>69239</ItemId>
    </Item>
    <Item>
      <PriceUpdateDate>2016-01-07 16:32:57</PriceUpdateDate>
      <ItemCode>7290011223205</ItemCode>
      <ItemType>1</ItemType>
      <ItemName>ריבת חלב ארגנטינאית</ItemName>
      <ManufacturerName>DULCOR</ManufacturerName>
      <ManufactureCountry>ארגנטינה</ManufactureCountry>
      <ManufacturerItemDescription>ריבת חלב ארגנטינאית</ManufacturerItemDescription>
      <UnitQty>גרמים</UnitQty>
      <Quantity>454.00</Quantity>
      <UnitOfMeasure>100 גרם</UnitOfMeasure>
      <bIsWeighted>0</bIsWeighted>
      <QtyInPackage>1</QtyInPackage>
      <ItemPrice>17.90</ItemPrice>
      <UnitOfMeasurePrice>3.9427</UnitOfMeasurePrice>
      <AllowDiscount>1</AllowDiscount>
      <ItemStatus>1</ItemStatus>
      <ItemId>69556</ItemId>
    </Item>
    <Item>
      <PriceUpdateDate>2015-01-01 00:00:00</PriceUpdateDate>
      <ItemCode>7290100247822</ItemCode>
      <ItemType>1</ItemType>
      <ItemName>מרק נמס בכוס אקסטרה</ItemName>
      <ManufacturerName>אתר חיפה אבקות - Foo</ManufacturerName>
      <ManufactureCountry>ישראל</ManufactureCountry>
      <ManufacturerItemDescription>מרק נמס בכוס אקסטרה פיטריות</ManufacturerItemDescription>
      <UnitQty>גרמים</UnitQty>
      <Quantity>32.00</Quantity>
      <UnitOfMeasure>100 גרם</UnitOfMeasure>
      <bIsWeighted>0</bIsWeighted>
      <QtyInPackage>1</QtyInPackage>
      <ItemPrice>4.90</ItemPrice>
      <UnitOfMeasurePrice>15.3125</UnitOfMeasurePrice>
      <AllowDiscount>1</AllowDiscount>
      <ItemStatus>1</ItemStatus>
      <ItemId>69570</ItemId>
    </Item>
    <Item>
      <PriceUpdateDate>2015-10-04 10:16:59</PriceUpdateDate>
      <ItemCode>7290100249475</ItemCode>
      <ItemType>1</ItemType>
      <ItemName>מרק נמס בכוס תירס בד</ItemName>
      <ManufacturerName>אתר חיפה אבקות - Foo</ManufacturerName>
      <ManufactureCountry>לא ידוע</ManufactureCountry>
      <ManufacturerItemDescription>מרק נמס בכוס תירס בד"ץ 45 גרם</ManufacturerItemDescription>
      <UnitQty>גרמים</UnitQty>
      <Quantity>45.00</Quantity>
      <UnitOfMeasure>100 גרם</UnitOfMeasure>
      <bIsWeighted>0</bIsWeighted>
      <QtyInPackage>1</QtyInPackage>
      <ItemPrice>7.30</ItemPrice>
      <UnitOfMeasurePrice>16.2222</UnitOfMeasurePrice>
      <AllowDiscount>1</AllowDiscount>
      <ItemStatus>1</ItemStatus>
      <ItemId>69574</ItemId>
    </Item>
    <Item>
      <PriceUpdateDate>2015-10-04 10:19:33</PriceUpdateDate>
      <ItemCode>7290008409407</ItemCode>
      <ItemType>1</ItemType>
      <ItemName>שניצל דק בציפוי</ItemName>
      <ManufacturerName>תנובה</ManufacturerName>
      <ManufactureCountry>ישראל</ManufactureCountry>
      <ManufacturerItemDescription>שניצל דק בציפוי ציפס 700 גר</ManufacturerItemDescription>
      <UnitQty>גרמים</UnitQty>
      <Quantity>700.00</Quantity>
      <UnitOfMeasure>100 גרם</UnitOfMeasure>
      <bIsWeighted>0</bIsWeighted>
      <QtyInPackage>1</QtyInPackage>
      <ItemPrice>42.50</ItemPrice>
      <UnitOfMeasurePrice>6.0714</UnitOfMeasurePrice>
      <AllowDiscount>1</AllowDiscount>
      <ItemStatus>1</ItemStatus>
      <ItemId>69590</ItemId>
    </Item>
    <Item>
      <PriceUpdateDate>2015-01-01 00:00:00</PriceUpdateDate>
      <ItemCode>8410376010701</ItemCode>
      <ItemType>1</ItemType>
      <ItemName>ביסקוויט מרי ללא סוכ</ItemName>
      <ManufacturerName>גולון</ManufacturerName>
      <ManufactureCountry>ספרד</ManufactureCountry>
      <ManufacturerItemDescription>ביסקוויט מרי ללא סוכר 400 גרם</ManufacturerItemDescription>
      <UnitQty>גרמים</UnitQty>
      <Quantity>400.00</Quantity>
      <UnitOfMeasure>100 גרם</UnitOfMeasure>
      <bIsWeighted>0</bIsWeighted>
      <QtyInPackage>1</QtyInPackage>
      <ItemPrice>25.00</ItemPrice>
      <UnitOfMeasurePrice>6.2500</UnitOfMeasurePrice>
      <AllowDiscount>1</AllowDiscount>
      <ItemStatus>1</ItemStatus>
      <ItemId>69591</ItemId>
    </Item>
    <Item>
      <PriceUpdateDate>2015-07-30 12:19:36</PriceUpdateDate>
      <ItemCode>7290011223045</ItemCode>
      <ItemType>1</ItemType>
      <ItemName>בישקוטים בונומי 200</ItemName>
      <ManufacturerName>Bonomi</ManufacturerName>
      <ManufactureCountry>איטליה</ManufactureCountry>
      <ManufacturerItemDescription>בישקוטים בונומי 200 גרם</ManufacturerItemDescription>
      <UnitQty>גרמים</UnitQty>
      <Quantity>200.00</Quantity>
      <UnitOfMeasure>100 גרם</UnitOfMeasure>
      <bIsWeighted>0</bIsWeighted>
      <QtyInPackage>1</QtyInPackage>
      <ItemPrice>8.90</ItemPrice>
      <UnitOfMeasurePrice>4.4500</UnitOfMeasurePrice>
      <AllowDiscount>1</AllowDiscount>
      <ItemStatus>1</ItemStatus>
      <ItemId>69607</ItemId>
    </Item>
    <Item>
      <PriceUpdateDate>2015-10-04 10:18:35</PriceUpdateDate>
      <ItemCode>7290003220502</ItemCode>
      <ItemType>1</ItemType>
      <ItemName>מי קוקוס 400 מ"ל</ItemName>
      <ManufacturerName>ASIATIC AGRO INDUSTR</ManufacturerName>
      <ManufactureCountry>תאילנד</ManufactureCountry>
      <ManufacturerItemDescription>מי קוקוס 400 מ"ל</ManufacturerItemDescription>
      <UnitQty>מיליליטרים</UnitQty>
      <Quantity>400.00</Quantity>
      <UnitOfMeasure>100 מ"ל</UnitOfMeasure>
      <bIsWeighted>0</bIsWeighted>
      <QtyInPackage>1</QtyInPackage>
      <ItemPrice>8.40</ItemPrice>
      <UnitOfMeasurePrice>2.1000</UnitOfMeasurePrice>
      <AllowDiscount>1</AllowDiscount>
      <ItemStatus>1</ItemStatus>
      <ItemId>70016</ItemId>
    </Item>
    <Item>
      <PriceUpdateDate>2015-10-04 10:20:30</PriceUpdateDate>
      <ItemCode>7290012578106</ItemCode>
      <ItemType>1</ItemType>
      <ItemName>אטבי כביסה</ItemName>
      <ManufacturerName>הנמל</ManufacturerName>
      <ManufactureCountry>סין</ManufactureCountry>
      <ManufacturerItemDescription>אטבי כביסה בציפוי גומי 12 יח</ManufacturerItemDescription>
      <UnitQty>Unknown </UnitQty>
      <Quantity>0.00</Quantity>
      <UnitOfMeasure>Unknown </UnitOfMeasure>
      <bIsWeighted>0</bIsWeighted>
      <QtyInPackage>1</QtyInPackage>
      <ItemPrice>11.90</ItemPrice>
      <UnitOfMeasurePrice>0.0000</UnitOfMeasurePrice>
      <AllowDiscount>1</AllowDiscount>
      <ItemStatus>1</ItemStatus>
      <ItemId>82291</ItemId>
    </Item>
    <Item>
      <PriceUpdateDate>2015-10-04 10:17:56</PriceUpdateDate>
      <ItemCode>7290104001390</ItemCode>
      <ItemType>1</ItemType>
      <ItemName>שקיות צלייה ענק 5 יח</ItemName>
      <ManufacturerName>ש.שסטוביץ</ManufacturerName>
      <ManufactureCountry>ישראל</ManufactureCountry>
      <ManufacturerItemDescription>שקיות צלייה ענק 5 יח מגה</ManufacturerItemDescription>
      <UnitQty>Unknown </UnitQty>
      <Quantity>0.00</Quantity>
      <UnitOfMeasure>Unknown </UnitOfMeasure>
      <bIsWeighted>0</bIsWeighted>
      <QtyInPackage>1</QtyInPackage>
      <ItemPrice>10.10</ItemPrice>
      <UnitOfMeasurePrice>0.0000</UnitOfMeasurePrice>
      <AllowDiscount>1</AllowDiscount>
      <ItemStatus>1</ItemStatus>
      <ItemId>70417</ItemId>
    </Item>
    <Item>
      <PriceUpdateDate>2016-03-23 07:30:23</PriceUpdateDate>
      <ItemCode>7290000644684</ItemCode>
      <ItemType>1</ItemType>
      <ItemName>פילה אמנון בואקום5-</ItemName>
      <ManufacturerName>היינן יאדסקין פודסטא</ManufacturerName>
      <ManufactureCountry>סין</ManufactureCountry>
      <ManufacturerItemDescription>פילה אמנון בואקום 5-7 לק"ג</ManufacturerItemDescription>
      <UnitQty>קילוגרמים</UnitQty>
      <Quantity>1.00</Quantity>
      <UnitOfMeasure>ק"ג</UnitOfMeasure>
      <bIsWeighted>1</bIsWeighted>
      <QtyInPackage>לא ידוע</QtyInPackage>
      <ItemPrice>59.30</ItemPrice>
      <UnitOfMeasurePrice>59.3000</UnitOfMeasurePrice>
      <AllowDiscount>1</AllowDiscount>
      <ItemStatus>1</ItemStatus>
      <ItemId>70529</ItemId>
    </Item>
    <Item>
      <PriceUpdateDate>2015-11-05 14:17:23</PriceUpdateDate>
      <ItemCode>8690777221405</ItemCode>
      <ItemType>1</ItemType>
      <ItemName>פלפל אדום קלוי על הא</ItemName>
      <ManufacturerName>קורהאן פזרלמה</ManufacturerName>
      <ManufactureCountry>טורקיה</ManufactureCountry>
      <ManufacturerItemDescription>פלפל אדום קלוי על האש 650 גרם</ManufacturerItemDescription>
      <UnitQty>גרמים</UnitQty>
      <Quantity>650.00</Quantity>
      <UnitOfMeasure>100 גרם</UnitOfMeasure>
      <bIsWeighted>0</bIsWeighted>
      <QtyInPackage>1</QtyInPackage>
      <ItemPrice>15.30</ItemPrice>
      <UnitOfMeasurePrice>2.3538</UnitOfMeasurePrice>
      <AllowDiscount>1</AllowDiscount>
      <ItemStatus>1</ItemStatus>
      <ItemId>70860</ItemId>
    </Item>
    <Item>
      <PriceUpdateDate>2016-08-25 12:34:49</PriceUpdateDate>
      <ItemCode>9757</ItemCode>
      <ItemType>0</ItemType>
      <ItemName>שזיף צהוב</ItemName>
      <ManufacturerName>חקלאי</ManufacturerName>
      <ManufactureCountry>ישראל</ManufactureCountry>
      <ManufacturerItemDescription>שזיף צהוב</ManufacturerItemDescription>
      <UnitQty>קילוגרמים</UnitQty>
      <Quantity>1.00</Quantity>
      <UnitOfMeasure>ק"ג</UnitOfMeasure>
      <bIsWeighted>1</bIsWeighted>
      <QtyInPackage>לא ידוע</QtyInPackage>
      <ItemPrice>15.90</ItemPrice>
      <UnitOfMeasurePrice>15.9000</UnitOfMeasurePrice>
      <AllowDiscount>1</AllowDiscount>
      <ItemStatus>1</ItemStatus>
      <ItemId>82569</ItemId>
    </Item>
    <Item>
      <PriceUpdateDate>2015-10-04 10:17:38</PriceUpdateDate>
      <ItemCode>7290011877101</ItemCode>
      <ItemType>1</ItemType>
      <ItemName>מ.אויר סנו מוד MUSK</ItemName>
      <ManufacturerName>סנו</ManufacturerName>
      <ManufactureCountry>ישראל</ManufactureCountry>
      <ManufacturerItemDescription>מ.אויר סנו מוד MUSK מל             150</ManufacturerItemDescription>
      <UnitQty>מיליליטרים</UnitQty>
      <Quantity>150.00</Quantity>
      <UnitOfMeasure>100 מ"ל</UnitOfMeasure>
      <bIsWeighted>0</bIsWeighted>
      <QtyInPackage>1</QtyInPackage>
      <ItemPrice>12.80</ItemPrice>
      <UnitOfMeasurePrice>8.5333</UnitOfMeasurePrice>
      <AllowDiscount>1</AllowDiscount>
      <ItemStatus>1</ItemStatus>
      <ItemId>71105</ItemId>
    </Item>
    <Item>
      <PriceUpdateDate>2015-01-01 00:00:00</PriceUpdateDate>
      <ItemCode>7290011810252</ItemCode>
      <ItemType>1</ItemType>
      <ItemName>חציל במיונז ביתי</ItemName>
      <ManufacturerName>סלטי שמיר</ManufacturerName>
      <ManufactureCountry>ישראל</ManufactureCountry>
      <ManufacturerItemDescription>חציל במיונז ביתי 250 גר</ManufacturerItemDescription>
      <UnitQty>גרמים</UnitQty>
      <Quantity>250.00</Quantity>
      <UnitOfMeasure>100 גרם</UnitOfMeasure>
      <bIsWeighted>0</bIsWeighted>
      <QtyInPackage>1</QtyInPackage>
      <ItemPrice>10.50</ItemPrice>
      <UnitOfMeasurePrice>4.2000</UnitOfMeasurePrice>
      <AllowDiscount>1</AllowDiscount>
      <ItemStatus>1</ItemStatus>
      <ItemId>71111</ItemId>
    </Item>
    <Item>
      <PriceUpdateDate>2015-10-04 10:16:47</PriceUpdateDate>
      <ItemCode>7290105364883</ItemCode>
      <ItemType>1</ItemType>
      <ItemName>מעדן ביסקויט שוקולד</ItemName>
      <ManufacturerName>שטראוס גרופ</ManufacturerName>
      <ManufactureCountry>ישראל</ManufactureCountry>
      <ManufacturerItemDescription>מעדן ביסקויט שוקולד לבן</ManufacturerItemDescription>
      <UnitQty>גרמים</UnitQty>
      <Quantity>200.00</Quantity>
      <UnitOfMeasure>100 גרם</UnitOfMeasure>
      <bIsWeighted>0</bIsWeighted>
      <QtyInPackage>1</QtyInPackage>
      <ItemPrice>15.20</ItemPrice>
      <UnitOfMeasurePrice>7.6000</UnitOfMeasurePrice>
      <AllowDiscount>1</AllowDiscount>
      <ItemStatus>1</ItemStatus>
      <ItemId>81670</ItemId>
    </Item>
    <Item>
      <PriceUpdateDate>2015-08-03 07:56:01</PriceUpdateDate>
      <ItemCode>4014400914696</ItemCode>
      <ItemType>1</ItemType>
      <ItemName>סוכריות חמאה וורטר ל</ItemName>
      <ManufacturerName>שטורק</ManufacturerName>
      <ManufactureCountry>לא ידוע</ManufactureCountry>
      <ManufacturerItemDescription>סוכריות חמאה וורטר ללא סוכר          80</ManufacturerItemDescription>
      <UnitQty>גרמים</UnitQty>
      <Quantity>80.00</Quantity>
      <UnitOfMeasure>100 גרם</UnitOfMeasure>
      <bIsWeighted>0</bIsWeighted>
      <QtyInPackage>1</QtyInPackage>
      <ItemPrice>9.90</ItemPrice>
      <UnitOfMeasurePrice>12.3750</UnitOfMeasurePrice>
      <AllowDiscount>1</AllowDiscount>
      <ItemStatus>1</ItemStatus>
      <ItemId>71136</ItemId>
    </Item>
    <Item>
      <PriceUpdateDate>2015-10-04 10:17:38</PriceUpdateDate>
      <ItemCode>7290011765453</ItemCode>
      <ItemType>1</ItemType>
      <ItemName>מברשת שיניים אורביטו</ItemName>
      <ManufacturerName>z.h. plastic</ManufacturerName>
      <ManufactureCountry>סין</ManufactureCountry>
      <ManufacturerItemDescription>מברשת שיניים אורביטול בוב ספוג</ManufacturerItemDescription>
      <UnitQty>Unknown </UnitQty>
      <Quantity>0.00</Quantity>
      <UnitOfMeasure>Unknown </UnitOfMeasure>
      <bIsWeighted>0</bIsWeighted>
      <QtyInPackage>1</QtyInPackage>
      <ItemPrice>18.30</ItemPrice>
      <UnitOfMeasurePrice>0.0000</UnitOfMeasurePrice>
      <AllowDiscount>1</AllowDiscount>
      <ItemStatus>1</ItemStatus>
      <ItemId>71192</ItemId>
    </Item>
    <Item>
      <PriceUpdateDate>2015-08-03 07:56:02</PriceUpdateDate>
      <ItemCode>8850632605201</ItemCode>
      <ItemType>1</ItemType>
      <ItemName>יוגטה חיספוסים בטעם</ItemName>
      <ManufacturerName>סאאדת</ManufacturerName>
      <ManufactureCountry>לא ידוע</ManufactureCountry>
      <ManufacturerItemDescription>יוגטה חיספוסים בטעם מעורב תות</ManufacturerItemDescription>
      <UnitQty>גרמים</UnitQty>
      <Quantity>50.00</Quantity>
      <UnitOfMeasure>100 גרם</UnitOfMeasure>
      <bIsWeighted>0</bIsWeighted>
      <QtyInPackage>1</QtyInPackage>
      <ItemPrice>4.90</ItemPrice>
      <UnitOfMeasurePrice>9.8000</UnitOfMeasurePrice>
      <AllowDiscount>1</AllowDiscount>
      <ItemStatus>1</ItemStatus>
      <ItemId>71243</ItemId>
    </Item>
    <Item>
      <PriceUpdateDate>2015-01-01 00:00:00</PriceUpdateDate>
      <ItemCode>8850389105832</ItemCode>
      <ItemType>1</ItemType>
      <ItemName>משקה סאפה אלוורה תפו</ItemName>
      <ManufacturerName>SAPPE PUBLIC COMPANY</ManufacturerName>
      <ManufactureCountry>לא ידוע</ManufactureCountry>
      <ManufacturerItemDescription>סאפה תפוח ליטר</ManufacturerItemDescription>
      <UnitQty>ליטרים</UnitQty>
      <Quantity>1.00</Quantity>
      <UnitOfMeasure>ליטר</UnitOfMeasure>
      <bIsWeighted>0</bIsWeighted>
      <QtyInPackage>1</QtyInPackage>
      <ItemPrice>13.90</ItemPrice>
      <UnitOfMeasurePrice>13.9000</UnitOfMeasurePrice>
      <AllowDiscount>1</AllowDiscount>
      <ItemStatus>1</ItemStatus>
      <ItemId>71432</ItemId>
    </Item>
    <Item>
      <PriceUpdateDate>2015-10-04 10:18:28</PriceUpdateDate>
      <ItemCode>7290000188553</ItemCode>
      <ItemType>1</ItemType>
      <ItemName>מגן תחתון סילק נורמל</ItemName>
      <ManufacturerName>KC China</ManufacturerName>
      <ManufactureCountry>סין</ManufactureCountry>
      <ManufacturerItemDescription>קוטקס מגן תחתון סילק נורמל           60</ManufacturerItemDescription>
      <UnitQty>Unknown </UnitQty>
      <Quantity>0.00</Quantity>
      <UnitOfMeasure>Unknown </UnitOfMeasure>
      <bIsWeighted>0</bIsWeighted>
      <QtyInPackage>1</QtyInPackage>
      <ItemPrice>22.70</ItemPrice>
      <UnitOfMeasurePrice>0.0000</UnitOfMeasurePrice>
      <AllowDiscount>1</AllowDiscount>
      <ItemStatus>1</ItemStatus>
      <ItemId>71667</ItemId>
    </Item>
    <Item>
      <PriceUpdateDate>2015-01-01 00:00:00</PriceUpdateDate>
      <ItemCode>7290013027399</ItemCode>
      <ItemType>1</ItemType>
      <ItemName>לחם100%קמח מלא שיפון</ItemName>
      <ManufacturerName>מאפיית אנג'ל</ManufacturerName>
      <ManufactureCountry>ישראל</ManufactureCountry>
      <ManufacturerItemDescription>לחם 100% קמח מלא קל בתוספת שיפ</ManufacturerItemDescription>
      <UnitQty>גרמים</UnitQty>
      <Quantity>750.00</Quantity>
      <UnitOfMeasure>100 גרם</UnitOfMeasure>
      <bIsWeighted>0</bIsWeighted>
      <QtyInPackage>1</QtyInPackage>
      <ItemPrice>14.40</ItemPrice>
      <UnitOfMeasurePrice>1.9200</UnitOfMeasurePrice>
      <AllowDiscount>1</AllowDiscount>
      <ItemStatus>1</ItemStatus>
      <ItemId>71693</ItemId>
    </Item>
    <Item>
      <PriceUpdateDate>2015-07-30 12:19:35</PriceUpdateDate>
      <ItemCode>7290011223038</ItemCode>
      <ItemType>1</ItemType>
      <ItemName>עלים לקרמשניט בונומי</ItemName>
      <ManufacturerName>Bonomi</ManufacturerName>
      <ManufactureCountry>איטליה</ManufactureCountry>
      <ManufacturerItemDescription>עלים לקרמשניט בונומי 300 גר</ManufacturerItemDescription>
      <UnitQty>גרמים</UnitQty>
      <Quantity>300.00</Quantity>
      <UnitOfMeasure>100 גרם</UnitOfMeasure>
      <bIsWeighted>0</bIsWeighted>
      <QtyInPackage>1</QtyInPackage>
      <ItemPrice>16.90</ItemPrice>
      <UnitOfMeasurePrice>5.6333</UnitOfMeasurePrice>
      <AllowDiscount>1</AllowDiscount>
      <ItemStatus>1</ItemStatus>
      <ItemId>71844</ItemId>
    </Item>
    <Item>
      <PriceUpdateDate>2015-10-04 10:17:56</PriceUpdateDate>
      <ItemCode>7290103126797</ItemCode>
      <ItemType>1</ItemType>
      <ItemName>מש.שיניים פרו רליף</ItemName>
      <ManufacturerName>COLGATE ($) -PALMOLI</ManufacturerName>
      <ManufactureCountry>ברזיל</ManufactureCountry>
      <ManufacturerItemDescription>קולגייט סנסיטיב פרו רליף</ManufacturerItemDescription>
      <UnitQty>מיליליטרים</UnitQty>
      <Quantity>75.00</Quantity>
      <UnitOfMeasure>100 מ"ל</UnitOfMeasure>
      <bIsWeighted>0</bIsWeighted>
      <QtyInPackage>1</QtyInPackage>
      <ItemPrice>26.60</ItemPrice>
      <UnitOfMeasurePrice>35.4667</UnitOfMeasurePrice>
      <AllowDiscount>1</AllowDiscount>
      <ItemStatus>1</ItemStatus>
      <ItemId>72057</ItemId>
    </Item>
    <Item>
      <PriceUpdateDate>2015-11-12 10:52:10</PriceUpdateDate>
      <ItemCode>7290100701454</ItemCode>
      <ItemType>1</ItemType>
      <ItemName>גרישה</ItemName>
      <ManufacturerName>סוגת</ManufacturerName>
      <ManufactureCountry>לא ידוע</ManufactureCountry>
      <ManufacturerItemDescription>גרישה 500 גרם</ManufacturerItemDescription>
      <UnitQty>גרמים</UnitQty>
      <Quantity>500.00</Quantity>
      <UnitOfMeasure>100 גרם</UnitOfMeasure>
      <bIsWeighted>0</bIsWeighted>
      <QtyInPackage>1</QtyInPackage>
      <ItemPrice>5.90</ItemPrice>
      <UnitOfMeasurePrice>1.1800</UnitOfMeasurePrice>
      <AllowDiscount>1</AllowDiscount>
      <ItemStatus>1</ItemStatus>
      <ItemId>72204</ItemId>
    </Item>
    <Item>
      <PriceUpdateDate>2015-12-30 08:02:58</PriceUpdateDate>
      <ItemCode>7290002881308</ItemCode>
      <ItemType>1</ItemType>
      <ItemName>משמש חצאים 850 גרם</ItemName>
      <ManufacturerName>דאנגצנג גואנהונג</ManufacturerName>
      <ManufactureCountry>סין</ManufactureCountry>
      <ManufacturerItemDescription>משמש חצאים 850 גרם</ManufacturerItemDescription>
      <UnitQty>גרמים</UnitQty>
      <Quantity>850.00</Quantity>
      <UnitOfMeasure>100 גרם</UnitOfMeasure>
      <bIsWeighted>0</bIsWeighted>
      <QtyInPackage>1</QtyInPackage>
      <ItemPrice>10.90</ItemPrice>
      <UnitOfMeasurePrice>1.2824</UnitOfMeasurePrice>
      <AllowDiscount>1</AllowDiscount>
      <ItemStatus>1</ItemStatus>
      <ItemId>72510</ItemId>
    </Item>
    <Item>
      <PriceUpdateDate>2015-10-04 10:16:47</PriceUpdateDate>
      <ItemCode>7290012697371</ItemCode>
      <ItemType>1</ItemType>
      <ItemName>טבליות סוכרלייט</ItemName>
      <ManufacturerName>סוכרזית בע"מ</ManufacturerName>
      <ManufactureCountry>ישראל</ManufactureCountry>
      <ManufacturerItemDescription>טבליות סוכרלייט 56 גר 150 טבלי</ManufacturerItemDescription>
      <UnitQty>גרמים</UnitQty>
      <Quantity>56.00</Quantity>
      <UnitOfMeasure>100 גרם</UnitOfMeasure>
      <bIsWeighted>0</bIsWeighted>
      <QtyInPackage>1</QtyInPackage>
      <ItemPrice>22.00</ItemPrice>
      <UnitOfMeasurePrice>39.2857</UnitOfMeasurePrice>
      <AllowDiscount>1</AllowDiscount>
      <ItemStatus>1</ItemStatus>
      <ItemId>72877</ItemId>
    </Item>
    <Item>
      <PriceUpdateDate>2015-01-01 00:00:00</PriceUpdateDate>
      <ItemCode>7290106577480</ItemCode>
      <ItemType>1</ItemType>
      <ItemName>חציל על האש בטחינה</ItemName>
      <ManufacturerName>אסם</ManufacturerName>
      <ManufactureCountry>ישראל</ManufactureCountry>
      <ManufacturerItemDescription>חציל על האש בטחינה 400 גר</ManufacturerItemDescription>
      <UnitQty>גרמים</UnitQty>
      <Quantity>400.00</Quantity>
      <UnitOfMeasure>100 גרם</UnitOfMeasure>
      <bIsWeighted>0</bIsWeighted>
      <QtyInPackage>1</QtyInPackage>
      <ItemPrice>15.90</ItemPrice>
      <UnitOfMeasurePrice>3.9750</UnitOfMeasurePrice>
      <AllowDiscount>1</AllowDiscount>
      <ItemStatus>1</ItemStatus>
      <ItemId>92592</ItemId>
    </Item>
    <Item>
      <PriceUpdateDate>2015-01-01 00:00:00</PriceUpdateDate>
      <ItemCode>7290106577503</ItemCode>
      <ItemType>1</ItemType>
      <ItemName>חציל במיונז 400 גר</ItemName>
      <ManufacturerName>אסם</ManufacturerName>
      <ManufactureCountry>ישראל</ManufactureCountry>
      <ManufacturerItemDescription>חציל במיונז 400 גרם</ManufacturerItemDescription>
      <UnitQty>גרמים</UnitQty>
      <Quantity>400.00</Quantity>
      <UnitOfMeasure>100 גרם</UnitOfMeasure>
      <bIsWeighted>0</bIsWeighted>
      <QtyInPackage>1</QtyInPackage>
      <ItemPrice>12.90</ItemPrice>
      <UnitOfMeasurePrice>3.2250</UnitOfMeasurePrice>
      <AllowDiscount>1</AllowDiscount>
      <ItemStatus>1</ItemStatus>
      <ItemId>92593</ItemId>
    </Item>
    <Item>
      <PriceUpdateDate>2015-10-04 10:17:40</PriceUpdateDate>
      <ItemCode>7290013268891</ItemCode>
      <ItemType>1</ItemType>
      <ItemName>סנו אוקסיג"ן ג"ל 3 ל</ItemName>
      <ManufacturerName>סנו</ManufacturerName>
      <ManufactureCountry>ישראל</ManufactureCountry>
      <ManufacturerItemDescription>סנו אוקסיגן גל 3 ליטר</ManufacturerItemDescription>
      <UnitQty>ליטרים</UnitQty>
      <Quantity>3.00</Quantity>
      <UnitOfMeasure>ליטר</UnitOfMeasure>
      <bIsWeighted>0</bIsWeighted>
      <QtyInPackage>1</QtyInPackage>
      <ItemPrice>34.60</ItemPrice>
      <UnitOfMeasurePrice>11.5333</UnitOfMeasurePrice>
      <AllowDiscount>1</AllowDiscount>
      <ItemStatus>1</ItemStatus>
      <ItemId>73037</ItemId>
    </Item>
    <Item>
      <PriceUpdateDate>2015-08-12 10:24:47</PriceUpdateDate>
      <ItemCode>7290106577527</ItemCode>
      <ItemType>1</ItemType>
      <ItemName>קולסלו 400 גרם</ItemName>
      <ManufacturerName>אסם</ManufacturerName>
      <ManufactureCountry>ישראל</ManufactureCountry>
      <ManufacturerItemDescription>קולסלו 400 גרם</ManufacturerItemDescription>
      <UnitQty>גרמים</UnitQty>
      <Quantity>400.00</Quantity>
      <UnitOfMeasure>100 גרם</UnitOfMeasure>
      <bIsWeighted>0</bIsWeighted>
      <QtyInPackage>1</QtyInPackage>
      <ItemPrice>13.30</ItemPrice>
      <UnitOfMeasurePrice>3.3250</UnitOfMeasurePrice>
      <AllowDiscount>1</AllowDiscount>
      <ItemStatus>1</ItemStatus>
      <ItemId>92594</ItemId>
    </Item>
    <Item>
      <PriceUpdateDate>2015-10-04 10:17:13</PriceUpdateDate>
      <ItemCode>7290013170583</ItemCode>
      <ItemType>1</ItemType>
      <ItemName>פירורית כשר לפסח</ItemName>
      <ManufacturerName>אסם</ManufacturerName>
      <ManufactureCountry>לא ידוע</ManufactureCountry>
      <ManufacturerItemDescription>פירורית כשר לפסח 350 גרם</ManufacturerItemDescription>
      <UnitQty>גרמים</UnitQty>
      <Quantity>350.00</Quantity>
      <UnitOfMeasure>100 גרם</UnitOfMeasure>
      <bIsWeighted>0</bIsWeighted>
      <QtyInPackage>1</QtyInPackage>
      <ItemPrice>11.80</ItemPrice>
      <UnitOfMeasurePrice>3.3714</UnitOfMeasurePrice>
      <AllowDiscount>1</AllowDiscount>
      <ItemStatus>1</ItemStatus>
      <ItemId>73066</ItemId>
    </Item>
    <Item>
      <PriceUpdateDate>2015-01-01 00:00:00</PriceUpdateDate>
      <ItemCode>4043041008686</ItemCode>
      <ItemType>1</ItemType>
      <ItemName>סוכריות אורביט דרופס</ItemName>
      <ManufacturerName>ריגלי</ManufacturerName>
      <ManufactureCountry>צ'כיה</ManufactureCountry>
      <ManufacturerItemDescription>סוכריות אורביט דרופס טעם לימון</ManufacturerItemDescription>
      <UnitQty>Unknown </UnitQty>
      <Quantity>0.00</Quantity>
      <UnitOfMeasure>Unknown </UnitOfMeasure>
      <bIsWeighted>0</bIsWeighted>
      <QtyInPackage>1</QtyInPackage>
      <ItemPrice>6.00</ItemPrice>
      <UnitOfMeasurePrice>0.0000</UnitOfMeasurePrice>
      <AllowDiscount>1</AllowDiscount>
      <ItemStatus>1</ItemStatus>
      <ItemId>82836</ItemId>
    </Item>
    <Item>
      <PriceUpdateDate>2015-12-30 08:01:38</PriceUpdateDate>
      <ItemCode>7290000023083</ItemCode>
      <ItemType>1</ItemType>
      <ItemName>ערק אשקלון 700 40% מ</ItemName>
      <ManufacturerName>ברקן סגל</ManufacturerName>
      <ManufactureCountry>לא ידוע</ManufactureCountry>
      <ManufacturerItemDescription>עראק אשקלון 700 40% מל</ManufacturerItemDescription>
      <UnitQty>מיליליטרים</UnitQty>
      <Quantity>700.00</Quantity>
      <UnitOfMeasure>100 מ"ל</UnitOfMeasure>
      <bIsWeighted>0</bIsWeighted>
      <QtyInPackage>1</QtyInPackage>
      <ItemPrice>87.40</ItemPrice>
      <UnitOfMeasurePrice>12.4857</UnitOfMeasurePrice>
      <AllowDiscount>1</AllowDiscount>
      <ItemStatus>1</ItemStatus>
      <ItemId>99595</ItemId>
    </Item>
    <Item>
      <PriceUpdateDate>2016-03-07 07:34:54</PriceUpdateDate>
      <ItemCode>5413121359769</ItemCode>
      <ItemType>1</ItemType>
      <ItemName>בונבונירה צדפי שוקול</ItemName>
      <ManufacturerName>בי.סי.ג'י</ManufacturerName>
      <ManufactureCountry>בלגיה</ManufactureCountry>
      <ManufacturerItemDescription>בונבונירה צדפי שוקולד 195 גרם</ManufacturerItemDescription>
      <UnitQty>גרמים</UnitQty>
      <Quantity>195.00</Quantity>
      <UnitOfMeasure>100 גרם</UnitOfMeasure>
      <bIsWeighted>0</bIsWeighted>
      <QtyInPackage>1</QtyInPackage>
      <ItemPrice>13.90</ItemPrice>
      <UnitOfMeasurePrice>7.1282</UnitOfMeasurePrice>
      <AllowDiscount>1</AllowDiscount>
      <ItemStatus>1</ItemStatus>
      <ItemId>73260</ItemId>
    </Item>
    <Item>
      <PriceUpdateDate>2015-07-26 09:39:41</PriceUpdateDate>
      <ItemCode>7290000040974</ItemCode>
      <ItemType>1</ItemType>
      <ItemName>חלב דל לקטוז</ItemName>
      <ManufacturerName>תנובה מרכז שיתופי לש</ManufacturerName>
      <ManufactureCountry>ישראל</ManufactureCountry>
      <ManufacturerItemDescription>חלב דל לקטוז 1 ל</ManufacturerItemDescription>
      <UnitQty>ליטרים</UnitQty>
      <Quantity>1.00</Quantity>
      <UnitOfMeasure>ליטר</UnitOfMeasure>
      <bIsWeighted>0</bIsWeighted>
      <QtyInPackage>1</QtyInPackage>
      <ItemPrice>7.10</ItemPrice>
      <UnitOfMeasurePrice>7.1000</UnitOfMeasurePrice>
      <AllowDiscount>1</AllowDiscount>
      <ItemStatus>1</ItemStatus>
      <ItemId>73275</ItemId>
    </Item>
    <Item>
      <PriceUpdateDate>2015-01-01 00:00:00</PriceUpdateDate>
      <ItemCode>7290014960114</ItemCode>
      <ItemType>1</ItemType>
      <ItemName>עוגיות גבינה וזיתים</ItemName>
      <ManufacturerName>לחם יין</ManufacturerName>
      <ManufactureCountry>ישראל</ManufactureCountry>
      <ManufacturerItemDescription>עוגיות גבינה וזיתים 190 גרם</ManufacturerItemDescription>
      <UnitQty>גרמים</UnitQty>
      <Quantity>190.00</Quantity>
      <UnitOfMeasure>100 גרם</UnitOfMeasure>
      <bIsWeighted>0</bIsWeighted>
      <QtyInPackage>1</QtyInPackage>
      <ItemPrice>19.90</ItemPrice>
      <UnitOfMeasurePrice>10.4737</UnitOfMeasurePrice>
      <AllowDiscount>1</AllowDiscount>
      <ItemStatus>1</ItemStatus>
      <ItemId>98788</ItemId>
    </Item>
    <Item>
      <PriceUpdateDate>2015-10-04 10:19:19</PriceUpdateDate>
      <ItemCode>7290000054995</ItemCode>
      <ItemType>1</ItemType>
      <ItemName>יוגורט עיזים פיראוס</ItemName>
      <ManufacturerName>תנובה מרכז שיתופי לש</ManufacturerName>
      <ManufactureCountry>ישראל</ManufactureCountry>
      <ManufacturerItemDescription>יוגורט עיזים פיראוס 500 ל</ManufacturerItemDescription>
      <UnitQty>מיליליטרים</UnitQty>
      <Quantity>500.00</Quantity>
      <UnitOfMeasure>100 מ"ל</UnitOfMeasure>
      <bIsWeighted>0</bIsWeighted>
      <QtyInPackage>1</QtyInPackage>
      <ItemPrice>12.20</ItemPrice>
      <UnitOfMeasurePrice>2.4400</UnitOfMeasurePrice>
      <AllowDiscount>1</AllowDiscount>
      <ItemStatus>1</ItemStatus>
      <ItemId>73310</ItemId>
    </Item>
    <Item>
      <PriceUpdateDate>2015-10-04 10:18:48</PriceUpdateDate>
      <ItemCode>7290100230145</ItemCode>
      <ItemType>1</ItemType>
      <ItemName>חלה מתוקה</ItemName>
      <ManufacturerName>בונזור</ManufacturerName>
      <ManufactureCountry>ישראל</ManufactureCountry>
      <ManufacturerItemDescription>חלה מתוקה חצי אפויה</ManufacturerItemDescription>
      <UnitQty>Unknown </UnitQty>
      <Quantity>0.00</Quantity>
      <UnitOfMeasure>Unknown </UnitOfMeasure>
      <bIsWeighted>0</bIsWeighted>
      <QtyInPackage>1</QtyInPackage>
      <ItemPrice>9.90</ItemPrice>
      <UnitOfMeasurePrice>0.0000</UnitOfMeasurePrice>
      <AllowDiscount>1</AllowDiscount>
      <ItemStatus>1</ItemStatus>
      <ItemId>73517</ItemId>
    </Item>
    <Item>
      <PriceUpdateDate>2015-10-04 10:19:19</PriceUpdateDate>
      <ItemCode>7290000055015</ItemCode>
      <ItemType>1</ItemType>
      <ItemName>גבינה פטה כבשים 5% פ</ItemName>
      <ManufacturerName>תנובה מרכז שיתופי לש</ManufacturerName>
      <ManufactureCountry>ישראל</ManufactureCountry>
      <ManufacturerItemDescription>גבינה פטה כבשים 5% פיראוס           250</ManufacturerItemDescription>
      <UnitQty>גרמים</UnitQty>
      <Quantity>250.00</Quantity>
      <UnitOfMeasure>100 גרם</UnitOfMeasure>
      <bIsWeighted>0</bIsWeighted>
      <QtyInPackage>1</QtyInPackage>
      <ItemPrice>26.60</ItemPrice>
      <UnitOfMeasurePrice>10.6400</UnitOfMeasurePrice>
      <AllowDiscount>1</AllowDiscount>
      <ItemStatus>1</ItemStatus>
      <ItemId>73605</ItemId>
    </Item>
    <Item>
      <PriceUpdateDate>2015-01-01 00:00:00</PriceUpdateDate>
      <ItemCode>7290013267313</ItemCode>
      <ItemType>1</ItemType>
      <ItemName>שלגון לימונענע</ItemName>
      <ManufacturerName>גלידת שטראוס בע"מ</ManufacturerName>
      <ManufactureCountry>ישראל</ManufactureCountry>
      <ManufacturerItemDescription>שלגון לימונענע</ManufacturerItemDescription>
      <UnitQty>גרמים</UnitQty>
      <Quantity>83.00</Quantity>
      <UnitOfMeasure>100 גרם</UnitOfMeasure>
      <bIsWeighted>0</bIsWeighted>
      <QtyInPackage>1</QtyInPackage>
      <ItemPrice>3.50</ItemPrice>
      <UnitOfMeasurePrice>4.2169</UnitOfMeasurePrice>
      <AllowDiscount>1</AllowDiscount>
      <ItemStatus>1</ItemStatus>
      <ItemId>73765</ItemId>
    </Item>
    <Item>
      <PriceUpdateDate>2015-10-04 10:18:31</PriceUpdateDate>
      <ItemCode>7290014472822</ItemCode>
      <ItemType>1</ItemType>
      <ItemName>גרעין אבטיח 200 גרם</ItemName>
      <ManufacturerName>דין שיווק וקליה בע"מ</ManufacturerName>
      <ManufactureCountry>ישראל</ManufactureCountry>
      <ManufacturerItemDescription>גרעין אבטיח 200 גרם</ManufacturerItemDescription>
      <UnitQty>גרמים</UnitQty>
      <Quantity>200.00</Quantity>
      <UnitOfMeasure>100 גרם</UnitOfMeasure>
      <bIsWeighted>0</bIsWeighted>
      <QtyInPackage>1</QtyInPackage>
      <ItemPrice>14.80</ItemPrice>
      <UnitOfMeasurePrice>7.4000</UnitOfMeasurePrice>
      <AllowDiscount>1</AllowDiscount>
      <ItemStatus>1</ItemStatus>
      <ItemId>95449</ItemId>
    </Item>
    <Item>
      <PriceUpdateDate>2015-10-04 10:18:16</PriceUpdateDate>
      <ItemCode>7290102393848</ItemCode>
      <ItemType>1</ItemType>
      <ItemName>יוגורט עיזים תות</ItemName>
      <ManufacturerName>מחלבת משק צוריאל</ManufacturerName>
      <ManufactureCountry>ישראל</ManufactureCountry>
      <ManufacturerItemDescription>יוגורט עיזים תות 150 גר</ManufacturerItemDescription>
      <UnitQty>גרמים</UnitQty>
      <Quantity>150.00</Quantity>
      <UnitOfMeasure>100 גרם</UnitOfMeasure>
      <bIsWeighted>0</bIsWeighted>
      <QtyInPackage>1</QtyInPackage>
      <ItemPrice>6.20</ItemPrice>
      <UnitOfMeasurePrice>4.1333</UnitOfMeasurePrice>
      <AllowDiscount>1</AllowDiscount>
      <ItemStatus>1</ItemStatus>
      <ItemId>73840</ItemId>
    </Item>
    <Item>
      <PriceUpdateDate>2015-10-04 10:18:16</PriceUpdateDate>
      <ItemCode>7290102393855</ItemCode>
      <ItemType>1</ItemType>
      <ItemName>יוגורט עיזים אפרסק</ItemName>
      <ManufacturerName>מחלבת משק צוריאל</ManufacturerName>
      <ManufactureCountry>ישראל</ManufactureCountry>
      <ManufacturerItemDescription>יוגורט עיזים אפרסק 150 גר</ManufacturerItemDescription>
      <UnitQty>גרמים</UnitQty>
      <Quantity>150.00</Quantity>
      <UnitOfMeasure>100 גרם</UnitOfMeasure>
      <bIsWeighted>0</bIsWeighted>
      <QtyInPackage>1</QtyInPackage>
      <ItemPrice>6.20</ItemPrice>
      <UnitOfMeasurePrice>4.1333</UnitOfMeasurePrice>
      <AllowDiscount>1</AllowDiscount>
      <ItemStatus>1</ItemStatus>
      <ItemId>73841</ItemId>
    </Item>
    <Item>
      <PriceUpdateDate>2015-01-01 00:00:00</PriceUpdateDate>
      <ItemCode>7290104500572</ItemCode>
      <ItemType>1</ItemType>
      <ItemName>אפרופו איטליאנו</ItemName>
      <ManufacturerName>אסם</ManufacturerName>
      <ManufactureCountry>ישראל</ManufactureCountry>
      <ManufacturerItemDescription>אפרופו איטליאנו 50 גרם</ManufacturerItemDescription>
      <UnitQty>גרמים</UnitQty>
      <Quantity>50.00</Quantity>
      <UnitOfMeasure>100 גרם</UnitOfMeasure>
      <bIsWeighted>0</bIsWeighted>
      <QtyInPackage>1</QtyInPackage>
      <ItemPrice>5.50</ItemPrice>
      <UnitOfMeasurePrice>11.0000</UnitOfMeasurePrice>
      <AllowDiscount>1</AllowDiscount>
      <ItemStatus>1</ItemStatus>
      <ItemId>73950</ItemId>
    </Item>
    <Item>
      <PriceUpdateDate>2015-10-04 10:16:58</PriceUpdateDate>
      <ItemCode>7290100240656</ItemCode>
      <ItemType>1</ItemType>
      <ItemName>פתית שיפון</ItemName>
      <ManufacturerName>אתר שפע - Food</ManufacturerName>
      <ManufactureCountry>ישראל</ManufactureCountry>
      <ManufacturerItemDescription>פתית שיפון 300 גרם</ManufacturerItemDescription>
      <UnitQty>גרמים</UnitQty>
      <Quantity>300.00</Quantity>
      <UnitOfMeasure>100 גרם</UnitOfMeasure>
      <bIsWeighted>0</bIsWeighted>
      <QtyInPackage>1</QtyInPackage>
      <ItemPrice>18.50</ItemPrice>
      <UnitOfMeasurePrice>6.1667</UnitOfMeasurePrice>
      <AllowDiscount>1</AllowDiscount>
      <ItemStatus>1</ItemStatus>
      <ItemId>74031</ItemId>
    </Item>
    <Item>
      <PriceUpdateDate>2015-10-04 10:16:47</PriceUpdateDate>
      <ItemCode>7290104069116</ItemCode>
      <ItemType>1</ItemType>
      <ItemName>סוכריות קפוצינו</ItemName>
      <ManufacturerName>MIESZKO S.A - MS. JO</ManufacturerName>
      <ManufactureCountry>פולין</ManufactureCountry>
      <ManufacturerItemDescription>סוכריות מאסט ללא סוכר קפוצינו</ManufacturerItemDescription>
      <UnitQty>גרמים</UnitQty>
      <Quantity>80.00</Quantity>
      <UnitOfMeasure>100 גרם</UnitOfMeasure>
      <bIsWeighted>0</bIsWeighted>
      <QtyInPackage>1</QtyInPackage>
      <ItemPrice>9.80</ItemPrice>
      <UnitOfMeasurePrice>12.2500</UnitOfMeasurePrice>
      <AllowDiscount>1</AllowDiscount>
      <ItemStatus>1</ItemStatus>
      <ItemId>74035</ItemId>
    </Item>
    <Item>
      <PriceUpdateDate>2015-07-26 09:39:52</PriceUpdateDate>
      <ItemCode>9002859053825</ItemCode>
      <ItemType>1</ItemType>
      <ItemName>גונץ שוקולד סטיקס מר</ItemName>
      <ManufacturerName>גונץ</ManufacturerName>
      <ManufactureCountry>אוסטריה</ManufactureCountry>
      <ManufacturerItemDescription>גונץ שוקולד סטיקס מריר קפה 75 גר</ManufacturerItemDescription>
      <UnitQty>גרמים</UnitQty>
      <Quantity>75.00</Quantity>
      <UnitOfMeasure>100 גרם</UnitOfMeasure>
      <bIsWeighted>0</bIsWeighted>
      <QtyInPackage>1</QtyInPackage>
      <ItemPrice>10.90</ItemPrice>
      <UnitOfMeasurePrice>14.5333</UnitOfMeasurePrice>
      <AllowDiscount>1</AllowDiscount>
      <ItemStatus>1</ItemStatus>
      <ItemId>74150</ItemId>
    </Item>
    <Item>
      <PriceUpdateDate>2015-07-26 09:39:52</PriceUpdateDate>
      <ItemCode>9002859053849</ItemCode>
      <ItemType>1</ItemType>
      <ItemName>גונץ שוקולד סטיקס מר</ItemName>
      <ManufacturerName>גונץ</ManufacturerName>
      <ManufactureCountry>אוסטריה</ManufactureCountry>
      <ManufacturerItemDescription>גונץ שוקולד סטיקס מריר תפוז 75 גר</ManufacturerItemDescription>
      <UnitQty>גרמים</UnitQty>
      <Quantity>75.00</Quantity>
      <UnitOfMeasure>100 גרם</UnitOfMeasure>
      <bIsWeighted>0</bIsWeighted>
      <QtyInPackage>1</QtyInPackage>
      <ItemPrice>10.90</ItemPrice>
      <UnitOfMeasurePrice>14.5333</UnitOfMeasurePrice>
      <AllowDiscount>1</AllowDiscount>
      <ItemStatus>1</ItemStatus>
      <ItemId>74151</ItemId>
    </Item>
    <Item>
      <PriceUpdateDate>2015-01-01 00:00:00</PriceUpdateDate>
      <ItemCode>5906812002476</ItemCode>
      <ItemType>1</ItemType>
      <ItemName>עוגיות צוזיקי תות</ItemName>
      <ManufacturerName>ג'אנוש צ'וז'קי</ManufacturerName>
      <ManufactureCountry>פולין</ManufactureCountry>
      <ManufacturerItemDescription>עוגיות צוזיקי במילוי ג"לי תות</ManufacturerItemDescription>
      <UnitQty>גרמים</UnitQty>
      <Quantity>135.00</Quantity>
      <UnitOfMeasure>100 גרם</UnitOfMeasure>
      <bIsWeighted>0</bIsWeighted>
      <QtyInPackage>1</QtyInPackage>
      <ItemPrice>5.00</ItemPrice>
      <UnitOfMeasurePrice>3.7037</UnitOfMeasurePrice>
      <AllowDiscount>1</AllowDiscount>
      <ItemStatus>1</ItemStatus>
      <ItemId>74154</ItemId>
    </Item>
    <Item>
      <PriceUpdateDate>2015-01-01 00:00:00</PriceUpdateDate>
      <ItemCode>5906812004593</ItemCode>
      <ItemType>1</ItemType>
      <ItemName>עוגיות צוזיקי תפוז</ItemName>
      <ManufacturerName>ג'אנוש צ'וז'קי</ManufacturerName>
      <ManufactureCountry>פולין</ManufactureCountry>
      <ManufacturerItemDescription>עוגיות צוזיקי במילוי ג"לי תפוז</ManufacturerItemDescription>
      <UnitQty>גרמים</UnitQty>
      <Quantity>135.00</Quantity>
      <UnitOfMeasure>100 גרם</UnitOfMeasure>
      <bIsWeighted>0</bIsWeighted>
      <QtyInPackage>1</QtyInPackage>
      <ItemPrice>5.00</ItemPrice>
      <UnitOfMeasurePrice>3.7037</UnitOfMeasurePrice>
      <AllowDiscount>1</AllowDiscount>
      <ItemStatus>1</ItemStatus>
      <ItemId>74155</ItemId>
    </Item>
    <Item>
      <PriceUpdateDate>2015-07-16 08:10:06</PriceUpdateDate>
      <ItemCode>9002859031434</ItemCode>
      <ItemType>1</ItemType>
      <ItemName>גונץ בוגי גלי פירות</ItemName>
      <ManufacturerName>יושלם</ManufacturerName>
      <ManufactureCountry>יושלם</ManufactureCountry>
      <ManufacturerItemDescription>גונץ בוגי גלי פירות 250 גרם</ManufacturerItemDescription>
      <UnitQty>Unknown </UnitQty>
      <Quantity>0.00</Quantity>
      <UnitOfMeasure>Unknown </UnitOfMeasure>
      <bIsWeighted>0</bIsWeighted>
      <QtyInPackage>1</QtyInPackage>
      <ItemPrice>14.90</ItemPrice>
      <UnitOfMeasurePrice>0.0000</UnitOfMeasurePrice>
      <AllowDiscount>1</AllowDiscount>
      <ItemStatus>1</ItemStatus>
      <ItemId>74158</ItemId>
    </Item>
    <Item>
      <PriceUpdateDate>2015-01-01 00:00:00</PriceUpdateDate>
      <ItemCode>7290014960145</ItemCode>
      <ItemType>1</ItemType>
      <ItemName>עוגיות אזני פיל</ItemName>
      <ManufacturerName>לחם יין</ManufacturerName>
      <ManufactureCountry>ישראל</ManufactureCountry>
      <ManufacturerItemDescription>עוגיות  אזני פיל 150 גרם</ManufacturerItemDescription>
      <UnitQty>גרמים</UnitQty>
      <Quantity>150.00</Quantity>
      <UnitOfMeasure>100 גרם</UnitOfMeasure>
      <bIsWeighted>0</bIsWeighted>
      <QtyInPackage>1</QtyInPackage>
      <ItemPrice>19.90</ItemPrice>
      <UnitOfMeasurePrice>13.2667</UnitOfMeasurePrice>
      <AllowDiscount>1</AllowDiscount>
      <ItemStatus>1</ItemStatus>
      <ItemId>98789</ItemId>
    </Item>
    <Item>
      <PriceUpdateDate>2016-02-29 14:52:29</PriceUpdateDate>
      <ItemCode>7290015597272</ItemCode>
      <ItemType>1</ItemType>
      <ItemName>גלידת קליק 1 ליטר</ItemName>
      <ManufacturerName>גלידות שטראוס</ManufacturerName>
      <ManufactureCountry>ישראל</ManufactureCountry>
      <ManufacturerItemDescription>גלידת קליק 1 ליטר</ManufacturerItemDescription>
      <UnitQty>ליטרים</UnitQty>
      <Quantity>1.00</Quantity>
      <UnitOfMeasure>ליטר</UnitOfMeasure>
      <bIsWeighted>0</bIsWeighted>
      <QtyInPackage>1</QtyInPackage>
      <ItemPrice>22.90</ItemPrice>
      <UnitOfMeasurePrice>22.9000</UnitOfMeasurePrice>
      <AllowDiscount>1</AllowDiscount>
      <ItemStatus>1</ItemStatus>
      <ItemId>108447</ItemId>
    </Item>
    <Item>
      <PriceUpdateDate>2016-07-20 06:58:29</PriceUpdateDate>
      <ItemCode>7290101866176</ItemCode>
      <ItemType>1</ItemType>
      <ItemName>ג"ל כביסה</ItemName>
      <ManufacturerName>קולון</ManufacturerName>
      <ManufactureCountry>ישראל</ManufactureCountry>
      <ManufacturerItemDescription>ג"ל כביסה קולון 3 101 ליטר</ManufacturerItemDescription>
      <UnitQty>ליטרים</UnitQty>
      <Quantity>3.00</Quantity>
      <UnitOfMeasure>ליטר</UnitOfMeasure>
      <bIsWeighted>0</bIsWeighted>
      <QtyInPackage>1</QtyInPackage>
      <ItemPrice>36.90</ItemPrice>
      <UnitOfMeasurePrice>12.3000</UnitOfMeasurePrice>
      <AllowDiscount>1</AllowDiscount>
      <ItemStatus>1</ItemStatus>
      <ItemId>74563</ItemId>
    </Item>
    <Item>
      <PriceUpdateDate>2015-10-04 10:18:28</PriceUpdateDate>
      <ItemCode>5029053535227</ItemCode>
      <ItemType>1</ItemType>
      <ItemName>טמפון עם מוליך נורמל</ItemName>
      <ManufacturerName>KC Czech</ManufacturerName>
      <ManufactureCountry>צ'כיה</ManufactureCountry>
      <ManufacturerItemDescription>קוטקס טמפון עם מוליך נורמל           16</ManufacturerItemDescription>
      <UnitQty>Unknown </UnitQty>
      <Quantity>0.00</Quantity>
      <UnitOfMeasure>Unknown </UnitOfMeasure>
      <bIsWeighted>0</bIsWeighted>
      <QtyInPackage>1</QtyInPackage>
      <ItemPrice>24.70</ItemPrice>
      <UnitOfMeasurePrice>0.0000</UnitOfMeasurePrice>
      <AllowDiscount>1</AllowDiscount>
      <ItemStatus>1</ItemStatus>
      <ItemId>74768</ItemId>
    </Item>
    <Item>
      <PriceUpdateDate>2015-10-04 10:18:28</PriceUpdateDate>
      <ItemCode>5029053535234</ItemCode>
      <ItemType>1</ItemType>
      <ItemName>קוטקס טמפוני סופר 16</ItemName>
      <ManufacturerName>KC Czech</ManufacturerName>
      <ManufactureCountry>צ'כיה</ManufactureCountry>
      <ManufacturerItemDescription>קוטקס טמפוני סופר 16 יחידות</ManufacturerItemDescription>
      <UnitQty>Unknown </UnitQty>
      <Quantity>0.00</Quantity>
      <UnitOfMeasure>Unknown </UnitOfMeasure>
      <bIsWeighted>0</bIsWeighted>
      <QtyInPackage>1</QtyInPackage>
      <ItemPrice>24.70</ItemPrice>
      <UnitOfMeasurePrice>0.0000</UnitOfMeasurePrice>
      <AllowDiscount>1</AllowDiscount>
      <ItemStatus>1</ItemStatus>
      <ItemId>74769</ItemId>
    </Item>
    <Item>
      <PriceUpdateDate>2015-06-15 14:25:27</PriceUpdateDate>
      <ItemCode>7290102393947</ItemCode>
      <ItemType>1</ItemType>
      <ItemName>יוג.סימפלי קיווי  3%</ItemName>
      <ManufacturerName>טרה</ManufacturerName>
      <ManufactureCountry>ישראל</ManufactureCountry>
      <ManufacturerItemDescription>יוגורט סימפלי קיווי  150 גר</ManufacturerItemDescription>
      <UnitQty>גרמים</UnitQty>
      <Quantity>150.00</Quantity>
      <UnitOfMeasure>100 גרם</UnitOfMeasure>
      <bIsWeighted>0</bIsWeighted>
      <QtyInPackage>1</QtyInPackage>
      <ItemPrice>4.90</ItemPrice>
      <UnitOfMeasurePrice>3.2667</UnitOfMeasurePrice>
      <AllowDiscount>1</AllowDiscount>
      <ItemStatus>1</ItemStatus>
      <ItemId>74845</ItemId>
    </Item>
    <Item>
      <PriceUpdateDate>2015-10-04 10:16:59</PriceUpdateDate>
      <ItemCode>8711600359659</ItemCode>
      <ItemType>1</ItemType>
      <ItemName>אקס ג"ל רחצה אקסייט</ItemName>
      <ManufacturerName>יוניליוור גרמניה (בו</ManufacturerName>
      <ManufactureCountry>לא ידוע</ManufactureCountry>
      <ManufacturerItemDescription>אקס ג"ל רחצה אקסייט 400 מ"ל</ManufacturerItemDescription>
      <UnitQty>מיליליטרים</UnitQty>
      <Quantity>400.00</Quantity>
      <UnitOfMeasure>100 מ"ל</UnitOfMeasure>
      <bIsWeighted>0</bIsWeighted>
      <QtyInPackage>1</QtyInPackage>
      <ItemPrice>14.80</ItemPrice>
      <UnitOfMeasurePrice>3.7000</UnitOfMeasurePrice>
      <AllowDiscount>1</AllowDiscount>
      <ItemStatus>1</ItemStatus>
      <ItemId>74906</ItemId>
    </Item>
    <Item>
      <PriceUpdateDate>2016-05-02 13:50:18</PriceUpdateDate>
      <ItemCode>7290002421610</ItemCode>
      <ItemType>1</ItemType>
      <ItemName>גבינת פרמזן 200 גרם</ItemName>
      <ManufacturerName>מחלבת גדות</ManufacturerName>
      <ManufactureCountry>ישראל</ManufactureCountry>
      <ManufacturerItemDescription>פרמזן 200 גר</ManufacturerItemDescription>
      <UnitQty>גרמים</UnitQty>
      <Quantity>200.00</Quantity>
      <UnitOfMeasure>100 גרם</UnitOfMeasure>
      <bIsWeighted>0</bIsWeighted>
      <QtyInPackage>1</QtyInPackage>
      <ItemPrice>32.90</ItemPrice>
      <UnitOfMeasurePrice>16.4500</UnitOfMeasurePrice>
      <AllowDiscount>1</AllowDiscount>
      <ItemStatus>1</ItemStatus>
      <ItemId>87353</ItemId>
    </Item>
    <Item>
      <PriceUpdateDate>2015-01-01 00:00:00</PriceUpdateDate>
      <ItemCode>7290002421603</ItemCode>
      <ItemType>1</ItemType>
      <ItemName>מוצרלה גוש      28%</ItemName>
      <ManufacturerName>יושלם</ManufacturerName>
      <ManufactureCountry>ישראל</ManufactureCountry>
      <ManufacturerItemDescription>מוצרלה גוש 240  28% גר                 "</ManufacturerItemDescription>
      <UnitQty>גרמים</UnitQty>
      <Quantity>240.00</Quantity>
      <UnitOfMeasure>100 גרם</UnitOfMeasure>
      <bIsWeighted>0</bIsWeighted>
      <QtyInPackage>1</QtyInPackage>
      <ItemPrice>30.90</ItemPrice>
      <UnitOfMeasurePrice>12.8750</UnitOfMeasurePrice>
      <AllowDiscount>1</AllowDiscount>
      <ItemStatus>1</ItemStatus>
      <ItemId>87354</ItemId>
    </Item>
    <Item>
      <PriceUpdateDate>2015-10-04 10:17:14</PriceUpdateDate>
      <ItemCode>7290013055712</ItemCode>
      <ItemType>1</ItemType>
      <ItemName>מטלית מיקרופייבר למש</ItemName>
      <ManufacturerName>מ.א</ManufacturerName>
      <ManufactureCountry>סין</ManufactureCountry>
      <ManufacturerItemDescription>מטלית מיקרופייבר למשטח מגה</ManufacturerItemDescription>
      <UnitQty>Unknown </UnitQty>
      <Quantity>0.00</Quantity>
      <UnitOfMeasure>Unknown </UnitOfMeasure>
      <bIsWeighted>0</bIsWeighted>
      <QtyInPackage>1</QtyInPackage>
      <ItemPrice>5.80</ItemPrice>
      <UnitOfMeasurePrice>0.0000</UnitOfMeasurePrice>
      <AllowDiscount>1</AllowDiscount>
      <ItemStatus>1</ItemStatus>
      <ItemId>75427</ItemId>
    </Item>
    <Item>
      <PriceUpdateDate>2015-06-15 14:25:26</PriceUpdateDate>
      <ItemCode>7290000055329</ItemCode>
      <ItemType>1</ItemType>
      <ItemName>משקה יוגורט יופלה תו</ItemName>
      <ManufacturerName>תנובה מרכז שיתופי לש</ManufacturerName>
      <ManufactureCountry>ישראל</ManufactureCountry>
      <ManufacturerItemDescription>משקה יוגורט יופלה תות מלון          250</ManufacturerItemDescription>
      <UnitQty>מיליליטרים</UnitQty>
      <Quantity>250.00</Quantity>
      <UnitOfMeasure>100 מ"ל</UnitOfMeasure>
      <bIsWeighted>0</bIsWeighted>
      <QtyInPackage>1</QtyInPackage>
      <ItemPrice>5.70</ItemPrice>
      <UnitOfMeasurePrice>2.2800</UnitOfMeasurePrice>
      <AllowDiscount>1</AllowDiscount>
      <ItemStatus>1</ItemStatus>
      <ItemId>75570</ItemId>
    </Item>
    <Item>
      <PriceUpdateDate>2015-06-15 14:25:26</PriceUpdateDate>
      <ItemCode>7290000055336</ItemCode>
      <ItemType>1</ItemType>
      <ItemName>משקה יוגורט יופלה בנ</ItemName>
      <ManufacturerName>תנובה מרכז שיתופי לש</ManufacturerName>
      <ManufactureCountry>ישראל</ManufactureCountry>
      <ManufacturerItemDescription>משקה יוגורט יופלה בננה אפרסק          2</ManufacturerItemDescription>
      <UnitQty>מיליליטרים</UnitQty>
      <Quantity>250.00</Quantity>
      <UnitOfMeasure>100 מ"ל</UnitOfMeasure>
      <bIsWeighted>0</bIsWeighted>
      <QtyInPackage>1</QtyInPackage>
      <ItemPrice>5.70</ItemPrice>
      <UnitOfMeasurePrice>2.2800</UnitOfMeasurePrice>
      <AllowDiscount>1</AllowDiscount>
      <ItemStatus>1</ItemStatus>
      <ItemId>75571</ItemId>
    </Item>
    <Item>
      <PriceUpdateDate>2015-06-15 14:25:26</PriceUpdateDate>
      <ItemCode>7290000055343</ItemCode>
      <ItemType>1</ItemType>
      <ItemName>משקה יוגורט טרופי</ItemName>
      <ManufacturerName>תנובה מרכז שיתופי לש</ManufacturerName>
      <ManufactureCountry>ישראל</ManufactureCountry>
      <ManufacturerItemDescription>משקה יוגורט יופלה טרופי 250 מל</ManufacturerItemDescription>
      <UnitQty>מיליליטרים</UnitQty>
      <Quantity>250.00</Quantity>
      <UnitOfMeasure>100 מ"ל</UnitOfMeasure>
      <bIsWeighted>0</bIsWeighted>
      <QtyInPackage>1</QtyInPackage>
      <ItemPrice>5.70</ItemPrice>
      <UnitOfMeasurePrice>2.2800</UnitOfMeasurePrice>
      <AllowDiscount>1</AllowDiscount>
      <ItemStatus>1</ItemStatus>
      <ItemId>75572</ItemId>
    </Item>
    <Item>
      <PriceUpdateDate>2015-10-04 10:17:41</PriceUpdateDate>
      <ItemCode>7290013268464</ItemCode>
      <ItemType>1</ItemType>
      <ItemName>קרם גוף בניחוח מאסק</ItemName>
      <ManufacturerName>קוסמופארם</ManufacturerName>
      <ManufactureCountry>ישראל</ManufactureCountry>
      <ManufacturerItemDescription>קרמה קרם גוף בניחוח מאסק 500 מ</ManufacturerItemDescription>
      <UnitQty>מיליליטרים</UnitQty>
      <Quantity>500.00</Quantity>
      <UnitOfMeasure>100 מ"ל</UnitOfMeasure>
      <bIsWeighted>0</bIsWeighted>
      <QtyInPackage>1</QtyInPackage>
      <ItemPrice>27.60</ItemPrice>
      <UnitOfMeasurePrice>5.5200</UnitOfMeasurePrice>
      <AllowDiscount>1</AllowDiscount>
      <ItemStatus>1</ItemStatus>
      <ItemId>75644</ItemId>
    </Item>
    <Item>
      <PriceUpdateDate>2015-10-04 10:17:14</PriceUpdateDate>
      <ItemCode>7290013056238</ItemCode>
      <ItemType>1</ItemType>
      <ItemName>תרחיץ פנים מגה</ItemName>
      <ManufacturerName>יושלם</ManufacturerName>
      <ManufactureCountry>יושלם</ManufactureCountry>
      <ManufacturerItemDescription>תרחיץ פנים" מגה 200 "מ"ל</ManufacturerItemDescription>
      <UnitQty>מיליליטרים</UnitQty>
      <Quantity>200.00</Quantity>
      <UnitOfMeasure>100 מ"ל</UnitOfMeasure>
      <bIsWeighted>0</bIsWeighted>
      <QtyInPackage>1</QtyInPackage>
      <ItemPrice>16.70</ItemPrice>
      <UnitOfMeasurePrice>8.3500</UnitOfMeasurePrice>
      <AllowDiscount>1</AllowDiscount>
      <ItemStatus>1</ItemStatus>
      <ItemId>76465</ItemId>
    </Item>
    <Item>
      <PriceUpdateDate>2015-10-04 10:17:41</PriceUpdateDate>
      <ItemCode>7290013268822</ItemCode>
      <ItemType>1</ItemType>
      <ItemName>מש.שיניים טריפל אקשן</ItemName>
      <ManufacturerName>טרופיקל דגיל</ManufacturerName>
      <ManufactureCountry>ישראל</ManufactureCountry>
      <ManufacturerItemDescription>משחת שיניים אורביטול טריפל אקש</ManufacturerItemDescription>
      <UnitQty>גרמים</UnitQty>
      <Quantity>145.00</Quantity>
      <UnitOfMeasure>100 גרם</UnitOfMeasure>
      <bIsWeighted>0</bIsWeighted>
      <QtyInPackage>1</QtyInPackage>
      <ItemPrice>15.70</ItemPrice>
      <UnitOfMeasurePrice>10.8276</UnitOfMeasurePrice>
      <AllowDiscount>1</AllowDiscount>
      <ItemStatus>1</ItemStatus>
      <ItemId>75808</ItemId>
    </Item>
    <Item>
      <PriceUpdateDate>2016-08-31 15:27:32</PriceUpdateDate>
      <ItemCode>7290014002135</ItemCode>
      <ItemType>1</ItemType>
      <ItemName>תה ירוק מיקס 5 טעמים</ItemName>
      <ManufacturerName>ויסוצקי</ManufacturerName>
      <ManufactureCountry>לא ידוע</ManufactureCountry>
      <ManufacturerItemDescription>תה ירוק מיקס</ManufacturerItemDescription>
      <UnitQty>גרמים</UnitQty>
      <Quantity>37.00</Quantity>
      <UnitOfMeasure>100 גרם</UnitOfMeasure>
      <bIsWeighted>0</bIsWeighted>
      <QtyInPackage>1</QtyInPackage>
      <ItemPrice>26.90</ItemPrice>
      <UnitOfMeasurePrice>72.7027</UnitOfMeasurePrice>
      <AllowDiscount>1</AllowDiscount>
      <ItemStatus>1</ItemStatus>
      <ItemId>84019</ItemId>
    </Item>
    <Item>
      <PriceUpdateDate>2015-10-04 10:17:14</PriceUpdateDate>
      <ItemCode>7290013055354</ItemCode>
      <ItemType>1</ItemType>
      <ItemName>סבון מוצק שחור  1/4</ItemName>
      <ManufacturerName>יושלם</ManufacturerName>
      <ManufactureCountry>לא ידוע</ManufactureCountry>
      <ManufacturerItemDescription>סבון מוצק שחור" מגה "רביעייה</ManufacturerItemDescription>
      <UnitQty>גרמים</UnitQty>
      <Quantity>400.00</Quantity>
      <UnitOfMeasure>100 גרם</UnitOfMeasure>
      <bIsWeighted>0</bIsWeighted>
      <QtyInPackage>1</QtyInPackage>
      <ItemPrice>9.80</ItemPrice>
      <UnitOfMeasurePrice>2.4500</UnitOfMeasurePrice>
      <AllowDiscount>1</AllowDiscount>
      <ItemStatus>1</ItemStatus>
      <ItemId>76319</ItemId>
    </Item>
    <Item>
      <PriceUpdateDate>2015-10-04 10:17:14</PriceUpdateDate>
      <ItemCode>7290013056733</ItemCode>
      <ItemType>1</ItemType>
      <ItemName>מרכך לשיער רגיל</ItemName>
      <ManufacturerName>א.ל.ארמן יצור תמרוקי</ManufacturerName>
      <ManufactureCountry>ישראל</ManufactureCountry>
      <ManufacturerItemDescription>מרכך לשיער רגיל מגה 750 מל</ManufacturerItemDescription>
      <UnitQty>מיליליטרים</UnitQty>
      <Quantity>750.00</Quantity>
      <UnitOfMeasure>100 מ"ל</UnitOfMeasure>
      <bIsWeighted>0</bIsWeighted>
      <QtyInPackage>1</QtyInPackage>
      <ItemPrice>7.80</ItemPrice>
      <UnitOfMeasurePrice>1.0400</UnitOfMeasurePrice>
      <AllowDiscount>1</AllowDiscount>
      <ItemStatus>1</ItemStatus>
      <ItemId>76327</ItemId>
    </Item>
    <Item>
      <PriceUpdateDate>2015-10-04 10:17:14</PriceUpdateDate>
      <ItemCode>7290104001314</ItemCode>
      <ItemType>1</ItemType>
      <ItemName>סבון מוצק לבן   1/4</ItemName>
      <ManufacturerName>זוהר קוסמטיק ישראל</ManufacturerName>
      <ManufactureCountry>ישראל</ManufactureCountry>
      <ManufacturerItemDescription>סבון מוצק לבן מגה רביעייה</ManufacturerItemDescription>
      <UnitQty>גרמים</UnitQty>
      <Quantity>400.00</Quantity>
      <UnitOfMeasure>100 גרם</UnitOfMeasure>
      <bIsWeighted>0</bIsWeighted>
      <QtyInPackage>1</QtyInPackage>
      <ItemPrice>9.80</ItemPrice>
      <UnitOfMeasurePrice>2.4500</UnitOfMeasurePrice>
      <AllowDiscount>1</AllowDiscount>
      <ItemStatus>1</ItemStatus>
      <ItemId>76333</ItemId>
    </Item>
    <Item>
      <PriceUpdateDate>2016-06-01 10:00:42</PriceUpdateDate>
      <ItemCode>77975088210</ItemCode>
      <ItemType>1</ItemType>
      <ItemName>סנידרס צדר</ItemName>
      <ManufacturerName>סניידרס</ManufacturerName>
      <ManufactureCountry>לא ידוע</ManufactureCountry>
      <ManufacturerItemDescription>סנידרס צדר 340 גרם</ManufacturerItemDescription>
      <UnitQty>גרמים</UnitQty>
      <Quantity>340.00</Quantity>
      <UnitOfMeasure>100 גרם</UnitOfMeasure>
      <bIsWeighted>0</bIsWeighted>
      <QtyInPackage>1</QtyInPackage>
      <ItemPrice>18.90</ItemPrice>
      <UnitOfMeasurePrice>5.5588</UnitOfMeasurePrice>
      <AllowDiscount>1</AllowDiscount>
      <ItemStatus>1</ItemStatus>
      <ItemId>76339</ItemId>
    </Item>
    <Item>
      <PriceUpdateDate>2015-10-04 10:18:22</PriceUpdateDate>
      <ItemCode>7290013566744</ItemCode>
      <ItemType>1</ItemType>
      <ItemName>שלגון חמשושים</ItemName>
      <ManufacturerName>נגה גלידות</ManufacturerName>
      <ManufactureCountry>ישראל</ManufactureCountry>
      <ManufacturerItemDescription>שלגון חמשושים</ManufacturerItemDescription>
      <UnitQty>Unknown </UnitQty>
      <Quantity>0.00</Quantity>
      <UnitOfMeasure>Unknown </UnitOfMeasure>
      <bIsWeighted>0</bIsWeighted>
      <QtyInPackage>1</QtyInPackage>
      <ItemPrice>9.80</ItemPrice>
      <UnitOfMeasurePrice>0.0000</UnitOfMeasurePrice>
      <AllowDiscount>1</AllowDiscount>
      <ItemStatus>1</ItemStatus>
      <ItemId>76527</ItemId>
    </Item>
    <Item>
      <PriceUpdateDate>2015-10-04 10:18:16</PriceUpdateDate>
      <ItemCode>7290006267238</ItemCode>
      <ItemType>1</ItemType>
      <ItemName>יין אדום מרלו בזלת</ItemName>
      <ManufacturerName>תבור</ManufacturerName>
      <ManufactureCountry>ישראל</ManufactureCountry>
      <ManufacturerItemDescription>יין אדום מרלו בזלת</ManufacturerItemDescription>
      <UnitQty>Unknown </UnitQty>
      <Quantity>0.00</Quantity>
      <UnitOfMeasure>Unknown </UnitOfMeasure>
      <bIsWeighted>0</bIsWeighted>
      <QtyInPackage>1</QtyInPackage>
      <ItemPrice>72.60</ItemPrice>
      <UnitOfMeasurePrice>0.0000</UnitOfMeasurePrice>
      <AllowDiscount>1</AllowDiscount>
      <ItemStatus>1</ItemStatus>
      <ItemId>76802</ItemId>
    </Item>
    <Item>
      <PriceUpdateDate>2015-10-19 15:25:18</PriceUpdateDate>
      <ItemCode>7290101865261</ItemCode>
      <ItemType>1</ItemType>
      <ItemName>נוזל הברקה למדיח</ItemName>
      <ManufacturerName>פיניש</ManufacturerName>
      <ManufactureCountry>לא ידוע</ManufactureCountry>
      <ManufacturerItemDescription>פיניש נוזל הברקה למדיח 800 מ"ל</ManufacturerItemDescription>
      <UnitQty>מיליליטרים</UnitQty>
      <Quantity>800.00</Quantity>
      <UnitOfMeasure>100 מ"ל</UnitOfMeasure>
      <bIsWeighted>0</bIsWeighted>
      <QtyInPackage>1</QtyInPackage>
      <ItemPrice>34.60</ItemPrice>
      <UnitOfMeasurePrice>4.3250</UnitOfMeasurePrice>
      <AllowDiscount>1</AllowDiscount>
      <ItemStatus>1</ItemStatus>
      <ItemId>87361</ItemId>
    </Item>
    <Item>
      <PriceUpdateDate>2015-10-04 10:18:58</PriceUpdateDate>
      <ItemCode>7290005095801</ItemCode>
      <ItemType>1</ItemType>
      <ItemName>עמבה תמר 500 גרם</ItemName>
      <ManufacturerName>תבליני שמש בע"מ</ManufacturerName>
      <ManufactureCountry>ישראל</ManufactureCountry>
      <ManufacturerItemDescription>עמבה" תמר 500 "גרם</ManufacturerItemDescription>
      <UnitQty>גרמים</UnitQty>
      <Quantity>500.00</Quantity>
      <UnitOfMeasure>100 גרם</UnitOfMeasure>
      <bIsWeighted>0</bIsWeighted>
      <QtyInPackage>1</QtyInPackage>
      <ItemPrice>20.60</ItemPrice>
      <UnitOfMeasurePrice>4.1200</UnitOfMeasurePrice>
      <AllowDiscount>1</AllowDiscount>
      <ItemStatus>1</ItemStatus>
      <ItemId>76853</ItemId>
    </Item>
    <Item>
      <PriceUpdateDate>2015-01-01 00:00:00</PriceUpdateDate>
      <ItemCode>7290106577541</ItemCode>
      <ItemType>1</ItemType>
      <ItemName>כרוב אדום 400 גר</ItemName>
      <ManufacturerName>אסם</ManufacturerName>
      <ManufactureCountry>ישראל</ManufactureCountry>
      <ManufacturerItemDescription>כרוב אדום 400 גר</ManufacturerItemDescription>
      <UnitQty>גרמים</UnitQty>
      <Quantity>400.00</Quantity>
      <UnitOfMeasure>100 גרם</UnitOfMeasure>
      <bIsWeighted>0</bIsWeighted>
      <QtyInPackage>1</QtyInPackage>
      <ItemPrice>13.90</ItemPrice>
      <UnitOfMeasurePrice>3.4750</UnitOfMeasurePrice>
      <AllowDiscount>1</AllowDiscount>
      <ItemStatus>1</ItemStatus>
      <ItemId>92595</ItemId>
    </Item>
    <Item>
      <PriceUpdateDate>2015-10-04 10:17:00</PriceUpdateDate>
      <ItemCode>7290000162515</ItemCode>
      <ItemType>1</ItemType>
      <ItemName>קורנפלקס וניל בד"צ 5</ItemName>
      <ManufacturerName>יוניליוור</ManufacturerName>
      <ManufactureCountry>לא ידוע</ManufactureCountry>
      <ManufacturerItemDescription>קורנפלקס וניל בד"צ 500 גרם</ManufacturerItemDescription>
      <UnitQty>גרמים</UnitQty>
      <Quantity>500.00</Quantity>
      <UnitOfMeasure>100 גרם</UnitOfMeasure>
      <bIsWeighted>0</bIsWeighted>
      <QtyInPackage>1</QtyInPackage>
      <ItemPrice>19.80</ItemPrice>
      <UnitOfMeasurePrice>3.9600</UnitOfMeasurePrice>
      <AllowDiscount>1</AllowDiscount>
      <ItemStatus>1</ItemStatus>
      <ItemId>77263</ItemId>
    </Item>
    <Item>
      <PriceUpdateDate>2015-10-04 10:20:25</PriceUpdateDate>
      <ItemCode>7290013056795</ItemCode>
      <ItemType>1</ItemType>
      <ItemName>שמפו לסירוק קל</ItemName>
      <ManufacturerName>זוהר קוסמטיק ישראל</ManufacturerName>
      <ManufactureCountry>ישראל</ManufactureCountry>
      <ManufacturerItemDescription>שמפו לסירוק קל 750 מל מגה</ManufacturerItemDescription>
      <UnitQty>מיליליטרים</UnitQty>
      <Quantity>750.00</Quantity>
      <UnitOfMeasure>100 מ"ל</UnitOfMeasure>
      <bIsWeighted>0</bIsWeighted>
      <QtyInPackage>1</QtyInPackage>
      <ItemPrice>9.80</ItemPrice>
      <UnitOfMeasurePrice>1.3067</UnitOfMeasurePrice>
      <AllowDiscount>1</AllowDiscount>
      <ItemStatus>1</ItemStatus>
      <ItemId>77315</ItemId>
    </Item>
    <Item>
      <PriceUpdateDate>2015-10-04 10:17:14</PriceUpdateDate>
      <ItemCode>7290013056818</ItemCode>
      <ItemType>1</ItemType>
      <ItemName>שמפו ילדים ניחוח שרי</ItemName>
      <ManufacturerName>יושלם</ManufacturerName>
      <ManufactureCountry>יושלם</ManufactureCountry>
      <ManufacturerItemDescription>שמפו ילדים ניחוח שרי 750 מגה</ManufacturerItemDescription>
      <UnitQty>מיליליטרים</UnitQty>
      <Quantity>750.00</Quantity>
      <UnitOfMeasure>100 מ"ל</UnitOfMeasure>
      <bIsWeighted>0</bIsWeighted>
      <QtyInPackage>1</QtyInPackage>
      <ItemPrice>8.80</ItemPrice>
      <UnitOfMeasurePrice>1.1733</UnitOfMeasurePrice>
      <AllowDiscount>1</AllowDiscount>
      <ItemStatus>1</ItemStatus>
      <ItemId>77317</ItemId>
    </Item>
    <Item>
      <PriceUpdateDate>2015-10-04 10:20:25</PriceUpdateDate>
      <ItemCode>7290013056825</ItemCode>
      <ItemType>1</ItemType>
      <ItemName>אלסבון מועשר לחות</ItemName>
      <ManufacturerName>זוהר קוסמטיק ישראל</ManufacturerName>
      <ManufactureCountry>ישראל</ManufactureCountry>
      <ManufacturerItemDescription>אלסבון לתינוק מועשר בלחות           750</ManufacturerItemDescription>
      <UnitQty>מיליליטרים</UnitQty>
      <Quantity>750.00</Quantity>
      <UnitOfMeasure>100 מ"ל</UnitOfMeasure>
      <bIsWeighted>0</bIsWeighted>
      <QtyInPackage>1</QtyInPackage>
      <ItemPrice>11.60</ItemPrice>
      <UnitOfMeasurePrice>1.5467</UnitOfMeasurePrice>
      <AllowDiscount>1</AllowDiscount>
      <ItemStatus>1</ItemStatus>
      <ItemId>77318</ItemId>
    </Item>
    <Item>
      <PriceUpdateDate>2015-10-04 10:18:36</PriceUpdateDate>
      <ItemCode>7290003220717</ItemCode>
      <ItemType>1</ItemType>
      <ItemName>אצות נורי סילוור 10</ItemName>
      <ManufacturerName>JAEWON GLOBAL NET</ManufacturerName>
      <ManufactureCountry>לא ידוע</ManufactureCountry>
      <ManufacturerItemDescription>אצות נורי סילוור 10 דפים 25 גר</ManufacturerItemDescription>
      <UnitQty>גרמים</UnitQty>
      <Quantity>25.00</Quantity>
      <UnitOfMeasure>100 גרם</UnitOfMeasure>
      <bIsWeighted>0</bIsWeighted>
      <QtyInPackage>1</QtyInPackage>
      <ItemPrice>12.90</ItemPrice>
      <UnitOfMeasurePrice>51.6000</UnitOfMeasurePrice>
      <AllowDiscount>1</AllowDiscount>
      <ItemStatus>1</ItemStatus>
      <ItemId>77592</ItemId>
    </Item>
    <Item>
      <PriceUpdateDate>2015-10-04 10:18:17</PriceUpdateDate>
      <ItemCode>7290000152943</ItemCode>
      <ItemType>1</ItemType>
      <ItemName>מארז פסטרמה כפרית+סל</ItemName>
      <ManufacturerName>עוף טוב</ManufacturerName>
      <ManufactureCountry>לא ידוע</ManufactureCountry>
      <ManufacturerItemDescription>מארז פסטרמה כפרית+סלמי כפרי          70</ManufacturerItemDescription>
      <UnitQty>גרמים</UnitQty>
      <Quantity>700.00</Quantity>
      <UnitOfMeasure>100 גרם</UnitOfMeasure>
      <bIsWeighted>0</bIsWeighted>
      <QtyInPackage>1</QtyInPackage>
      <ItemPrice>29.60</ItemPrice>
      <UnitOfMeasurePrice>4.2286</UnitOfMeasurePrice>
      <AllowDiscount>1</AllowDiscount>
      <ItemStatus>1</ItemStatus>
      <ItemId>77928</ItemId>
    </Item>
    <Item>
      <PriceUpdateDate>2015-10-04 10:18:29</PriceUpdateDate>
      <ItemCode>7290000263373</ItemCode>
      <ItemType>1</ItemType>
      <ItemName>חיתולי פרידום שלב 3</ItemName>
      <ManufacturerName>חוגלה קימברלי</ManufacturerName>
      <ManufactureCountry>ישראל</ManufactureCountry>
      <ManufacturerItemDescription>חיתולי האגיס פרידום פלוס שלב          3</ManufacturerItemDescription>
      <UnitQty>Unknown </UnitQty>
      <Quantity>0.00</Quantity>
      <UnitOfMeasure>Unknown </UnitOfMeasure>
      <bIsWeighted>0</bIsWeighted>
      <QtyInPackage>1</QtyInPackage>
      <ItemPrice>41.50</ItemPrice>
      <UnitOfMeasurePrice>0.0000</UnitOfMeasurePrice>
      <AllowDiscount>1</AllowDiscount>
      <ItemStatus>1</ItemStatus>
      <ItemId>77953</ItemId>
    </Item>
    <Item>
      <PriceUpdateDate>2015-10-04 10:16:48</PriceUpdateDate>
      <ItemCode>7290105968630</ItemCode>
      <ItemType>1</ItemType>
      <ItemName>חטיף דגני אגוזים ללס</ItemName>
      <ManufacturerName>שטראוס גרופ</ManufacturerName>
      <ManufactureCountry>ישראל</ManufactureCountry>
      <ManufacturerItemDescription>חטיף דגנים אגוזים ללא סוכר          1\6</ManufacturerItemDescription>
      <UnitQty>גרמים</UnitQty>
      <Quantity>168.00</Quantity>
      <UnitOfMeasure>100 גרם</UnitOfMeasure>
      <bIsWeighted>0</bIsWeighted>
      <QtyInPackage>1</QtyInPackage>
      <ItemPrice>18.70</ItemPrice>
      <UnitOfMeasurePrice>11.1310</UnitOfMeasurePrice>
      <AllowDiscount>1</AllowDiscount>
      <ItemStatus>1</ItemStatus>
      <ItemId>86062</ItemId>
    </Item>
    <Item>
      <PriceUpdateDate>2016-05-11 08:05:01</PriceUpdateDate>
      <ItemCode>7290101866633</ItemCode>
      <ItemType>1</ItemType>
      <ItemName>קליה וניש ג"ל 3 ליטר</ItemName>
      <ManufacturerName>קליה</ManufacturerName>
      <ManufactureCountry>לא ידוע</ManufactureCountry>
      <ManufacturerItemDescription>קליה וניש ג"ל 3 ליטר</ManufacturerItemDescription>
      <UnitQty>ליטרים</UnitQty>
      <Quantity>3.00</Quantity>
      <UnitOfMeasure>ליטר</UnitOfMeasure>
      <bIsWeighted>0</bIsWeighted>
      <QtyInPackage>1</QtyInPackage>
      <ItemPrice>36.30</ItemPrice>
      <UnitOfMeasurePrice>12.1000</UnitOfMeasurePrice>
      <AllowDiscount>1</AllowDiscount>
      <ItemStatus>1</ItemStatus>
      <ItemId>78267</ItemId>
    </Item>
    <Item>
      <PriceUpdateDate>2015-10-04 10:18:16</PriceUpdateDate>
      <ItemCode>7290102394326</ItemCode>
      <ItemType>1</ItemType>
      <ItemName>גבינה בולגרית    5%</ItemName>
      <ManufacturerName>מחלבת משק צוריאל</ManufacturerName>
      <ManufactureCountry>ישראל</ManufactureCountry>
      <ManufacturerItemDescription>גבינה בולגרית 250 5% גר</ManufacturerItemDescription>
      <UnitQty>גרמים</UnitQty>
      <Quantity>250.00</Quantity>
      <UnitOfMeasure>100 גרם</UnitOfMeasure>
      <bIsWeighted>0</bIsWeighted>
      <QtyInPackage>1</QtyInPackage>
      <ItemPrice>16.20</ItemPrice>
      <UnitOfMeasurePrice>6.4800</UnitOfMeasurePrice>
      <AllowDiscount>1</AllowDiscount>
      <ItemStatus>1</ItemStatus>
      <ItemId>77970</ItemId>
    </Item>
    <Item>
      <PriceUpdateDate>2016-04-12 07:51:22</PriceUpdateDate>
      <ItemCode>7290103680039</ItemCode>
      <ItemType>1</ItemType>
      <ItemName>יין תבור סדרת הר מרל</ItemName>
      <ManufacturerName>תבור</ManufacturerName>
      <ManufactureCountry>ישראל</ManufactureCountry>
      <ManufacturerItemDescription>יין תבור סדרת הר מרלו              2010</ManufacturerItemDescription>
      <UnitQty>מיליליטרים</UnitQty>
      <Quantity>750.00</Quantity>
      <UnitOfMeasure>100 מ"ל</UnitOfMeasure>
      <bIsWeighted>0</bIsWeighted>
      <QtyInPackage>1</QtyInPackage>
      <ItemPrice>45.90</ItemPrice>
      <UnitOfMeasurePrice>6.1200</UnitOfMeasurePrice>
      <AllowDiscount>1</AllowDiscount>
      <ItemStatus>1</ItemStatus>
      <ItemId>78185</ItemId>
    </Item>
    <Item>
      <PriceUpdateDate>2015-10-04 10:16:41</PriceUpdateDate>
      <ItemCode>7290000103877</ItemCode>
      <ItemType>1</ItemType>
      <ItemName>מרק שעועית קפוא 644</ItemName>
      <ManufacturerName>סנפרוסט</ManufacturerName>
      <ManufactureCountry>ישראל</ManufactureCountry>
      <ManufacturerItemDescription>מרק שעועית קפוא 644 גר</ManufacturerItemDescription>
      <UnitQty>גרמים</UnitQty>
      <Quantity>644.00</Quantity>
      <UnitOfMeasure>100 גרם</UnitOfMeasure>
      <bIsWeighted>0</bIsWeighted>
      <QtyInPackage>1</QtyInPackage>
      <ItemPrice>19.50</ItemPrice>
      <UnitOfMeasurePrice>3.0280</UnitOfMeasurePrice>
      <AllowDiscount>1</AllowDiscount>
      <ItemStatus>1</ItemStatus>
      <ItemId>78193</ItemId>
    </Item>
    <Item>
      <PriceUpdateDate>2015-10-04 10:16:41</PriceUpdateDate>
      <ItemCode>7290000103846</ItemCode>
      <ItemType>1</ItemType>
      <ItemName>מרק אפונה קפוא</ItemName>
      <ManufacturerName>סנפרוסט</ManufacturerName>
      <ManufactureCountry>ישראל</ManufactureCountry>
      <ManufacturerItemDescription>מרק אפונה קפוא 572 גרם                 .</ManufacturerItemDescription>
      <UnitQty>גרמים</UnitQty>
      <Quantity>572.00</Quantity>
      <UnitOfMeasure>100 גרם</UnitOfMeasure>
      <bIsWeighted>0</bIsWeighted>
      <QtyInPackage>1</QtyInPackage>
      <ItemPrice>19.50</ItemPrice>
      <UnitOfMeasurePrice>3.4091</UnitOfMeasurePrice>
      <AllowDiscount>1</AllowDiscount>
      <ItemStatus>1</ItemStatus>
      <ItemId>78246</ItemId>
    </Item>
    <Item>
      <PriceUpdateDate>2015-10-04 10:18:20</PriceUpdateDate>
      <ItemCode>5000159384186</ItemCode>
      <ItemType>1</ItemType>
      <ItemName>חטיף מרס רביעיה 180</ItemName>
      <ManufacturerName>מרס</ManufacturerName>
      <ManufactureCountry>הולנד</ManufactureCountry>
      <ManufacturerItemDescription>חטיף מרס רביעיה</ManufacturerItemDescription>
      <UnitQty>גרמים</UnitQty>
      <Quantity>180.00</Quantity>
      <UnitOfMeasure>100 גרם</UnitOfMeasure>
      <bIsWeighted>0</bIsWeighted>
      <QtyInPackage>1</QtyInPackage>
      <ItemPrice>15.70</ItemPrice>
      <UnitOfMeasurePrice>8.7222</UnitOfMeasurePrice>
      <AllowDiscount>1</AllowDiscount>
      <ItemStatus>1</ItemStatus>
      <ItemId>78466</ItemId>
    </Item>
    <Item>
      <PriceUpdateDate>2015-10-04 10:18:20</PriceUpdateDate>
      <ItemCode>5000159384209</ItemCode>
      <ItemType>1</ItemType>
      <ItemName>חטיף סניקרס רביעיה 2</ItemName>
      <ManufacturerName>מרס</ManufacturerName>
      <ManufactureCountry>הולנד</ManufactureCountry>
      <ManufacturerItemDescription>5חטיף סניקרס רביעיה 200 גר</ManufacturerItemDescription>
      <UnitQty>גרמים</UnitQty>
      <Quantity>200.00</Quantity>
      <UnitOfMeasure>100 גרם</UnitOfMeasure>
      <bIsWeighted>0</bIsWeighted>
      <QtyInPackage>1</QtyInPackage>
      <ItemPrice>15.70</ItemPrice>
      <UnitOfMeasurePrice>7.8500</UnitOfMeasurePrice>
      <AllowDiscount>1</AllowDiscount>
      <ItemStatus>1</ItemStatus>
      <ItemId>78467</ItemId>
    </Item>
    <Item>
      <PriceUpdateDate>2015-10-04 10:17:15</PriceUpdateDate>
      <ItemCode>7290012577819</ItemCode>
      <ItemType>1</ItemType>
      <ItemName>זית טבעות מושחר</ItemName>
      <ManufacturerName>קבוצת יבנה</ManufacturerName>
      <ManufactureCountry>ישראל</ManufactureCountry>
      <ManufacturerItemDescription>זית טבעות מושחר מגה A2 540 גרם</ManufacturerItemDescription>
      <UnitQty>גרמים</UnitQty>
      <Quantity>540.00</Quantity>
      <UnitOfMeasure>100 גרם</UnitOfMeasure>
      <bIsWeighted>0</bIsWeighted>
      <QtyInPackage>1</QtyInPackage>
      <ItemPrice>11.20</ItemPrice>
      <UnitOfMeasurePrice>2.0741</UnitOfMeasurePrice>
      <AllowDiscount>1</AllowDiscount>
      <ItemStatus>1</ItemStatus>
      <ItemId>78473</ItemId>
    </Item>
    <Item>
      <PriceUpdateDate>2015-10-04 10:18:58</PriceUpdateDate>
      <ItemCode>7290013056566</ItemCode>
      <ItemType>1</ItemType>
      <ItemName>להבונים 50 יח</ItemName>
      <ManufacturerName>פאלאס</ManufacturerName>
      <ManufactureCountry>ישראל</ManufactureCountry>
      <ManufacturerItemDescription>להבונים 50 יח</ManufacturerItemDescription>
      <UnitQty>Unknown </UnitQty>
      <Quantity>0.00</Quantity>
      <UnitOfMeasure>Unknown </UnitOfMeasure>
      <bIsWeighted>0</bIsWeighted>
      <QtyInPackage>1</QtyInPackage>
      <ItemPrice>10.60</ItemPrice>
      <UnitOfMeasurePrice>0.0000</UnitOfMeasurePrice>
      <AllowDiscount>1</AllowDiscount>
      <ItemStatus>1</ItemStatus>
      <ItemId>78670</ItemId>
    </Item>
    <Item>
      <PriceUpdateDate>2016-02-28 16:26:10</PriceUpdateDate>
      <ItemCode>8410655000423</ItemCode>
      <ItemType>1</ItemType>
      <ItemName>בירה סאן מיגל</ItemName>
      <ManufacturerName>סאן מיגל</ManufacturerName>
      <ManufactureCountry>ספרד</ManufactureCountry>
      <ManufacturerItemDescription>בירה סאן מיגל 330 1/4 מ"ל</ManufacturerItemDescription>
      <UnitQty>ליטרים</UnitQty>
      <Quantity>1.32</Quantity>
      <UnitOfMeasure>ליטר</UnitOfMeasure>
      <bIsWeighted>0</bIsWeighted>
      <QtyInPackage>1</QtyInPackage>
      <ItemPrice>38.10</ItemPrice>
      <UnitOfMeasurePrice>28.8636</UnitOfMeasurePrice>
      <AllowDiscount>1</AllowDiscount>
      <ItemStatus>1</ItemStatus>
      <ItemId>78687</ItemId>
    </Item>
    <Item>
      <PriceUpdateDate>2015-12-01 15:26:30</PriceUpdateDate>
      <ItemCode>7290101866787</ItemCode>
      <ItemType>1</ItemType>
      <ItemName>קליה וניש לכביסה לבנ</ItemName>
      <ManufacturerName>קליה</ManufacturerName>
      <ManufactureCountry>לא ידוע</ManufactureCountry>
      <ManufacturerItemDescription>קליה וניש לכביסה לבנה ג"ל 3 לי</ManufacturerItemDescription>
      <UnitQty>ליטרים</UnitQty>
      <Quantity>3.00</Quantity>
      <UnitOfMeasure>ליטר</UnitOfMeasure>
      <bIsWeighted>0</bIsWeighted>
      <QtyInPackage>1</QtyInPackage>
      <ItemPrice>36.90</ItemPrice>
      <UnitOfMeasurePrice>12.3000</UnitOfMeasurePrice>
      <AllowDiscount>1</AllowDiscount>
      <ItemStatus>1</ItemStatus>
      <ItemId>78909</ItemId>
    </Item>
    <Item>
      <PriceUpdateDate>2015-10-04 10:17:00</PriceUpdateDate>
      <ItemCode>7290000165073</ItemCode>
      <ItemType>1</ItemType>
      <ItemName>סיף קרם לימון לניקוי</ItemName>
      <ManufacturerName>יונילוור - תורכיה</ManufacturerName>
      <ManufactureCountry>טורקיה</ManufactureCountry>
      <ManufacturerItemDescription>סיף קרם לימון לניקוי כללי           500</ManufacturerItemDescription>
      <UnitQty>מיליליטרים</UnitQty>
      <Quantity>500.00</Quantity>
      <UnitOfMeasure>100 מ"ל</UnitOfMeasure>
      <bIsWeighted>0</bIsWeighted>
      <QtyInPackage>1</QtyInPackage>
      <ItemPrice>14.80</ItemPrice>
      <UnitOfMeasurePrice>2.9600</UnitOfMeasurePrice>
      <AllowDiscount>1</AllowDiscount>
      <ItemStatus>1</ItemStatus>
      <ItemId>79414</ItemId>
    </Item>
    <Item>
      <PriceUpdateDate>2015-10-04 10:18:03</PriceUpdateDate>
      <ItemCode>7290013267726</ItemCode>
      <ItemType>1</ItemType>
      <ItemName>שלגון מגנום דאבל</ItemName>
      <ManufacturerName>שטראוס גלידות</ManufacturerName>
      <ManufactureCountry>ישראל</ManufactureCountry>
      <ManufacturerItemDescription>שלגון מגנום דאבל שוקולד</ManufacturerItemDescription>
      <UnitQty>גרמים</UnitQty>
      <Quantity>90.00</Quantity>
      <UnitOfMeasure>100 גרם</UnitOfMeasure>
      <bIsWeighted>0</bIsWeighted>
      <QtyInPackage>1</QtyInPackage>
      <ItemPrice>11.80</ItemPrice>
      <UnitOfMeasurePrice>13.1111</UnitOfMeasurePrice>
      <AllowDiscount>1</AllowDiscount>
      <ItemStatus>1</ItemStatus>
      <ItemId>79505</ItemId>
    </Item>
    <Item>
      <PriceUpdateDate>2015-01-01 00:00:00</PriceUpdateDate>
      <ItemCode>7290013939371</ItemCode>
      <ItemType>1</ItemType>
      <ItemName>קרם גוף     BLOSSOM</ItemName>
      <ManufacturerName>ש.שוורץ</ManufacturerName>
      <ManufactureCountry>ישראל</ManufactureCountry>
      <ManufacturerItemDescription>קרם גוף 200 מל                 BLOSSOM</ManufacturerItemDescription>
      <UnitQty>גרמים</UnitQty>
      <Quantity>200.00</Quantity>
      <UnitOfMeasure>100 גרם</UnitOfMeasure>
      <bIsWeighted>0</bIsWeighted>
      <QtyInPackage>1</QtyInPackage>
      <ItemPrice>8.90</ItemPrice>
      <UnitOfMeasurePrice>4.4500</UnitOfMeasurePrice>
      <AllowDiscount>1</AllowDiscount>
      <ItemStatus>1</ItemStatus>
      <ItemId>79548</ItemId>
    </Item>
    <Item>
      <PriceUpdateDate>2015-10-04 10:16:47</PriceUpdateDate>
      <ItemCode>7290105369666</ItemCode>
      <ItemType>1</ItemType>
      <ItemName>בונבוניירת לב קטן</ItemName>
      <ManufacturerName>שטראוס גרופ</ManufacturerName>
      <ManufactureCountry>ישראל</ManufactureCountry>
      <ManufacturerItemDescription>בונבוניירת לב קטן 50 גרם</ManufacturerItemDescription>
      <UnitQty>גרמים</UnitQty>
      <Quantity>50.00</Quantity>
      <UnitOfMeasure>100 גרם</UnitOfMeasure>
      <bIsWeighted>0</bIsWeighted>
      <QtyInPackage>1</QtyInPackage>
      <ItemPrice>10.80</ItemPrice>
      <UnitOfMeasurePrice>21.6000</UnitOfMeasurePrice>
      <AllowDiscount>1</AllowDiscount>
      <ItemStatus>1</ItemStatus>
      <ItemId>79758</ItemId>
    </Item>
    <Item>
      <PriceUpdateDate>2015-10-04 10:16:47</PriceUpdateDate>
      <ItemCode>38527591053</ItemCode>
      <ItemType>1</ItemType>
      <ItemName>קוואקר מרובעים קינמו</ItemName>
      <ManufacturerName>BEVERAGES FOODS &amp; SE</ManufacturerName>
      <ManufactureCountry>ארצות הברית</ManufactureCountry>
      <ManufacturerItemDescription>קוואקר מרובעים קינמון</ManufacturerItemDescription>
      <UnitQty>גרמים</UnitQty>
      <Quantity>411.00</Quantity>
      <UnitOfMeasure>100 גרם</UnitOfMeasure>
      <bIsWeighted>0</bIsWeighted>
      <QtyInPackage>1</QtyInPackage>
      <ItemPrice>22.50</ItemPrice>
      <UnitOfMeasurePrice>5.4745</UnitOfMeasurePrice>
      <AllowDiscount>1</AllowDiscount>
      <ItemStatus>1</ItemStatus>
      <ItemId>79889</ItemId>
    </Item>
    <Item>
      <PriceUpdateDate>2015-08-12 10:24:44</PriceUpdateDate>
      <ItemCode>7290012522581</ItemCode>
      <ItemType>1</ItemType>
      <ItemName>שניצל תירס ללא גלוטן</ItemName>
      <ManufacturerName>טבעול</ManufacturerName>
      <ManufactureCountry>לא ידוע</ManufactureCountry>
      <ManufacturerItemDescription>שניצל תירס ללא גלוטן 660 גר</ManufacturerItemDescription>
      <UnitQty>גרמים</UnitQty>
      <Quantity>660.00</Quantity>
      <UnitOfMeasure>100 גרם</UnitOfMeasure>
      <bIsWeighted>0</bIsWeighted>
      <QtyInPackage>1</QtyInPackage>
      <ItemPrice>30.90</ItemPrice>
      <UnitOfMeasurePrice>4.6818</UnitOfMeasurePrice>
      <AllowDiscount>1</AllowDiscount>
      <ItemStatus>1</ItemStatus>
      <ItemId>80037</ItemId>
    </Item>
    <Item>
      <PriceUpdateDate>2015-01-01 00:00:00</PriceUpdateDate>
      <ItemCode>7290000151328</ItemCode>
      <ItemType>1</ItemType>
      <ItemName>פסטרמה הודו מעושן דל</ItemName>
      <ManufacturerName>עוף טוב</ManufacturerName>
      <ManufactureCountry>לא ידוע</ManufactureCountry>
      <ManufacturerItemDescription>פסטרמה הודו מעושן דל 300 גר</ManufacturerItemDescription>
      <UnitQty>גרמים</UnitQty>
      <Quantity>300.00</Quantity>
      <UnitOfMeasure>100 גרם</UnitOfMeasure>
      <bIsWeighted>0</bIsWeighted>
      <QtyInPackage>1</QtyInPackage>
      <ItemPrice>29.30</ItemPrice>
      <UnitOfMeasurePrice>9.7667</UnitOfMeasurePrice>
      <AllowDiscount>1</AllowDiscount>
      <ItemStatus>1</ItemStatus>
      <ItemId>80041</ItemId>
    </Item>
    <Item>
      <PriceUpdateDate>2015-01-01 00:00:00</PriceUpdateDate>
      <ItemCode>7290006785718</ItemCode>
      <ItemType>1</ItemType>
      <ItemName>זוג קונפטי של מסיבה</ItemName>
      <ManufacturerName>yca</ManufacturerName>
      <ManufactureCountry>לא ידוע</ManufactureCountry>
      <ManufacturerItemDescription>זוג קונפטי של מסיבה</ManufacturerItemDescription>
      <UnitQty>יחידה   </UnitQty>
      <Quantity>1.00</Quantity>
      <UnitOfMeasure>יחידה   </UnitOfMeasure>
      <bIsWeighted>0</bIsWeighted>
      <QtyInPackage>1</QtyInPackage>
      <ItemPrice>4.90</ItemPrice>
      <UnitOfMeasurePrice>4.9000</UnitOfMeasurePrice>
      <AllowDiscount>1</AllowDiscount>
      <ItemStatus>1</ItemStatus>
      <ItemId>80058</ItemId>
    </Item>
    <Item>
      <PriceUpdateDate>2015-01-01 00:00:00</PriceUpdateDate>
      <ItemCode>7290000057132</ItemCode>
      <ItemType>1</ItemType>
      <ItemName>יוגורט ביו תנובה 1.5</ItemName>
      <ManufacturerName>תנובה מרכז שיתופי לש</ManufacturerName>
      <ManufactureCountry>לא ידוע</ManufactureCountry>
      <ManufacturerItemDescription>יוגורט תנובה                       1.5%</ManufacturerItemDescription>
      <UnitQty>מיליליטרים</UnitQty>
      <Quantity>200.00</Quantity>
      <UnitOfMeasure>100 מ"ל</UnitOfMeasure>
      <bIsWeighted>0</bIsWeighted>
      <QtyInPackage>1</QtyInPackage>
      <ItemPrice>3.20</ItemPrice>
      <UnitOfMeasurePrice>1.6000</UnitOfMeasurePrice>
      <AllowDiscount>1</AllowDiscount>
      <ItemStatus>1</ItemStatus>
      <ItemId>80203</ItemId>
    </Item>
    <Item>
      <PriceUpdateDate>2015-07-29 08:57:10</PriceUpdateDate>
      <ItemCode>7290000057149</ItemCode>
      <ItemType>1</ItemType>
      <ItemName>יוגורט תנובה     3%</ItemName>
      <ManufacturerName>תנובה מרכז שיתופי לש</ManufacturerName>
      <ManufactureCountry>ישראל</ManufactureCountry>
      <ManufacturerItemDescription>יוגורט תנובה 200 גרם                 3%</ManufacturerItemDescription>
      <UnitQty>גרמים</UnitQty>
      <Quantity>200.00</Quantity>
      <UnitOfMeasure>100 גרם</UnitOfMeasure>
      <bIsWeighted>0</bIsWeighted>
      <QtyInPackage>1</QtyInPackage>
      <ItemPrice>3.20</ItemPrice>
      <UnitOfMeasurePrice>1.6000</UnitOfMeasurePrice>
      <AllowDiscount>1</AllowDiscount>
      <ItemStatus>1</ItemStatus>
      <ItemId>80204</ItemId>
    </Item>
    <Item>
      <PriceUpdateDate>2016-02-23 14:07:32</PriceUpdateDate>
      <ItemCode>5013965747656</ItemCode>
      <ItemType>1</ItemType>
      <ItemName>מרכך נוסחה קלאסית</ItemName>
      <ManufacturerName>פרוקטר אנד גמבל</ManufacturerName>
      <ManufactureCountry>צרפת</ManufactureCountry>
      <ManufacturerItemDescription>הד&amp;שולדרס מרכך נוסחה קלאסית          400</ManufacturerItemDescription>
      <UnitQty>מיליליטרים</UnitQty>
      <Quantity>400.00</Quantity>
      <UnitOfMeasure>100 מ"ל</UnitOfMeasure>
      <bIsWeighted>0</bIsWeighted>
      <QtyInPackage>1</QtyInPackage>
      <ItemPrice>26.10</ItemPrice>
      <UnitOfMeasurePrice>6.5250</UnitOfMeasurePrice>
      <AllowDiscount>1</AllowDiscount>
      <ItemStatus>1</ItemStatus>
      <ItemId>80299</ItemId>
    </Item>
    <Item>
      <PriceUpdateDate>2015-10-04 10:18:45</PriceUpdateDate>
      <ItemCode>3059944021609</ItemCode>
      <ItemType>1</ItemType>
      <ItemName>ויט שעווה אזור הפנים</ItemName>
      <ManufacturerName>ויט</ManufacturerName>
      <ManufactureCountry>יושלם</ManufactureCountry>
      <ManufacturerItemDescription>ויט שעווה לאזור הפנים</ManufacturerItemDescription>
      <UnitQty>Unknown </UnitQty>
      <Quantity>0.00</Quantity>
      <UnitOfMeasure>Unknown </UnitOfMeasure>
      <bIsWeighted>0</bIsWeighted>
      <QtyInPackage>1</QtyInPackage>
      <ItemPrice>39.60</ItemPrice>
      <UnitOfMeasurePrice>0.0000</UnitOfMeasurePrice>
      <AllowDiscount>1</AllowDiscount>
      <ItemStatus>1</ItemStatus>
      <ItemId>80309</ItemId>
    </Item>
    <Item>
      <PriceUpdateDate>2016-02-16 07:07:59</PriceUpdateDate>
      <ItemCode>7290000057118</ItemCode>
      <ItemType>1</ItemType>
      <ItemName>גבינה צהובה עמק קלאס</ItemName>
      <ManufacturerName>תנובה מרכז שיתופי לש</ManufacturerName>
      <ManufactureCountry>לא ידוע</ManufactureCountry>
      <ManufacturerItemDescription>עמק קלאסית מהמעדניה 400גרם</ManufacturerItemDescription>
      <UnitQty>גרמים</UnitQty>
      <Quantity>400.00</Quantity>
      <UnitOfMeasure>100 גרם</UnitOfMeasure>
      <bIsWeighted>0</bIsWeighted>
      <QtyInPackage>1</QtyInPackage>
      <ItemPrice>22.50</ItemPrice>
      <UnitOfMeasurePrice>5.6250</UnitOfMeasurePrice>
      <AllowDiscount>1</AllowDiscount>
      <ItemStatus>1</ItemStatus>
      <ItemId>80314</ItemId>
    </Item>
    <Item>
      <PriceUpdateDate>2015-01-01 00:00:00</PriceUpdateDate>
      <ItemCode>7290101985433</ItemCode>
      <ItemType>1</ItemType>
      <ItemName>הפתעות לימי הולדת</ItemName>
      <ManufacturerName>NOVELTY</ManufacturerName>
      <ManufactureCountry>סין</ManufactureCountry>
      <ManufacturerItemDescription>הפתעות</ManufacturerItemDescription>
      <UnitQty>Unknown </UnitQty>
      <Quantity>0.00</Quantity>
      <UnitOfMeasure>Unknown </UnitOfMeasure>
      <bIsWeighted>0</bIsWeighted>
      <QtyInPackage>1</QtyInPackage>
      <ItemPrice>6.70</ItemPrice>
      <UnitOfMeasurePrice>0.0000</UnitOfMeasurePrice>
      <AllowDiscount>1</AllowDiscount>
      <ItemStatus>1</ItemStatus>
      <ItemId>91249</ItemId>
    </Item>
    <Item>
      <PriceUpdateDate>2016-02-11 13:06:46</PriceUpdateDate>
      <ItemCode>7290000056845</ItemCode>
      <ItemType>1</ItemType>
      <ItemName>חלב טרי          3%</ItemName>
      <ManufacturerName>תנובה מרכז שיתופי לש</ManufacturerName>
      <ManufactureCountry>ישראל</ManufactureCountry>
      <ManufacturerItemDescription>חלב 1.5 3% ליטר קרטו פיקוח</ManufacturerItemDescription>
      <UnitQty>ליטרים</UnitQty>
      <Quantity>1.50</Quantity>
      <UnitOfMeasure>ליטר</UnitOfMeasure>
      <bIsWeighted>0</bIsWeighted>
      <QtyInPackage>1</QtyInPackage>
      <ItemPrice>8.60</ItemPrice>
      <UnitOfMeasurePrice>5.7333</UnitOfMeasurePrice>
      <AllowDiscount>1</AllowDiscount>
      <ItemStatus>1</ItemStatus>
      <ItemId>80471</ItemId>
    </Item>
    <Item>
      <PriceUpdateDate>2015-10-04 10:17:49</PriceUpdateDate>
      <ItemCode>7613033539107</ItemCode>
      <ItemType>1</ItemType>
      <ItemName>מטרנה מחית תפוח עץ ו</ItemName>
      <ManufacturerName>ארג'זה - פולין</ManufacturerName>
      <ManufactureCountry>פולין</ManufactureCountry>
      <ManufacturerItemDescription>מטרנה מחית תפוח עץ ובננה שלב          2</ManufacturerItemDescription>
      <UnitQty>גרמים</UnitQty>
      <Quantity>130.00</Quantity>
      <UnitOfMeasure>100 גרם</UnitOfMeasure>
      <bIsWeighted>0</bIsWeighted>
      <QtyInPackage>1</QtyInPackage>
      <ItemPrice>6.40</ItemPrice>
      <UnitOfMeasurePrice>4.9231</UnitOfMeasurePrice>
      <AllowDiscount>1</AllowDiscount>
      <ItemStatus>1</ItemStatus>
      <ItemId>80496</ItemId>
    </Item>
    <Item>
      <PriceUpdateDate>2015-10-04 10:16:47</PriceUpdateDate>
      <ItemCode>38527591060</ItemCode>
      <ItemType>1</ItemType>
      <ItemName>קוואקר מרובעים</ItemName>
      <ManufacturerName>BEVERAGES FOODS &amp; SE</ManufacturerName>
      <ManufactureCountry>ארצות הברית</ManufactureCountry>
      <ManufacturerItemDescription>קוואקר מרובעים סוכר חום</ManufacturerItemDescription>
      <UnitQty>גרמים</UnitQty>
      <Quantity>411.00</Quantity>
      <UnitOfMeasure>100 גרם</UnitOfMeasure>
      <bIsWeighted>0</bIsWeighted>
      <QtyInPackage>1</QtyInPackage>
      <ItemPrice>22.50</ItemPrice>
      <UnitOfMeasurePrice>5.4745</UnitOfMeasurePrice>
      <AllowDiscount>1</AllowDiscount>
      <ItemStatus>1</ItemStatus>
      <ItemId>80503</ItemId>
    </Item>
    <Item>
      <PriceUpdateDate>2016-05-13 07:32:52</PriceUpdateDate>
      <ItemCode>9307</ItemCode>
      <ItemType>0</ItemType>
      <ItemName>גינגר ארוז</ItemName>
      <ManufacturerName>חקלאי</ManufacturerName>
      <ManufactureCountry>ישראל</ManufactureCountry>
      <ManufacturerItemDescription>גינגר ארוז</ManufacturerItemDescription>
      <UnitQty>Unknown </UnitQty>
      <Quantity>0.00</Quantity>
      <UnitOfMeasure>Unknown </UnitOfMeasure>
      <bIsWeighted>0</bIsWeighted>
      <QtyInPackage>1</QtyInPackage>
      <ItemPrice>11.90</ItemPrice>
      <UnitOfMeasurePrice>0.0000</UnitOfMeasurePrice>
      <AllowDiscount>1</AllowDiscount>
      <ItemStatus>1</ItemStatus>
      <ItemId>80925</ItemId>
    </Item>
    <Item>
      <PriceUpdateDate>2016-08-25 12:33:30</PriceUpdateDate>
      <ItemCode>9441</ItemCode>
      <ItemType>0</ItemType>
      <ItemName>סלק אדום בואקום</ItemName>
      <ManufacturerName>חקלאי</ManufacturerName>
      <ManufactureCountry>ישראל</ManufactureCountry>
      <ManufacturerItemDescription>סלק אדום בואקום</ManufacturerItemDescription>
      <UnitQty>Unknown </UnitQty>
      <Quantity>0.00</Quantity>
      <UnitOfMeasure>Unknown </UnitOfMeasure>
      <bIsWeighted>0</bIsWeighted>
      <QtyInPackage>1</QtyInPackage>
      <ItemPrice>8.90</ItemPrice>
      <UnitOfMeasurePrice>0.0000</UnitOfMeasurePrice>
      <AllowDiscount>1</AllowDiscount>
      <ItemStatus>1</ItemStatus>
      <ItemId>80930</ItemId>
    </Item>
    <Item>
      <PriceUpdateDate>2015-11-05 14:17:30</PriceUpdateDate>
      <ItemCode>9323</ItemCode>
      <ItemType>0</ItemType>
      <ItemName>פטריות פורטובלו</ItemName>
      <ManufacturerName>חקלאי</ManufacturerName>
      <ManufactureCountry>ישראל</ManufactureCountry>
      <ManufacturerItemDescription>פטריות פורטובלו</ManufacturerItemDescription>
      <UnitQty>Unknown </UnitQty>
      <Quantity>0.00</Quantity>
      <UnitOfMeasure>Unknown </UnitOfMeasure>
      <bIsWeighted>0</bIsWeighted>
      <QtyInPackage>1</QtyInPackage>
      <ItemPrice>9.90</ItemPrice>
      <UnitOfMeasurePrice>0.0000</UnitOfMeasurePrice>
      <AllowDiscount>1</AllowDiscount>
      <ItemStatus>1</ItemStatus>
      <ItemId>80932</ItemId>
    </Item>
    <Item>
      <PriceUpdateDate>2015-01-01 00:00:00</PriceUpdateDate>
      <ItemCode>9324</ItemCode>
      <ItemType>0</ItemType>
      <ItemName>פטריות שמפניון</ItemName>
      <ManufacturerName>חקלאי</ManufacturerName>
      <ManufactureCountry>ישראל</ManufactureCountry>
      <ManufacturerItemDescription>פטריות שמפניון</ManufacturerItemDescription>
      <UnitQty>Unknown </UnitQty>
      <Quantity>0.00</Quantity>
      <UnitOfMeasure>Unknown </UnitOfMeasure>
      <bIsWeighted>0</bIsWeighted>
      <QtyInPackage>1</QtyInPackage>
      <ItemPrice>9.90</ItemPrice>
      <UnitOfMeasurePrice>0.0000</UnitOfMeasurePrice>
      <AllowDiscount>1</AllowDiscount>
      <ItemStatus>1</ItemStatus>
      <ItemId>80933</ItemId>
    </Item>
    <Item>
      <PriceUpdateDate>2015-08-27 12:55:36</PriceUpdateDate>
      <ItemCode>9309</ItemCode>
      <ItemType>0</ItemType>
      <ItemName>נבטי אלפלפא קטן</ItemName>
      <ManufacturerName>חקלאי</ManufacturerName>
      <ManufactureCountry>ישראל</ManufactureCountry>
      <ManufacturerItemDescription>נבטי אלפלפא קטן</ManufacturerItemDescription>
      <UnitQty>Unknown </UnitQty>
      <Quantity>0.00</Quantity>
      <UnitOfMeasure>Unknown </UnitOfMeasure>
      <bIsWeighted>0</bIsWeighted>
      <QtyInPackage>1</QtyInPackage>
      <ItemPrice>6.90</ItemPrice>
      <UnitOfMeasurePrice>0.0000</UnitOfMeasurePrice>
      <AllowDiscount>1</AllowDiscount>
      <ItemStatus>1</ItemStatus>
      <ItemId>80935</ItemId>
    </Item>
    <Item>
      <PriceUpdateDate>2015-11-05 14:17:30</PriceUpdateDate>
      <ItemCode>9308</ItemCode>
      <ItemType>0</ItemType>
      <ItemName>נבטים סיניים גדול</ItemName>
      <ManufacturerName>חקלאי</ManufacturerName>
      <ManufactureCountry>ישראל</ManufactureCountry>
      <ManufacturerItemDescription>נבטים סיניים גדול</ManufacturerItemDescription>
      <UnitQty>Unknown </UnitQty>
      <Quantity>0.00</Quantity>
      <UnitOfMeasure>Unknown </UnitOfMeasure>
      <bIsWeighted>0</bIsWeighted>
      <QtyInPackage>1</QtyInPackage>
      <ItemPrice>6.90</ItemPrice>
      <UnitOfMeasurePrice>0.0000</UnitOfMeasurePrice>
      <AllowDiscount>1</AllowDiscount>
      <ItemStatus>1</ItemStatus>
      <ItemId>80936</ItemId>
    </Item>
    <Item>
      <PriceUpdateDate>2016-08-05 07:55:41</PriceUpdateDate>
      <ItemCode>9260</ItemCode>
      <ItemType>0</ItemType>
      <ItemName>חסה ערבית ארוזה</ItemName>
      <ManufacturerName>חקלאי</ManufacturerName>
      <ManufactureCountry>ישראל</ManufactureCountry>
      <ManufacturerItemDescription>חסה ערבית ארוזה</ManufacturerItemDescription>
      <UnitQty>Unknown </UnitQty>
      <Quantity>0.00</Quantity>
      <UnitOfMeasure>Unknown </UnitOfMeasure>
      <bIsWeighted>0</bIsWeighted>
      <QtyInPackage>1</QtyInPackage>
      <ItemPrice>5.90</ItemPrice>
      <UnitOfMeasurePrice>0.0000</UnitOfMeasurePrice>
      <AllowDiscount>1</AllowDiscount>
      <ItemStatus>1</ItemStatus>
      <ItemId>80941</ItemId>
    </Item>
    <Item>
      <PriceUpdateDate>2016-07-26 07:24:52</PriceUpdateDate>
      <ItemCode>9250</ItemCode>
      <ItemType>0</ItemType>
      <ItemName>חסה עגולה ארוזה</ItemName>
      <ManufacturerName>חקלאי</ManufacturerName>
      <ManufactureCountry>ישראל</ManufactureCountry>
      <ManufacturerItemDescription>חסה עגולה ארוזה</ManufacturerItemDescription>
      <UnitQty>Unknown </UnitQty>
      <Quantity>0.00</Quantity>
      <UnitOfMeasure>Unknown </UnitOfMeasure>
      <bIsWeighted>0</bIsWeighted>
      <QtyInPackage>1</QtyInPackage>
      <ItemPrice>7.90</ItemPrice>
      <UnitOfMeasurePrice>0.0000</UnitOfMeasurePrice>
      <AllowDiscount>1</AllowDiscount>
      <ItemStatus>1</ItemStatus>
      <ItemId>80942</ItemId>
    </Item>
    <Item>
      <PriceUpdateDate>2015-08-27 12:55:36</PriceUpdateDate>
      <ItemCode>974</ItemCode>
      <ItemType>0</ItemType>
      <ItemName>מיקס ירקות בייבי</ItemName>
      <ManufacturerName>חקלאי</ManufacturerName>
      <ManufactureCountry>ישראל</ManufactureCountry>
      <ManufacturerItemDescription>מיקס ירקות בייבי</ManufacturerItemDescription>
      <UnitQty>Unknown </UnitQty>
      <Quantity>0.00</Quantity>
      <UnitOfMeasure>Unknown </UnitOfMeasure>
      <bIsWeighted>0</bIsWeighted>
      <QtyInPackage>1</QtyInPackage>
      <ItemPrice>6.90</ItemPrice>
      <UnitOfMeasurePrice>0.0000</UnitOfMeasurePrice>
      <AllowDiscount>1</AllowDiscount>
      <ItemStatus>1</ItemStatus>
      <ItemId>80944</ItemId>
    </Item>
    <Item>
      <PriceUpdateDate>2015-11-05 14:16:57</PriceUpdateDate>
      <ItemCode>9210</ItemCode>
      <ItemType>0</ItemType>
      <ItemName>תרד שטוף</ItemName>
      <ManufacturerName>חקלאי</ManufacturerName>
      <ManufactureCountry>ישראל</ManufactureCountry>
      <ManufacturerItemDescription>תרד שטוף</ManufacturerItemDescription>
      <UnitQty>Unknown </UnitQty>
      <Quantity>0.00</Quantity>
      <UnitOfMeasure>Unknown </UnitOfMeasure>
      <bIsWeighted>0</bIsWeighted>
      <QtyInPackage>1</QtyInPackage>
      <ItemPrice>8.90</ItemPrice>
      <UnitOfMeasurePrice>0.0000</UnitOfMeasurePrice>
      <AllowDiscount>1</AllowDiscount>
      <ItemStatus>1</ItemStatus>
      <ItemId>80948</ItemId>
    </Item>
    <Item>
      <PriceUpdateDate>2016-05-22 07:11:50</PriceUpdateDate>
      <ItemCode>9299</ItemCode>
      <ItemType>0</ItemType>
      <ItemName>סלרי ראש ארוז</ItemName>
      <ManufacturerName>חקלאי</ManufacturerName>
      <ManufactureCountry>ישראל</ManufactureCountry>
      <ManufacturerItemDescription>סלרי ראש ארוז</ManufacturerItemDescription>
      <UnitQty>Unknown </UnitQty>
      <Quantity>0.00</Quantity>
      <UnitOfMeasure>Unknown </UnitOfMeasure>
      <bIsWeighted>0</bIsWeighted>
      <QtyInPackage>1</QtyInPackage>
      <ItemPrice>6.90</ItemPrice>
      <UnitOfMeasurePrice>0.0000</UnitOfMeasurePrice>
      <AllowDiscount>1</AllowDiscount>
      <ItemStatus>1</ItemStatus>
      <ItemId>80949</ItemId>
    </Item>
    <Item>
      <PriceUpdateDate>2016-05-22 07:11:50</PriceUpdateDate>
      <ItemCode>9306</ItemCode>
      <ItemType>0</ItemType>
      <ItemName>סלרי עלים</ItemName>
      <ManufacturerName>חקלאי</ManufacturerName>
      <ManufactureCountry>ישראל</ManufactureCountry>
      <ManufacturerItemDescription>סלרי עלים</ManufacturerItemDescription>
      <UnitQty>Unknown </UnitQty>
      <Quantity>0.00</Quantity>
      <UnitOfMeasure>Unknown </UnitOfMeasure>
      <bIsWeighted>0</bIsWeighted>
      <QtyInPackage>1</QtyInPackage>
      <ItemPrice>5.90</ItemPrice>
      <UnitOfMeasurePrice>0.0000</UnitOfMeasurePrice>
      <AllowDiscount>1</AllowDiscount>
      <ItemStatus>1</ItemStatus>
      <ItemId>80951</ItemId>
    </Item>
    <Item>
      <PriceUpdateDate>2015-12-09 08:56:56</PriceUpdateDate>
      <ItemCode>9099</ItemCode>
      <ItemType>0</ItemType>
      <ItemName>בזיליקום</ItemName>
      <ManufacturerName>חקלאי</ManufacturerName>
      <ManufactureCountry>ישראל</ManufactureCountry>
      <ManufacturerItemDescription>בזיליקום</ManufacturerItemDescription>
      <UnitQty>Unknown </UnitQty>
      <Quantity>0.00</Quantity>
      <UnitOfMeasure>Unknown </UnitOfMeasure>
      <bIsWeighted>0</bIsWeighted>
      <QtyInPackage>1</QtyInPackage>
      <ItemPrice>5.90</ItemPrice>
      <UnitOfMeasurePrice>0.0000</UnitOfMeasurePrice>
      <AllowDiscount>1</AllowDiscount>
      <ItemStatus>1</ItemStatus>
      <ItemId>80952</ItemId>
    </Item>
    <Item>
      <PriceUpdateDate>2015-08-27 12:55:36</PriceUpdateDate>
      <ItemCode>998</ItemCode>
      <ItemType>0</ItemType>
      <ItemName>עירית</ItemName>
      <ManufacturerName>חקלאי</ManufacturerName>
      <ManufactureCountry>ישראל</ManufactureCountry>
      <ManufacturerItemDescription>עירית</ManufacturerItemDescription>
      <UnitQty>Unknown </UnitQty>
      <Quantity>0.00</Quantity>
      <UnitOfMeasure>Unknown </UnitOfMeasure>
      <bIsWeighted>0</bIsWeighted>
      <QtyInPackage>1</QtyInPackage>
      <ItemPrice>5.90</ItemPrice>
      <UnitOfMeasurePrice>0.0000</UnitOfMeasurePrice>
      <AllowDiscount>1</AllowDiscount>
      <ItemStatus>1</ItemStatus>
      <ItemId>80955</ItemId>
    </Item>
    <Item>
      <PriceUpdateDate>2015-07-14 17:14:16</PriceUpdateDate>
      <ItemCode>9113</ItemCode>
      <ItemType>0</ItemType>
      <ItemName>כוסברה ארוזה</ItemName>
      <ManufacturerName>חקלאי</ManufacturerName>
      <ManufactureCountry>ישראל</ManufactureCountry>
      <ManufacturerItemDescription>כוסברה ארוזה</ManufacturerItemDescription>
      <UnitQty>Unknown </UnitQty>
      <Quantity>0.00</Quantity>
      <UnitOfMeasure>Unknown </UnitOfMeasure>
      <bIsWeighted>0</bIsWeighted>
      <QtyInPackage>1</QtyInPackage>
      <ItemPrice>2.90</ItemPrice>
      <UnitOfMeasurePrice>0.0000</UnitOfMeasurePrice>
      <AllowDiscount>1</AllowDiscount>
      <ItemStatus>1</ItemStatus>
      <ItemId>80956</ItemId>
    </Item>
    <Item>
      <PriceUpdateDate>2016-02-11 15:25:59</PriceUpdateDate>
      <ItemCode>9114</ItemCode>
      <ItemType>0</ItemType>
      <ItemName>נענע ארוזה</ItemName>
      <ManufacturerName>חקלאי</ManufacturerName>
      <ManufactureCountry>ישראל</ManufactureCountry>
      <ManufacturerItemDescription>נענע ארוזה</ManufacturerItemDescription>
      <UnitQty>Unknown </UnitQty>
      <Quantity>0.00</Quantity>
      <UnitOfMeasure>Unknown </UnitOfMeasure>
      <bIsWeighted>0</bIsWeighted>
      <QtyInPackage>1</QtyInPackage>
      <ItemPrice>2.90</ItemPrice>
      <UnitOfMeasurePrice>0.0000</UnitOfMeasurePrice>
      <AllowDiscount>1</AllowDiscount>
      <ItemStatus>1</ItemStatus>
      <ItemId>80957</ItemId>
    </Item>
    <Item>
      <PriceUpdateDate>2015-07-14 17:14:16</PriceUpdateDate>
      <ItemCode>9297</ItemCode>
      <ItemType>0</ItemType>
      <ItemName>פטרוזליה ארוזה</ItemName>
      <ManufacturerName>חקלאי</ManufacturerName>
      <ManufactureCountry>ישראל</ManufactureCountry>
      <ManufacturerItemDescription>פטרוזליה ארוזה</ManufacturerItemDescription>
      <UnitQty>Unknown </UnitQty>
      <Quantity>0.00</Quantity>
      <UnitOfMeasure>Unknown </UnitOfMeasure>
      <bIsWeighted>0</bIsWeighted>
      <QtyInPackage>1</QtyInPackage>
      <ItemPrice>2.90</ItemPrice>
      <UnitOfMeasurePrice>0.0000</UnitOfMeasurePrice>
      <AllowDiscount>1</AllowDiscount>
      <ItemStatus>1</ItemStatus>
      <ItemId>80959</ItemId>
    </Item>
    <Item>
      <PriceUpdateDate>2015-11-05 14:16:57</PriceUpdateDate>
      <ItemCode>995</ItemCode>
      <ItemType>0</ItemType>
      <ItemName>בצל ירוק ארוז</ItemName>
      <ManufacturerName>חקלאי</ManufacturerName>
      <ManufactureCountry>ישראל</ManufactureCountry>
      <ManufacturerItemDescription>בצל ירוק ארוז</ManufacturerItemDescription>
      <UnitQty>Unknown </UnitQty>
      <Quantity>0.00</Quantity>
      <UnitOfMeasure>Unknown </UnitOfMeasure>
      <bIsWeighted>0</bIsWeighted>
      <QtyInPackage>1</QtyInPackage>
      <ItemPrice>4.90</ItemPrice>
      <UnitOfMeasurePrice>0.0000</UnitOfMeasurePrice>
      <AllowDiscount>1</AllowDiscount>
      <ItemStatus>1</ItemStatus>
      <ItemId>80960</ItemId>
    </Item>
    <Item>
      <PriceUpdateDate>2016-08-23 10:43:46</PriceUpdateDate>
      <ItemCode>9618</ItemCode>
      <ItemType>0</ItemType>
      <ItemName>תמר צהוב</ItemName>
      <ManufacturerName>חקלאי</ManufacturerName>
      <ManufactureCountry>ישראל</ManufactureCountry>
      <ManufacturerItemDescription>תמר צהוב</ManufacturerItemDescription>
      <UnitQty>קילוגרמים</UnitQty>
      <Quantity>1.00</Quantity>
      <UnitOfMeasure>ק"ג</UnitOfMeasure>
      <bIsWeighted>1</bIsWeighted>
      <QtyInPackage>לא ידוע</QtyInPackage>
      <ItemPrice>14.90</ItemPrice>
      <UnitOfMeasurePrice>14.9000</UnitOfMeasurePrice>
      <AllowDiscount>0</AllowDiscount>
      <ItemStatus>1</ItemStatus>
      <ItemId>80961</ItemId>
    </Item>
    <Item>
      <PriceUpdateDate>2016-08-30 12:03:45</PriceUpdateDate>
      <ItemCode>9626</ItemCode>
      <ItemType>0</ItemType>
      <ItemName>מנגו</ItemName>
      <ManufacturerName>חקלאי</ManufacturerName>
      <ManufactureCountry>ישראל</ManufactureCountry>
      <ManufacturerItemDescription>מנגו</ManufacturerItemDescription>
      <UnitQty>קילוגרמים</UnitQty>
      <Quantity>1.00</Quantity>
      <UnitOfMeasure>ק"ג</UnitOfMeasure>
      <bIsWeighted>1</bIsWeighted>
      <QtyInPackage>לא ידוע</QtyInPackage>
      <ItemPrice>14.90</ItemPrice>
      <UnitOfMeasurePrice>14.9000</UnitOfMeasurePrice>
      <AllowDiscount>1</AllowDiscount>
      <ItemStatus>1</ItemStatus>
      <ItemId>80965</ItemId>
    </Item>
    <Item>
      <PriceUpdateDate>2016-08-23 10:46:32</PriceUpdateDate>
      <ItemCode>9756</ItemCode>
      <ItemType>0</ItemType>
      <ItemName>שזיף אדום</ItemName>
      <ManufacturerName>חקלאי</ManufacturerName>
      <ManufactureCountry>ישראל</ManufactureCountry>
      <ManufacturerItemDescription>שזיף אדום</ManufacturerItemDescription>
      <UnitQty>קילוגרמים</UnitQty>
      <Quantity>1.00</Quantity>
      <UnitOfMeasure>ק"ג</UnitOfMeasure>
      <bIsWeighted>1</bIsWeighted>
      <QtyInPackage>לא ידוע</QtyInPackage>
      <ItemPrice>15.90</ItemPrice>
      <UnitOfMeasurePrice>15.9000</UnitOfMeasurePrice>
      <AllowDiscount>1</AllowDiscount>
      <ItemStatus>1</ItemStatus>
      <ItemId>80966</ItemId>
    </Item>
    <Item>
      <PriceUpdateDate>2016-09-01 06:20:21</PriceUpdateDate>
      <ItemCode>942</ItemCode>
      <ItemType>0</ItemType>
      <ItemName>ענבי טלי</ItemName>
      <ManufacturerName>חקלאי</ManufacturerName>
      <ManufactureCountry>ישראל</ManufactureCountry>
      <ManufacturerItemDescription>ענבי טלי</ManufacturerItemDescription>
      <UnitQty>קילוגרמים</UnitQty>
      <Quantity>1.00</Quantity>
      <UnitOfMeasure>ק"ג</UnitOfMeasure>
      <bIsWeighted>1</bIsWeighted>
      <QtyInPackage>לא ידוע</QtyInPackage>
      <ItemPrice>18.90</ItemPrice>
      <UnitOfMeasurePrice>18.9000</UnitOfMeasurePrice>
      <AllowDiscount>1</AllowDiscount>
      <ItemStatus>1</ItemStatus>
      <ItemId>80969</ItemId>
    </Item>
    <Item>
      <PriceUpdateDate>2016-08-30 12:05:34</PriceUpdateDate>
      <ItemCode>9578</ItemCode>
      <ItemType>0</ItemType>
      <ItemName>נקטרינה</ItemName>
      <ManufacturerName>חקלאי</ManufacturerName>
      <ManufactureCountry>ישראל</ManufactureCountry>
      <ManufacturerItemDescription>נקטרינה</ManufacturerItemDescription>
      <UnitQty>קילוגרמים</UnitQty>
      <Quantity>1.00</Quantity>
      <UnitOfMeasure>ק"ג</UnitOfMeasure>
      <bIsWeighted>1</bIsWeighted>
      <QtyInPackage>לא ידוע</QtyInPackage>
      <ItemPrice>11.90</ItemPrice>
      <UnitOfMeasurePrice>11.9000</UnitOfMeasurePrice>
      <AllowDiscount>1</AllowDiscount>
      <ItemStatus>1</ItemStatus>
      <ItemId>80970</ItemId>
    </Item>
    <Item>
      <PriceUpdateDate>2016-04-11 11:52:21</PriceUpdateDate>
      <ItemCode>9965</ItemCode>
      <ItemType>0</ItemType>
      <ItemName>תפוח עץ פינק לידי</ItemName>
      <ManufacturerName>חקלאי</ManufacturerName>
      <ManufactureCountry>ישראל</ManufactureCountry>
      <ManufacturerItemDescription>תפוח עץ פינק לידי</ManufacturerItemDescription>
      <UnitQty>קילוגרמים</UnitQty>
      <Quantity>1.00</Quantity>
      <UnitOfMeasure>ק"ג</UnitOfMeasure>
      <bIsWeighted>1</bIsWeighted>
      <QtyInPackage>לא ידוע</QtyInPackage>
      <ItemPrice>14.90</ItemPrice>
      <UnitOfMeasurePrice>14.9000</UnitOfMeasurePrice>
      <AllowDiscount>1</AllowDiscount>
      <ItemStatus>1</ItemStatus>
      <ItemId>80988</ItemId>
    </Item>
    <Item>
      <PriceUpdateDate>2016-07-03 07:36:43</PriceUpdateDate>
      <ItemCode>9658</ItemCode>
      <ItemType>0</ItemType>
      <ItemName>תפוח עץ סמיט</ItemName>
      <ManufacturerName>חקלאי</ManufacturerName>
      <ManufactureCountry>ישראל</ManufactureCountry>
      <ManufacturerItemDescription>תפוח עץ סמיט</ManufacturerItemDescription>
      <UnitQty>קילוגרמים</UnitQty>
      <Quantity>1.00</Quantity>
      <UnitOfMeasure>ק"ג</UnitOfMeasure>
      <bIsWeighted>1</bIsWeighted>
      <QtyInPackage>לא ידוע</QtyInPackage>
      <ItemPrice>9.90</ItemPrice>
      <UnitOfMeasurePrice>9.9000</UnitOfMeasurePrice>
      <AllowDiscount>1</AllowDiscount>
      <ItemStatus>1</ItemStatus>
      <ItemId>80989</ItemId>
    </Item>
    <Item>
      <PriceUpdateDate>2016-08-23 10:46:32</PriceUpdateDate>
      <ItemCode>9697</ItemCode>
      <ItemType>0</ItemType>
      <ItemName>תפוח עץ סטארקינג</ItemName>
      <ManufacturerName>חקלאי</ManufacturerName>
      <ManufactureCountry>ישראל</ManufactureCountry>
      <ManufacturerItemDescription>תפוח עץ סטארקינג</ManufacturerItemDescription>
      <UnitQty>קילוגרמים</UnitQty>
      <Quantity>1.00</Quantity>
      <UnitOfMeasure>ק"ג</UnitOfMeasure>
      <bIsWeighted>1</bIsWeighted>
      <QtyInPackage>לא ידוע</QtyInPackage>
      <ItemPrice>8.90</ItemPrice>
      <UnitOfMeasurePrice>8.9000</UnitOfMeasurePrice>
      <AllowDiscount>1</AllowDiscount>
      <ItemStatus>1</ItemStatus>
      <ItemId>80990</ItemId>
    </Item>
    <Item>
      <PriceUpdateDate>2016-08-14 13:55:24</PriceUpdateDate>
      <ItemCode>9684</ItemCode>
      <ItemType>0</ItemType>
      <ItemName>תפוח עץ זהוב</ItemName>
      <ManufacturerName>חקלאי</ManufacturerName>
      <ManufactureCountry>ישראל</ManufactureCountry>
      <ManufacturerItemDescription>תפוח עץ זהוב</ManufacturerItemDescription>
      <UnitQty>קילוגרמים</UnitQty>
      <Quantity>1.00</Quantity>
      <UnitOfMeasure>ק"ג</UnitOfMeasure>
      <bIsWeighted>1</bIsWeighted>
      <QtyInPackage>לא ידוע</QtyInPackage>
      <ItemPrice>8.90</ItemPrice>
      <UnitOfMeasurePrice>8.9000</UnitOfMeasurePrice>
      <AllowDiscount>1</AllowDiscount>
      <ItemStatus>1</ItemStatus>
      <ItemId>80991</ItemId>
    </Item>
    <Item>
      <PriceUpdateDate>2016-08-24 12:59:33</PriceUpdateDate>
      <ItemCode>9558</ItemCode>
      <ItemType>0</ItemType>
      <ItemName>סברס</ItemName>
      <ManufacturerName>חקלאי</ManufacturerName>
      <ManufactureCountry>ישראל</ManufactureCountry>
      <ManufacturerItemDescription>סברס</ManufacturerItemDescription>
      <UnitQty>קילוגרמים</UnitQty>
      <Quantity>1.00</Quantity>
      <UnitOfMeasure>ק"ג</UnitOfMeasure>
      <bIsWeighted>1</bIsWeighted>
      <QtyInPackage>לא ידוע</QtyInPackage>
      <ItemPrice>24.90</ItemPrice>
      <UnitOfMeasurePrice>24.9000</UnitOfMeasurePrice>
      <AllowDiscount>1</AllowDiscount>
      <ItemStatus>1</ItemStatus>
      <ItemId>80998</ItemId>
    </Item>
    <Item>
      <PriceUpdateDate>2016-08-25 12:33:30</PriceUpdateDate>
      <ItemCode>9555</ItemCode>
      <ItemType>0</ItemType>
      <ItemName>בננות</ItemName>
      <ManufacturerName>חקלאי</ManufacturerName>
      <ManufactureCountry>ישראל</ManufactureCountry>
      <ManufacturerItemDescription>בננות</ManufacturerItemDescription>
      <UnitQty>קילוגרמים</UnitQty>
      <Quantity>1.00</Quantity>
      <UnitOfMeasure>ק"ג</UnitOfMeasure>
      <bIsWeighted>1</bIsWeighted>
      <QtyInPackage>לא ידוע</QtyInPackage>
      <ItemPrice>7.90</ItemPrice>
      <UnitOfMeasurePrice>7.9000</UnitOfMeasurePrice>
      <AllowDiscount>1</AllowDiscount>
      <ItemStatus>1</ItemStatus>
      <ItemId>80999</ItemId>
    </Item>
    <Item>
      <PriceUpdateDate>2016-01-25 15:31:44</PriceUpdateDate>
      <ItemCode>9147</ItemCode>
      <ItemType>0</ItemType>
      <ItemName>אפרסמון</ItemName>
      <ManufacturerName>חקלאי</ManufacturerName>
      <ManufactureCountry>ישראל</ManufactureCountry>
      <ManufacturerItemDescription>אפרסמון</ManufacturerItemDescription>
      <UnitQty>קילוגרמים</UnitQty>
      <Quantity>1.00</Quantity>
      <UnitOfMeasure>ק"ג</UnitOfMeasure>
      <bIsWeighted>1</bIsWeighted>
      <QtyInPackage>לא ידוע</QtyInPackage>
      <ItemPrice>11.90</ItemPrice>
      <UnitOfMeasurePrice>11.9000</UnitOfMeasurePrice>
      <AllowDiscount>1</AllowDiscount>
      <ItemStatus>1</ItemStatus>
      <ItemId>81001</ItemId>
    </Item>
    <Item>
      <PriceUpdateDate>2016-09-01 06:20:21</PriceUpdateDate>
      <ItemCode>9604</ItemCode>
      <ItemType>0</ItemType>
      <ItemName>אגס ספדונה</ItemName>
      <ManufacturerName>חקלאי</ManufacturerName>
      <ManufactureCountry>ישראל</ManufactureCountry>
      <ManufacturerItemDescription>אגס ספדונה</ManufacturerItemDescription>
      <UnitQty>קילוגרמים</UnitQty>
      <Quantity>1.00</Quantity>
      <UnitOfMeasure>ק"ג</UnitOfMeasure>
      <bIsWeighted>1</bIsWeighted>
      <QtyInPackage>לא ידוע</QtyInPackage>
      <ItemPrice>10.90</ItemPrice>
      <UnitOfMeasurePrice>10.9000</UnitOfMeasurePrice>
      <AllowDiscount>1</AllowDiscount>
      <ItemStatus>1</ItemStatus>
      <ItemId>81002</ItemId>
    </Item>
    <Item>
      <PriceUpdateDate>2016-09-01 06:15:52</PriceUpdateDate>
      <ItemCode>9560</ItemCode>
      <ItemType>0</ItemType>
      <ItemName>אבוקדו</ItemName>
      <ManufacturerName>חקלאי</ManufacturerName>
      <ManufactureCountry>ישראל</ManufactureCountry>
      <ManufacturerItemDescription>אבוקדו</ManufacturerItemDescription>
      <UnitQty>קילוגרמים</UnitQty>
      <Quantity>1.00</Quantity>
      <UnitOfMeasure>ק"ג</UnitOfMeasure>
      <bIsWeighted>1</bIsWeighted>
      <QtyInPackage>לא ידוע</QtyInPackage>
      <ItemPrice>13.90</ItemPrice>
      <UnitOfMeasurePrice>13.9000</UnitOfMeasurePrice>
      <AllowDiscount>1</AllowDiscount>
      <ItemStatus>1</ItemStatus>
      <ItemId>81003</ItemId>
    </Item>
    <Item>
      <PriceUpdateDate>2016-08-31 07:48:47</PriceUpdateDate>
      <ItemCode>9318</ItemCode>
      <ItemType>0</ItemType>
      <ItemName>אבטיח</ItemName>
      <ManufacturerName>חקלאי</ManufacturerName>
      <ManufactureCountry>ישראל</ManufactureCountry>
      <ManufacturerItemDescription>אבטיח</ManufacturerItemDescription>
      <UnitQty>קילוגרמים</UnitQty>
      <Quantity>1.00</Quantity>
      <UnitOfMeasure>ק"ג</UnitOfMeasure>
      <bIsWeighted>1</bIsWeighted>
      <QtyInPackage>לא ידוע</QtyInPackage>
      <ItemPrice>3.90</ItemPrice>
      <UnitOfMeasurePrice>3.9000</UnitOfMeasurePrice>
      <AllowDiscount>1</AllowDiscount>
      <ItemStatus>1</ItemStatus>
      <ItemId>81004</ItemId>
    </Item>
    <Item>
      <PriceUpdateDate>2016-08-16 12:11:19</PriceUpdateDate>
      <ItemCode>9312</ItemCode>
      <ItemType>0</ItemType>
      <ItemName>מלון גליה</ItemName>
      <ManufacturerName>חקלאי</ManufacturerName>
      <ManufactureCountry>לא ידוע</ManufactureCountry>
      <ManufacturerItemDescription>מלון גליה</ManufacturerItemDescription>
      <UnitQty>קילוגרמים</UnitQty>
      <Quantity>1.00</Quantity>
      <UnitOfMeasure>ק"ג</UnitOfMeasure>
      <bIsWeighted>1</bIsWeighted>
      <QtyInPackage>לא ידוע</QtyInPackage>
      <ItemPrice>8.90</ItemPrice>
      <UnitOfMeasurePrice>8.9000</UnitOfMeasurePrice>
      <AllowDiscount>1</AllowDiscount>
      <ItemStatus>1</ItemStatus>
      <ItemId>81005</ItemId>
    </Item>
    <Item>
      <PriceUpdateDate>2016-09-01 06:20:21</PriceUpdateDate>
      <ItemCode>9295</ItemCode>
      <ItemType>0</ItemType>
      <ItemName>תפוח אדמה לבן</ItemName>
      <ManufacturerName>חקלאי</ManufacturerName>
      <ManufactureCountry>ישראל</ManufactureCountry>
      <ManufacturerItemDescription>תפוח אדמה לבן</ManufacturerItemDescription>
      <UnitQty>קילוגרמים</UnitQty>
      <Quantity>1.00</Quantity>
      <UnitOfMeasure>ק"ג</UnitOfMeasure>
      <bIsWeighted>1</bIsWeighted>
      <QtyInPackage>לא ידוע</QtyInPackage>
      <ItemPrice>4.90</ItemPrice>
      <UnitOfMeasurePrice>4.9000</UnitOfMeasurePrice>
      <AllowDiscount>1</AllowDiscount>
      <ItemStatus>1</ItemStatus>
      <ItemId>81006</ItemId>
    </Item>
    <Item>
      <PriceUpdateDate>2016-05-13 07:32:52</PriceUpdateDate>
      <ItemCode>9290</ItemCode>
      <ItemType>0</ItemType>
      <ItemName>תפוח אדמה אדום</ItemName>
      <ManufacturerName>חקלאי</ManufacturerName>
      <ManufactureCountry>ישראל</ManufactureCountry>
      <ManufacturerItemDescription>תפוח אדמה אדום</ManufacturerItemDescription>
      <UnitQty>קילוגרמים</UnitQty>
      <Quantity>1.00</Quantity>
      <UnitOfMeasure>ק"ג</UnitOfMeasure>
      <bIsWeighted>1</bIsWeighted>
      <QtyInPackage>לא ידוע</QtyInPackage>
      <ItemPrice>4.90</ItemPrice>
      <UnitOfMeasurePrice>4.9000</UnitOfMeasurePrice>
      <AllowDiscount>1</AllowDiscount>
      <ItemStatus>1</ItemStatus>
      <ItemId>81007</ItemId>
    </Item>
    <Item>
      <PriceUpdateDate>2016-07-26 07:25:57</PriceUpdateDate>
      <ItemCode>9348</ItemCode>
      <ItemType>0</ItemType>
      <ItemName>שום בתפזורת</ItemName>
      <ManufacturerName>חקלאי</ManufacturerName>
      <ManufactureCountry>ישראל</ManufactureCountry>
      <ManufacturerItemDescription>שום בתפזורת</ManufacturerItemDescription>
      <UnitQty>קילוגרמים</UnitQty>
      <Quantity>1.00</Quantity>
      <UnitOfMeasure>ק"ג</UnitOfMeasure>
      <bIsWeighted>1</bIsWeighted>
      <QtyInPackage>לא ידוע</QtyInPackage>
      <ItemPrice>34.90</ItemPrice>
      <UnitOfMeasurePrice>34.9000</UnitOfMeasurePrice>
      <AllowDiscount>1</AllowDiscount>
      <ItemStatus>1</ItemStatus>
      <ItemId>81011</ItemId>
    </Item>
    <Item>
      <PriceUpdateDate>2016-09-01 06:20:21</PriceUpdateDate>
      <ItemCode>9180</ItemCode>
      <ItemType>0</ItemType>
      <ItemName>קשואים</ItemName>
      <ManufacturerName>חקלאי</ManufacturerName>
      <ManufactureCountry>לא ידוע</ManufactureCountry>
      <ManufacturerItemDescription>קשואים</ManufacturerItemDescription>
      <UnitQty>קילוגרמים</UnitQty>
      <Quantity>1.00</Quantity>
      <UnitOfMeasure>ק"ג</UnitOfMeasure>
      <bIsWeighted>1</bIsWeighted>
      <QtyInPackage>לא ידוע</QtyInPackage>
      <ItemPrice>10.90</ItemPrice>
      <UnitOfMeasurePrice>10.9000</UnitOfMeasurePrice>
      <AllowDiscount>1</AllowDiscount>
      <ItemStatus>1</ItemStatus>
      <ItemId>81012</ItemId>
    </Item>
    <Item>
      <PriceUpdateDate>2016-09-01 06:20:21</PriceUpdateDate>
      <ItemCode>9170</ItemCode>
      <ItemType>0</ItemType>
      <ItemName>קולורבי</ItemName>
      <ManufacturerName>חקלאי</ManufacturerName>
      <ManufactureCountry>לא ידוע</ManufactureCountry>
      <ManufacturerItemDescription>קולורבי</ManufacturerItemDescription>
      <UnitQty>קילוגרמים</UnitQty>
      <Quantity>1.00</Quantity>
      <UnitOfMeasure>ק"ג</UnitOfMeasure>
      <bIsWeighted>1</bIsWeighted>
      <QtyInPackage>לא ידוע</QtyInPackage>
      <ItemPrice>8.90</ItemPrice>
      <UnitOfMeasurePrice>8.9000</UnitOfMeasurePrice>
      <AllowDiscount>1</AllowDiscount>
      <ItemStatus>1</ItemStatus>
      <ItemId>81017</ItemId>
    </Item>
    <Item>
      <PriceUpdateDate>2016-08-18 08:15:22</PriceUpdateDate>
      <ItemCode>9158</ItemCode>
      <ItemType>0</ItemType>
      <ItemName>פלפל חריף ירוק</ItemName>
      <ManufacturerName>חקלאי</ManufacturerName>
      <ManufactureCountry>ישראל</ManufactureCountry>
      <ManufacturerItemDescription>פלפל חריף ירוק</ManufacturerItemDescription>
      <UnitQty>קילוגרמים</UnitQty>
      <Quantity>1.00</Quantity>
      <UnitOfMeasure>ק"ג</UnitOfMeasure>
      <bIsWeighted>1</bIsWeighted>
      <QtyInPackage>לא ידוע</QtyInPackage>
      <ItemPrice>8.90</ItemPrice>
      <UnitOfMeasurePrice>8.9000</UnitOfMeasurePrice>
      <AllowDiscount>1</AllowDiscount>
      <ItemStatus>1</ItemStatus>
      <ItemId>81018</ItemId>
    </Item>
    <Item>
      <PriceUpdateDate>2016-08-25 12:34:49</PriceUpdateDate>
      <ItemCode>9155</ItemCode>
      <ItemType>0</ItemType>
      <ItemName>פלפל כהה</ItemName>
      <ManufacturerName>חקלאי</ManufacturerName>
      <ManufactureCountry>לא ידוע</ManufactureCountry>
      <ManufacturerItemDescription>פלפל כהה</ManufacturerItemDescription>
      <UnitQty>קילוגרמים</UnitQty>
      <Quantity>1.00</Quantity>
      <UnitOfMeasure>ק"ג</UnitOfMeasure>
      <bIsWeighted>1</bIsWeighted>
      <QtyInPackage>לא ידוע</QtyInPackage>
      <ItemPrice>8.90</ItemPrice>
      <UnitOfMeasurePrice>8.9000</UnitOfMeasurePrice>
      <AllowDiscount>1</AllowDiscount>
      <ItemStatus>1</ItemStatus>
      <ItemId>81021</ItemId>
    </Item>
    <Item>
      <PriceUpdateDate>2016-09-01 06:20:21</PriceUpdateDate>
      <ItemCode>9160</ItemCode>
      <ItemType>0</ItemType>
      <ItemName>פלפל אדום</ItemName>
      <ManufacturerName>חקלאי</ManufacturerName>
      <ManufactureCountry>לא ידוע</ManufactureCountry>
      <ManufacturerItemDescription>פלפל אדום</ManufacturerItemDescription>
      <UnitQty>קילוגרמים</UnitQty>
      <Quantity>1.00</Quantity>
      <UnitOfMeasure>ק"ג</UnitOfMeasure>
      <bIsWeighted>1</bIsWeighted>
      <QtyInPackage>לא ידוע</QtyInPackage>
      <ItemPrice>10.90</ItemPrice>
      <UnitOfMeasurePrice>10.9000</UnitOfMeasurePrice>
      <AllowDiscount>1</AllowDiscount>
      <ItemStatus>1</ItemStatus>
      <ItemId>81022</ItemId>
    </Item>
    <Item>
      <PriceUpdateDate>2016-08-30 12:03:45</PriceUpdateDate>
      <ItemCode>911</ItemCode>
      <ItemType>0</ItemType>
      <ItemName>שרי באשכול</ItemName>
      <ManufacturerName>חקלאי</ManufacturerName>
      <ManufactureCountry>לא ידוע</ManufactureCountry>
      <ManufacturerItemDescription>שרי באשכול</ManufacturerItemDescription>
      <UnitQty>קילוגרמים</UnitQty>
      <Quantity>1.00</Quantity>
      <UnitOfMeasure>ק"ג</UnitOfMeasure>
      <bIsWeighted>1</bIsWeighted>
      <QtyInPackage>לא ידוע</QtyInPackage>
      <ItemPrice>17.90</ItemPrice>
      <UnitOfMeasurePrice>17.9000</UnitOfMeasurePrice>
      <AllowDiscount>1</AllowDiscount>
      <ItemStatus>1</ItemStatus>
      <ItemId>81023</ItemId>
    </Item>
    <Item>
      <PriceUpdateDate>2016-08-14 13:55:25</PriceUpdateDate>
      <ItemCode>917</ItemCode>
      <ItemType>0</ItemType>
      <ItemName>עגבניה</ItemName>
      <ManufacturerName>חקלאי</ManufacturerName>
      <ManufactureCountry>ישראל</ManufactureCountry>
      <ManufacturerItemDescription>עגבניה</ManufacturerItemDescription>
      <UnitQty>קילוגרמים</UnitQty>
      <Quantity>1.00</Quantity>
      <UnitOfMeasure>ק"ג</UnitOfMeasure>
      <bIsWeighted>1</bIsWeighted>
      <QtyInPackage>לא ידוע</QtyInPackage>
      <ItemPrice>8.90</ItemPrice>
      <UnitOfMeasurePrice>8.9000</UnitOfMeasurePrice>
      <AllowDiscount>1</AllowDiscount>
      <ItemStatus>1</ItemStatus>
      <ItemId>81025</ItemId>
    </Item>
    <Item>
      <PriceUpdateDate>2016-08-23 10:46:32</PriceUpdateDate>
      <ItemCode>941</ItemCode>
      <ItemType>0</ItemType>
      <ItemName>סלק</ItemName>
      <ManufacturerName>חקלאי</ManufacturerName>
      <ManufactureCountry>ישראל</ManufactureCountry>
      <ManufacturerItemDescription>סלק</ManufacturerItemDescription>
      <UnitQty>קילוגרמים</UnitQty>
      <Quantity>1.00</Quantity>
      <UnitOfMeasure>ק"ג</UnitOfMeasure>
      <bIsWeighted>1</bIsWeighted>
      <QtyInPackage>לא ידוע</QtyInPackage>
      <ItemPrice>7.90</ItemPrice>
      <UnitOfMeasurePrice>7.9000</UnitOfMeasurePrice>
      <AllowDiscount>1</AllowDiscount>
      <ItemStatus>1</ItemStatus>
      <ItemId>81026</ItemId>
    </Item>
    <Item>
      <PriceUpdateDate>2016-09-01 06:20:21</PriceUpdateDate>
      <ItemCode>920</ItemCode>
      <ItemType>0</ItemType>
      <ItemName>מלפפון</ItemName>
      <ManufacturerName>חקלאי</ManufacturerName>
      <ManufactureCountry>לא ידוע</ManufactureCountry>
      <ManufacturerItemDescription>מלפפון</ManufacturerItemDescription>
      <UnitQty>קילוגרמים</UnitQty>
      <Quantity>1.00</Quantity>
      <UnitOfMeasure>ק"ג</UnitOfMeasure>
      <bIsWeighted>1</bIsWeighted>
      <QtyInPackage>לא ידוע</QtyInPackage>
      <ItemPrice>7.90</ItemPrice>
      <UnitOfMeasurePrice>7.9000</UnitOfMeasurePrice>
      <AllowDiscount>1</AllowDiscount>
      <ItemStatus>1</ItemStatus>
      <ItemId>81027</ItemId>
    </Item>
    <Item>
      <PriceUpdateDate>2016-08-25 12:33:30</PriceUpdateDate>
      <ItemCode>9270</ItemCode>
      <ItemType>0</ItemType>
      <ItemName>לוף</ItemName>
      <ManufacturerName>חקלאי</ManufacturerName>
      <ManufactureCountry>ישראל</ManufactureCountry>
      <ManufacturerItemDescription>לוף</ManufacturerItemDescription>
      <UnitQty>קילוגרמים</UnitQty>
      <Quantity>1.00</Quantity>
      <UnitOfMeasure>ק"ג</UnitOfMeasure>
      <bIsWeighted>1</bIsWeighted>
      <QtyInPackage>לא ידוע</QtyInPackage>
      <ItemPrice>8.90</ItemPrice>
      <UnitOfMeasurePrice>8.9000</UnitOfMeasurePrice>
      <AllowDiscount>1</AllowDiscount>
      <ItemStatus>1</ItemStatus>
      <ItemId>81028</ItemId>
    </Item>
    <Item>
      <PriceUpdateDate>2016-09-01 06:20:21</PriceUpdateDate>
      <ItemCode>945</ItemCode>
      <ItemType>0</ItemType>
      <ItemName>כרוב לבן</ItemName>
      <ManufacturerName>חקלאי</ManufacturerName>
      <ManufactureCountry>ישראל</ManufactureCountry>
      <ManufacturerItemDescription>כרוב לבן</ManufacturerItemDescription>
      <UnitQty>קילוגרמים</UnitQty>
      <Quantity>1.00</Quantity>
      <UnitOfMeasure>ק"ג</UnitOfMeasure>
      <bIsWeighted>1</bIsWeighted>
      <QtyInPackage>לא ידוע</QtyInPackage>
      <ItemPrice>4.90</ItemPrice>
      <UnitOfMeasurePrice>4.9000</UnitOfMeasurePrice>
      <AllowDiscount>1</AllowDiscount>
      <ItemStatus>1</ItemStatus>
      <ItemId>81029</ItemId>
    </Item>
    <Item>
      <PriceUpdateDate>2016-08-25 12:34:49</PriceUpdateDate>
      <ItemCode>9140</ItemCode>
      <ItemType>0</ItemType>
      <ItemName>חצילים</ItemName>
      <ManufacturerName>חקלאי</ManufacturerName>
      <ManufactureCountry>לא ידוע</ManufactureCountry>
      <ManufacturerItemDescription>חצילים</ManufacturerItemDescription>
      <UnitQty>קילוגרמים</UnitQty>
      <Quantity>1.00</Quantity>
      <UnitOfMeasure>ק"ג</UnitOfMeasure>
      <bIsWeighted>1</bIsWeighted>
      <QtyInPackage>לא ידוע</QtyInPackage>
      <ItemPrice>5.90</ItemPrice>
      <UnitOfMeasurePrice>5.9000</UnitOfMeasurePrice>
      <AllowDiscount>1</AllowDiscount>
      <ItemStatus>1</ItemStatus>
      <ItemId>81031</ItemId>
    </Item>
    <Item>
      <PriceUpdateDate>2016-06-01 12:19:04</PriceUpdateDate>
      <ItemCode>9131</ItemCode>
      <ItemType>0</ItemType>
      <ItemName>דלעת ארוזה</ItemName>
      <ManufacturerName>חקלאי</ManufacturerName>
      <ManufactureCountry>ישראל</ManufactureCountry>
      <ManufacturerItemDescription>דלעת ארוזה</ManufacturerItemDescription>
      <UnitQty>קילוגרמים</UnitQty>
      <Quantity>1.00</Quantity>
      <UnitOfMeasure>ק"ג</UnitOfMeasure>
      <bIsWeighted>1</bIsWeighted>
      <QtyInPackage>לא ידוע</QtyInPackage>
      <ItemPrice>7.90</ItemPrice>
      <UnitOfMeasurePrice>7.9000</UnitOfMeasurePrice>
      <AllowDiscount>1</AllowDiscount>
      <ItemStatus>1</ItemStatus>
      <ItemId>81032</ItemId>
    </Item>
    <Item>
      <PriceUpdateDate>2016-06-17 06:18:30</PriceUpdateDate>
      <ItemCode>9135</ItemCode>
      <ItemType>0</ItemType>
      <ItemName>דלורית</ItemName>
      <ManufacturerName>חקלאי</ManufacturerName>
      <ManufactureCountry>ישראל</ManufactureCountry>
      <ManufacturerItemDescription>דלורית</ManufacturerItemDescription>
      <UnitQty>קילוגרמים</UnitQty>
      <Quantity>1.00</Quantity>
      <UnitOfMeasure>ק"ג</UnitOfMeasure>
      <bIsWeighted>1</bIsWeighted>
      <QtyInPackage>לא ידוע</QtyInPackage>
      <ItemPrice>4.90</ItemPrice>
      <UnitOfMeasurePrice>4.9000</UnitOfMeasurePrice>
      <AllowDiscount>1</AllowDiscount>
      <ItemStatus>1</ItemStatus>
      <ItemId>81033</ItemId>
    </Item>
    <Item>
      <PriceUpdateDate>2016-09-01 06:20:21</PriceUpdateDate>
      <ItemCode>9311</ItemCode>
      <ItemType>0</ItemType>
      <ItemName>גזר ארוז</ItemName>
      <ManufacturerName>חקלאי</ManufacturerName>
      <ManufactureCountry>ישראל</ManufactureCountry>
      <ManufacturerItemDescription>גזר ארוז</ManufacturerItemDescription>
      <UnitQty>קילוגרמים</UnitQty>
      <Quantity>1.00</Quantity>
      <UnitOfMeasure>ק"ג</UnitOfMeasure>
      <bIsWeighted>1</bIsWeighted>
      <QtyInPackage>לא ידוע</QtyInPackage>
      <ItemPrice>4.90</ItemPrice>
      <UnitOfMeasurePrice>4.9000</UnitOfMeasurePrice>
      <AllowDiscount>1</AllowDiscount>
      <ItemStatus>1</ItemStatus>
      <ItemId>81034</ItemId>
    </Item>
    <Item>
      <PriceUpdateDate>2016-09-01 06:20:21</PriceUpdateDate>
      <ItemCode>990</ItemCode>
      <ItemType>0</ItemType>
      <ItemName>בצל יבש</ItemName>
      <ManufacturerName>חקלאי</ManufacturerName>
      <ManufactureCountry>לא ידוע</ManufactureCountry>
      <ManufacturerItemDescription>בצל יבש</ManufacturerItemDescription>
      <UnitQty>קילוגרמים</UnitQty>
      <Quantity>1.00</Quantity>
      <UnitOfMeasure>ק"ג</UnitOfMeasure>
      <bIsWeighted>1</bIsWeighted>
      <QtyInPackage>לא ידוע</QtyInPackage>
      <ItemPrice>3.90</ItemPrice>
      <UnitOfMeasurePrice>3.9000</UnitOfMeasurePrice>
      <AllowDiscount>1</AllowDiscount>
      <ItemStatus>1</ItemStatus>
      <ItemId>81035</ItemId>
    </Item>
    <Item>
      <PriceUpdateDate>2015-10-04 10:18:16</PriceUpdateDate>
      <ItemCode>7290102394821</ItemCode>
      <ItemType>1</ItemType>
      <ItemName>גבינה צהובה דקדק</ItemName>
      <ManufacturerName>טרה</ManufacturerName>
      <ManufactureCountry>ישראל</ManufactureCountry>
      <ManufacturerItemDescription>גבינה צהובה דקדק 200 28% גרם</ManufacturerItemDescription>
      <UnitQty>גרמים</UnitQty>
      <Quantity>200.00</Quantity>
      <UnitOfMeasure>100 גרם</UnitOfMeasure>
      <bIsWeighted>0</bIsWeighted>
      <QtyInPackage>1</QtyInPackage>
      <ItemPrice>15.70</ItemPrice>
      <UnitOfMeasurePrice>7.8500</UnitOfMeasurePrice>
      <AllowDiscount>1</AllowDiscount>
      <ItemStatus>1</ItemStatus>
      <ItemId>81038</ItemId>
    </Item>
    <Item>
      <PriceUpdateDate>2016-09-01 06:20:21</PriceUpdateDate>
      <ItemCode>9319</ItemCode>
      <ItemType>0</ItemType>
      <ItemName>אבטיח זעיר</ItemName>
      <ManufacturerName>חקלאי</ManufacturerName>
      <ManufactureCountry>ישראל</ManufactureCountry>
      <ManufacturerItemDescription>אבטיח זעיר</ManufacturerItemDescription>
      <UnitQty>קילוגרמים</UnitQty>
      <Quantity>1.00</Quantity>
      <UnitOfMeasure>ק"ג</UnitOfMeasure>
      <bIsWeighted>1</bIsWeighted>
      <QtyInPackage>לא ידוע</QtyInPackage>
      <ItemPrice>6.90</ItemPrice>
      <UnitOfMeasurePrice>6.9000</UnitOfMeasurePrice>
      <AllowDiscount>1</AllowDiscount>
      <ItemStatus>1</ItemStatus>
      <ItemId>81054</ItemId>
    </Item>
    <Item>
      <PriceUpdateDate>2015-01-01 00:00:00</PriceUpdateDate>
      <ItemCode>7280001388328</ItemCode>
      <ItemType>1</ItemType>
      <ItemName>נפנף</ItemName>
      <ManufacturerName>יושלם</ManufacturerName>
      <ManufactureCountry>יושלם</ManufactureCountry>
      <ManufacturerItemDescription>נפנף</ManufacturerItemDescription>
      <UnitQty>Unknown </UnitQty>
      <Quantity>0.00</Quantity>
      <UnitOfMeasure>Unknown </UnitOfMeasure>
      <bIsWeighted>0</bIsWeighted>
      <QtyInPackage>1</QtyInPackage>
      <ItemPrice>5.00</ItemPrice>
      <UnitOfMeasurePrice>0.0000</UnitOfMeasurePrice>
      <AllowDiscount>1</AllowDiscount>
      <ItemStatus>1</ItemStatus>
      <ItemId>81113</ItemId>
    </Item>
    <Item>
      <PriceUpdateDate>2015-01-01 00:00:00</PriceUpdateDate>
      <ItemCode>7290012522789</ItemCode>
      <ItemType>1</ItemType>
      <ItemName>שניצל ברוקולי מופחת</ItemName>
      <ManufacturerName>טבעול</ManufacturerName>
      <ManufactureCountry>לא ידוע</ManufactureCountry>
      <ManufacturerItemDescription>שניצל ברוקולי מופחת שומן 630 ג</ManufacturerItemDescription>
      <UnitQty>גרמים</UnitQty>
      <Quantity>630.00</Quantity>
      <UnitOfMeasure>100 גרם</UnitOfMeasure>
      <bIsWeighted>0</bIsWeighted>
      <QtyInPackage>1</QtyInPackage>
      <ItemPrice>38.00</ItemPrice>
      <UnitOfMeasurePrice>6.0317</UnitOfMeasurePrice>
      <AllowDiscount>1</AllowDiscount>
      <ItemStatus>1</ItemStatus>
      <ItemId>81482</ItemId>
    </Item>
    <Item>
      <PriceUpdateDate>2015-10-04 10:17:41</PriceUpdateDate>
      <ItemCode>7290104961441</ItemCode>
      <ItemType>1</ItemType>
      <ItemName>סקין גארד ספריי שמן</ItemName>
      <ManufacturerName>אמיליה קוסמטיקס</ManufacturerName>
      <ManufactureCountry>ישראל</ManufactureCountry>
      <ManufacturerItemDescription>סקין גארד ספריי שמן גזר          200 15</ManufacturerItemDescription>
      <UnitQty>מיליליטרים</UnitQty>
      <Quantity>200.00</Quantity>
      <UnitOfMeasure>100 מ"ל</UnitOfMeasure>
      <bIsWeighted>0</bIsWeighted>
      <QtyInPackage>1</QtyInPackage>
      <ItemPrice>59.40</ItemPrice>
      <UnitOfMeasurePrice>29.7000</UnitOfMeasurePrice>
      <AllowDiscount>1</AllowDiscount>
      <ItemStatus>1</ItemStatus>
      <ItemId>81505</ItemId>
    </Item>
    <Item>
      <PriceUpdateDate>2015-08-12 10:24:40</PriceUpdateDate>
      <ItemCode>7290105693457</ItemCode>
      <ItemType>1</ItemType>
      <ItemName>עוגת הבית דמקה שוקו</ItemName>
      <ManufacturerName>אסם</ManufacturerName>
      <ManufactureCountry>ישראל</ManufactureCountry>
      <ManufacturerItemDescription>עוגת הבית דמקה שוקו וניל 320 ג</ManufacturerItemDescription>
      <UnitQty>גרמים</UnitQty>
      <Quantity>320.00</Quantity>
      <UnitOfMeasure>100 גרם</UnitOfMeasure>
      <bIsWeighted>0</bIsWeighted>
      <QtyInPackage>1</QtyInPackage>
      <ItemPrice>15.90</ItemPrice>
      <UnitOfMeasurePrice>4.9688</UnitOfMeasurePrice>
      <AllowDiscount>1</AllowDiscount>
      <ItemStatus>1</ItemStatus>
      <ItemId>81521</ItemId>
    </Item>
    <Item>
      <PriceUpdateDate>2015-10-04 10:18:54</PriceUpdateDate>
      <ItemCode>7702018258871</ItemCode>
      <ItemType>1</ItemType>
      <ItemName>מכשיר גילוח ונוס פרו</ItemName>
      <ManufacturerName>פרוקטר אנד גמבל</ManufacturerName>
      <ManufactureCountry>פולין</ManufactureCountry>
      <ManufacturerItemDescription>מכשיר גילוח ונוס פרוסקין              +1</ManufacturerItemDescription>
      <UnitQty>Unknown </UnitQty>
      <Quantity>0.00</Quantity>
      <UnitOfMeasure>Unknown </UnitOfMeasure>
      <bIsWeighted>0</bIsWeighted>
      <QtyInPackage>1</QtyInPackage>
      <ItemPrice>39.50</ItemPrice>
      <UnitOfMeasurePrice>0.0000</UnitOfMeasurePrice>
      <AllowDiscount>1</AllowDiscount>
      <ItemStatus>1</ItemStatus>
      <ItemId>81527</ItemId>
    </Item>
    <Item>
      <PriceUpdateDate>2015-10-04 10:18:25</PriceUpdateDate>
      <ItemCode>8000380004942</ItemCode>
      <ItemType>1</ItemType>
      <ItemName>וופל קואדרטיני וניל</ItemName>
      <ManufacturerName>לואקר</ManufacturerName>
      <ManufactureCountry>לא ידוע</ManufactureCountry>
      <ManufacturerItemDescription>וופל קואדרטיני וניל 250 גר</ManufacturerItemDescription>
      <UnitQty>גרמים</UnitQty>
      <Quantity>250.00</Quantity>
      <UnitOfMeasure>100 גרם</UnitOfMeasure>
      <bIsWeighted>0</bIsWeighted>
      <QtyInPackage>1</QtyInPackage>
      <ItemPrice>14.80</ItemPrice>
      <UnitOfMeasurePrice>5.9200</UnitOfMeasurePrice>
      <AllowDiscount>1</AllowDiscount>
      <ItemStatus>1</ItemStatus>
      <ItemId>81531</ItemId>
    </Item>
    <Item>
      <PriceUpdateDate>2015-01-01 00:00:00</PriceUpdateDate>
      <ItemCode>80817109</ItemCode>
      <ItemType>1</ItemType>
      <ItemName>מסטיק מנטוסD3 טעם תו</ItemName>
      <ManufacturerName>פרפטי ואן מלה</ManufacturerName>
      <ManufactureCountry>לא ידוע</ManufactureCountry>
      <ManufacturerItemDescription>מסטיק מנטוסD3 טעם תות תפוח פטל</ManufacturerItemDescription>
      <UnitQty>גרמים</UnitQty>
      <Quantity>30.00</Quantity>
      <UnitOfMeasure>100 גרם</UnitOfMeasure>
      <bIsWeighted>0</bIsWeighted>
      <QtyInPackage>1</QtyInPackage>
      <ItemPrice>7.20</ItemPrice>
      <UnitOfMeasurePrice>24.0000</UnitOfMeasurePrice>
      <AllowDiscount>1</AllowDiscount>
      <ItemStatus>1</ItemStatus>
      <ItemId>81533</ItemId>
    </Item>
    <Item>
      <PriceUpdateDate>2015-01-01 00:00:00</PriceUpdateDate>
      <ItemCode>80938828</ItemCode>
      <ItemType>1</ItemType>
      <ItemName>מסטיק מנטוסD3 טעם אב</ItemName>
      <ManufacturerName>פרפטי ואן מלה</ManufacturerName>
      <ManufactureCountry>לא ידוע</ManufactureCountry>
      <ManufacturerItemDescription>מסטיק מנטוסD3 טעם אביטח אננס מ</ManufacturerItemDescription>
      <UnitQty>גרמים</UnitQty>
      <Quantity>30.00</Quantity>
      <UnitOfMeasure>100 גרם</UnitOfMeasure>
      <bIsWeighted>0</bIsWeighted>
      <QtyInPackage>1</QtyInPackage>
      <ItemPrice>7.20</ItemPrice>
      <UnitOfMeasurePrice>24.0000</UnitOfMeasurePrice>
      <AllowDiscount>1</AllowDiscount>
      <ItemStatus>1</ItemStatus>
      <ItemId>81535</ItemId>
    </Item>
    <Item>
      <PriceUpdateDate>2015-10-04 10:17:57</PriceUpdateDate>
      <ItemCode>8710502405204</ItemCode>
      <ItemType>1</ItemType>
      <ItemName>עוגיות שוקולד צ"יפס</ItemName>
      <ManufacturerName>י. מרבה ישראל בע"מ</ManufacturerName>
      <ManufactureCountry>לא ידוע</ManufactureCountry>
      <ManufacturerItemDescription>עוגיות שוקולד צ"יפס ממולאות בק</ManufacturerItemDescription>
      <UnitQty>גרמים</UnitQty>
      <Quantity>175.00</Quantity>
      <UnitOfMeasure>100 גרם</UnitOfMeasure>
      <bIsWeighted>0</bIsWeighted>
      <QtyInPackage>1</QtyInPackage>
      <ItemPrice>11.80</ItemPrice>
      <UnitOfMeasurePrice>6.7429</UnitOfMeasurePrice>
      <AllowDiscount>1</AllowDiscount>
      <ItemStatus>1</ItemStatus>
      <ItemId>81541</ItemId>
    </Item>
    <Item>
      <PriceUpdateDate>2015-10-04 10:17:49</PriceUpdateDate>
      <ItemCode>7290105691712</ItemCode>
      <ItemType>1</ItemType>
      <ItemName>עוגיות הפסקת קפה</ItemName>
      <ManufacturerName>אסם</ManufacturerName>
      <ManufactureCountry>ישראל</ManufactureCountry>
      <ManufacturerItemDescription>עוגיות הפסקת קפה דגנים מלאים          2</ManufacturerItemDescription>
      <UnitQty>גרמים</UnitQty>
      <Quantity>230.00</Quantity>
      <UnitOfMeasure>100 גרם</UnitOfMeasure>
      <bIsWeighted>0</bIsWeighted>
      <QtyInPackage>1</QtyInPackage>
      <ItemPrice>12.80</ItemPrice>
      <UnitOfMeasurePrice>5.5652</UnitOfMeasurePrice>
      <AllowDiscount>1</AllowDiscount>
      <ItemStatus>1</ItemStatus>
      <ItemId>81737</ItemId>
    </Item>
    <Item>
      <PriceUpdateDate>2016-02-12 08:03:25</PriceUpdateDate>
      <ItemCode>7290000056968</ItemCode>
      <ItemType>1</ItemType>
      <ItemName>שמנ מתוקה הקצפה  38%</ItemName>
      <ManufacturerName>תנובה מרכז שיתופי לש</ManufacturerName>
      <ManufactureCountry>ישראל</ManufactureCountry>
      <ManufacturerItemDescription>שמנת מתוקה להקצפה 500 38% מ"ל</ManufacturerItemDescription>
      <UnitQty>מיליליטרים</UnitQty>
      <Quantity>500.00</Quantity>
      <UnitOfMeasure>100 מ"ל</UnitOfMeasure>
      <bIsWeighted>0</bIsWeighted>
      <QtyInPackage>1</QtyInPackage>
      <ItemPrice>11.80</ItemPrice>
      <UnitOfMeasurePrice>2.3600</UnitOfMeasurePrice>
      <AllowDiscount>1</AllowDiscount>
      <ItemStatus>1</ItemStatus>
      <ItemId>81791</ItemId>
    </Item>
    <Item>
      <PriceUpdateDate>2015-10-04 10:19:06</PriceUpdateDate>
      <ItemCode>7290013906052</ItemCode>
      <ItemType>1</ItemType>
      <ItemName>נקניקיות פרגיות 300</ItemName>
      <ManufacturerName>טירת צבי</ManufacturerName>
      <ManufactureCountry>ישראל</ManufactureCountry>
      <ManufacturerItemDescription>נקניקיות פרגיות 300 גר</ManufacturerItemDescription>
      <UnitQty>גרמים</UnitQty>
      <Quantity>300.00</Quantity>
      <UnitOfMeasure>100 גרם</UnitOfMeasure>
      <bIsWeighted>0</bIsWeighted>
      <QtyInPackage>1</QtyInPackage>
      <ItemPrice>17.60</ItemPrice>
      <UnitOfMeasurePrice>5.8667</UnitOfMeasurePrice>
      <AllowDiscount>1</AllowDiscount>
      <ItemStatus>1</ItemStatus>
      <ItemId>81823</ItemId>
    </Item>
    <Item>
      <PriceUpdateDate>2016-07-28 07:47:14</PriceUpdateDate>
      <ItemCode>7290013474438</ItemCode>
      <ItemType>1</ItemType>
      <ItemName>בייגלה דקים שומשום</ItemName>
      <ManufacturerName>אתר בייגל - Food</ManufacturerName>
      <ManufactureCountry>ישראל</ManufactureCountry>
      <ManufacturerItemDescription>בייגלה דקים דקים שומשום קלאסי</ManufacturerItemDescription>
      <UnitQty>גרמים</UnitQty>
      <Quantity>300.00</Quantity>
      <UnitOfMeasure>100 גרם</UnitOfMeasure>
      <bIsWeighted>0</bIsWeighted>
      <QtyInPackage>1</QtyInPackage>
      <ItemPrice>11.90</ItemPrice>
      <UnitOfMeasurePrice>3.9667</UnitOfMeasurePrice>
      <AllowDiscount>1</AllowDiscount>
      <ItemStatus>1</ItemStatus>
      <ItemId>81851</ItemId>
    </Item>
    <Item>
      <PriceUpdateDate>2015-10-04 10:16:47</PriceUpdateDate>
      <ItemCode>7290104729539</ItemCode>
      <ItemType>1</ItemType>
      <ItemName>מאגדת חטיף דגנים</ItemName>
      <ManufacturerName>שטראוס גרופ</ManufacturerName>
      <ManufactureCountry>ישראל</ManufactureCountry>
      <ManufacturerItemDescription>חטיף דגנים שוקולד חלב ומיקס</ManufacturerItemDescription>
      <UnitQty>גרמים</UnitQty>
      <Quantity>180.00</Quantity>
      <UnitOfMeasure>100 גרם</UnitOfMeasure>
      <bIsWeighted>0</bIsWeighted>
      <QtyInPackage>1</QtyInPackage>
      <ItemPrice>18.70</ItemPrice>
      <UnitOfMeasurePrice>10.3889</UnitOfMeasurePrice>
      <AllowDiscount>1</AllowDiscount>
      <ItemStatus>1</ItemStatus>
      <ItemId>82054</ItemId>
    </Item>
    <Item>
      <PriceUpdateDate>2016-05-04 07:08:56</PriceUpdateDate>
      <ItemCode>7290105961822</ItemCode>
      <ItemType>1</ItemType>
      <ItemName>תפוציפס קראנץ גריל</ItemName>
      <ManufacturerName>שטראוס גרופ</ManufacturerName>
      <ManufactureCountry>לא ידוע</ManufactureCountry>
      <ManufacturerItemDescription>תפוציפס קראנץ גריל 200 גרם</ManufacturerItemDescription>
      <UnitQty>גרמים</UnitQty>
      <Quantity>200.00</Quantity>
      <UnitOfMeasure>100 גרם</UnitOfMeasure>
      <bIsWeighted>0</bIsWeighted>
      <QtyInPackage>1</QtyInPackage>
      <ItemPrice>9.70</ItemPrice>
      <UnitOfMeasurePrice>4.8500</UnitOfMeasurePrice>
      <AllowDiscount>1</AllowDiscount>
      <ItemStatus>1</ItemStatus>
      <ItemId>82064</ItemId>
    </Item>
    <Item>
      <PriceUpdateDate>2015-07-26 09:39:34</PriceUpdateDate>
      <ItemCode>7290100700396</ItemCode>
      <ItemType>1</ItemType>
      <ItemName>אורז יסמין</ItemName>
      <ManufacturerName>סוגת</ManufacturerName>
      <ManufactureCountry>לא ידוע</ManufactureCountry>
      <ManufacturerItemDescription>אורז יסמין 1 ק"ג</ManufacturerItemDescription>
      <UnitQty>קילוגרמים</UnitQty>
      <Quantity>1.00</Quantity>
      <UnitOfMeasure>ק"ג</UnitOfMeasure>
      <bIsWeighted>0</bIsWeighted>
      <QtyInPackage>1</QtyInPackage>
      <ItemPrice>14.90</ItemPrice>
      <UnitOfMeasurePrice>14.9000</UnitOfMeasurePrice>
      <AllowDiscount>1</AllowDiscount>
      <ItemStatus>1</ItemStatus>
      <ItemId>82183</ItemId>
    </Item>
    <Item>
      <PriceUpdateDate>2015-10-04 10:16:37</PriceUpdateDate>
      <ItemCode>7290012803215</ItemCode>
      <ItemType>1</ItemType>
      <ItemName>ופל בלגי בטעם שוקולד</ItemName>
      <ManufacturerName>גילרו בע"מ</ManufacturerName>
      <ManufactureCountry>ישראל</ManufactureCountry>
      <ManufacturerItemDescription>ופל בלגי בטעם שוקולד 200 גרם</ManufacturerItemDescription>
      <UnitQty>גרמים</UnitQty>
      <Quantity>200.00</Quantity>
      <UnitOfMeasure>100 גרם</UnitOfMeasure>
      <bIsWeighted>0</bIsWeighted>
      <QtyInPackage>1</QtyInPackage>
      <ItemPrice>10.80</ItemPrice>
      <UnitOfMeasurePrice>5.4000</UnitOfMeasurePrice>
      <AllowDiscount>1</AllowDiscount>
      <ItemStatus>1</ItemStatus>
      <ItemId>82194</ItemId>
    </Item>
    <Item>
      <PriceUpdateDate>2015-10-04 10:18:11</PriceUpdateDate>
      <ItemCode>7290100928752</ItemCode>
      <ItemType>1</ItemType>
      <ItemName>נוזל הברקה למדיח</ItemName>
      <ManufacturerName>יושלם</ManufacturerName>
      <ManufactureCountry>יושלם</ManufactureCountry>
      <ManufacturerItemDescription>סומט נוזל הברקה למדיח 750 מל</ManufacturerItemDescription>
      <UnitQty>מיליליטרים</UnitQty>
      <Quantity>750.00</Quantity>
      <UnitOfMeasure>100 מ"ל</UnitOfMeasure>
      <bIsWeighted>0</bIsWeighted>
      <QtyInPackage>1</QtyInPackage>
      <ItemPrice>28.60</ItemPrice>
      <UnitOfMeasurePrice>3.8133</UnitOfMeasurePrice>
      <AllowDiscount>1</AllowDiscount>
      <ItemStatus>1</ItemStatus>
      <ItemId>82497</ItemId>
    </Item>
    <Item>
      <PriceUpdateDate>2016-08-25 12:34:49</PriceUpdateDate>
      <ItemCode>943</ItemCode>
      <ItemType>0</ItemType>
      <ItemName>ענב שחור</ItemName>
      <ManufacturerName>חקלאי</ManufacturerName>
      <ManufactureCountry>לא ידוע</ManufactureCountry>
      <ManufacturerItemDescription>ענב שחור</ManufacturerItemDescription>
      <UnitQty>קילוגרמים</UnitQty>
      <Quantity>1.00</Quantity>
      <UnitOfMeasure>ק"ג</UnitOfMeasure>
      <bIsWeighted>1</bIsWeighted>
      <QtyInPackage>לא ידוע</QtyInPackage>
      <ItemPrice>19.90</ItemPrice>
      <UnitOfMeasurePrice>19.9000</UnitOfMeasurePrice>
      <AllowDiscount>1</AllowDiscount>
      <ItemStatus>1</ItemStatus>
      <ItemId>82578</ItemId>
    </Item>
    <Item>
      <PriceUpdateDate>2016-06-06 12:13:02</PriceUpdateDate>
      <ItemCode>7290103129316</ItemCode>
      <ItemType>1</ItemType>
      <ItemName>סבון נוזלי סחלב שחור</ItemName>
      <ManufacturerName>COLGATE ($) -PALMOLI</ManufacturerName>
      <ManufactureCountry>טורקיה</ManufactureCountry>
      <ManufacturerItemDescription>פלמוליב סבון נוזלי סחלב שחור</ManufacturerItemDescription>
      <UnitQty>מיליליטרים</UnitQty>
      <Quantity>500.00</Quantity>
      <UnitOfMeasure>100 מ"ל</UnitOfMeasure>
      <bIsWeighted>0</bIsWeighted>
      <QtyInPackage>1</QtyInPackage>
      <ItemPrice>22.90</ItemPrice>
      <UnitOfMeasurePrice>4.5800</UnitOfMeasurePrice>
      <AllowDiscount>1</AllowDiscount>
      <ItemStatus>1</ItemStatus>
      <ItemId>82699</ItemId>
    </Item>
    <Item>
      <PriceUpdateDate>2015-10-04 10:18:36</PriceUpdateDate>
      <ItemCode>7290015193016</ItemCode>
      <ItemType>1</ItemType>
      <ItemName>רוטב טריאקי ווק</ItemName>
      <ManufacturerName>לינג סאוג האנג בע"מ</ManufacturerName>
      <ManufactureCountry>תאילנד</ManufactureCountry>
      <ManufacturerItemDescription>רוטב טריאקי ווק 340 מל</ManufacturerItemDescription>
      <UnitQty>מיליליטרים</UnitQty>
      <Quantity>340.00</Quantity>
      <UnitOfMeasure>100 מ"ל</UnitOfMeasure>
      <bIsWeighted>0</bIsWeighted>
      <QtyInPackage>1</QtyInPackage>
      <ItemPrice>14.80</ItemPrice>
      <UnitOfMeasurePrice>4.3529</UnitOfMeasurePrice>
      <AllowDiscount>1</AllowDiscount>
      <ItemStatus>1</ItemStatus>
      <ItemId>98793</ItemId>
    </Item>
    <Item>
      <PriceUpdateDate>2015-10-04 10:16:41</PriceUpdateDate>
      <ItemCode>7290000107677</ItemCode>
      <ItemType>1</ItemType>
      <ItemName>שעועית צהובה עדינה</ItemName>
      <ManufacturerName>סנפרוסט</ManufacturerName>
      <ManufactureCountry>ישראל</ManufactureCountry>
      <ManufacturerItemDescription>שעועית צהובה עדינה שלמה 600 גר</ManufacturerItemDescription>
      <UnitQty>גרמים</UnitQty>
      <Quantity>600.00</Quantity>
      <UnitOfMeasure>100 גרם</UnitOfMeasure>
      <bIsWeighted>0</bIsWeighted>
      <QtyInPackage>1</QtyInPackage>
      <ItemPrice>24.70</ItemPrice>
      <UnitOfMeasurePrice>4.1167</UnitOfMeasurePrice>
      <AllowDiscount>1</AllowDiscount>
      <ItemStatus>1</ItemStatus>
      <ItemId>82909</ItemId>
    </Item>
    <Item>
      <PriceUpdateDate>2015-10-04 10:16:48</PriceUpdateDate>
      <ItemCode>7290105964748</ItemCode>
      <ItemType>1</ItemType>
      <ItemName>בונ "ספלנדיד מריר</ItemName>
      <ManufacturerName>שטראוס גרופ</ManufacturerName>
      <ManufactureCountry>ישראל</ManufactureCountry>
      <ManufacturerItemDescription>בונ "ספלנדיד מריר                   70%</ManufacturerItemDescription>
      <UnitQty>גרמים</UnitQty>
      <Quantity>216.00</Quantity>
      <UnitOfMeasure>100 גרם</UnitOfMeasure>
      <bIsWeighted>0</bIsWeighted>
      <QtyInPackage>1</QtyInPackage>
      <ItemPrice>29.60</ItemPrice>
      <UnitOfMeasurePrice>13.7037</UnitOfMeasurePrice>
      <AllowDiscount>1</AllowDiscount>
      <ItemStatus>1</ItemStatus>
      <ItemId>82967</ItemId>
    </Item>
    <Item>
      <PriceUpdateDate>2015-10-04 10:16:48</PriceUpdateDate>
      <ItemCode>7290105964755</ItemCode>
      <ItemType>1</ItemType>
      <ItemName>בונ "ספלנדיד מיקס</ItemName>
      <ManufacturerName>שטראוס גרופ</ManufacturerName>
      <ManufactureCountry>ישראל</ManufactureCountry>
      <ManufacturerItemDescription>בונ "ספלנדיד מיקס משפחתי 216 ג</ManufacturerItemDescription>
      <UnitQty>גרמים</UnitQty>
      <Quantity>216.00</Quantity>
      <UnitOfMeasure>100 גרם</UnitOfMeasure>
      <bIsWeighted>0</bIsWeighted>
      <QtyInPackage>1</QtyInPackage>
      <ItemPrice>29.60</ItemPrice>
      <UnitOfMeasurePrice>13.7037</UnitOfMeasurePrice>
      <AllowDiscount>1</AllowDiscount>
      <ItemStatus>1</ItemStatus>
      <ItemId>82968</ItemId>
    </Item>
    <Item>
      <PriceUpdateDate>2015-10-04 10:16:48</PriceUpdateDate>
      <ItemCode>7290105964915</ItemCode>
      <ItemType>1</ItemType>
      <ItemName>פופקורן בטעם טבעי</ItemName>
      <ManufacturerName>שטראוס גרופ</ManufacturerName>
      <ManufactureCountry>ישראל</ManufactureCountry>
      <ManufacturerItemDescription>פופקורן בטעם טבעי 80 גרם</ManufacturerItemDescription>
      <UnitQty>גרמים</UnitQty>
      <Quantity>80.00</Quantity>
      <UnitOfMeasure>100 גרם</UnitOfMeasure>
      <bIsWeighted>0</bIsWeighted>
      <QtyInPackage>1</QtyInPackage>
      <ItemPrice>5.60</ItemPrice>
      <UnitOfMeasurePrice>7.0000</UnitOfMeasurePrice>
      <AllowDiscount>1</AllowDiscount>
      <ItemStatus>1</ItemStatus>
      <ItemId>82971</ItemId>
    </Item>
    <Item>
      <PriceUpdateDate>2015-10-04 10:17:57</PriceUpdateDate>
      <ItemCode>3574660333466</ItemCode>
      <ItemType>1</ItemType>
      <ItemName>טמפוני אובה קומפורט</ItemName>
      <ManufacturerName>CILAG GMBH INTERNATI</ManufacturerName>
      <ManufactureCountry>גרמניה</ManufactureCountry>
      <ManufacturerItemDescription>אובה קומפורט מיני 32 יח</ManufacturerItemDescription>
      <UnitQty>Unknown </UnitQty>
      <Quantity>0.00</Quantity>
      <UnitOfMeasure>Unknown </UnitOfMeasure>
      <bIsWeighted>0</bIsWeighted>
      <QtyInPackage>1</QtyInPackage>
      <ItemPrice>35.50</ItemPrice>
      <UnitOfMeasurePrice>0.0000</UnitOfMeasurePrice>
      <AllowDiscount>1</AllowDiscount>
      <ItemStatus>1</ItemStatus>
      <ItemId>82993</ItemId>
    </Item>
    <Item>
      <PriceUpdateDate>2015-01-01 00:00:00</PriceUpdateDate>
      <ItemCode>7290104961526</ItemCode>
      <ItemType>1</ItemType>
      <ItemName>טיטניום דאו ספריי גו</ItemName>
      <ManufacturerName>אמיליה קוסמטיקס</ManufacturerName>
      <ManufactureCountry>ישראל</ManufactureCountry>
      <ManufacturerItemDescription>טיטניום דאו ספריי גוף קלאסי          15</ManufacturerItemDescription>
      <UnitQty>מיליליטרים</UnitQty>
      <Quantity>150.00</Quantity>
      <UnitOfMeasure>100 מ"ל</UnitOfMeasure>
      <bIsWeighted>0</bIsWeighted>
      <QtyInPackage>1</QtyInPackage>
      <ItemPrice>23.90</ItemPrice>
      <UnitOfMeasurePrice>15.9333</UnitOfMeasurePrice>
      <AllowDiscount>1</AllowDiscount>
      <ItemStatus>1</ItemStatus>
      <ItemId>83042</ItemId>
    </Item>
    <Item>
      <PriceUpdateDate>2015-10-04 10:17:57</PriceUpdateDate>
      <ItemCode>6937266703038</ItemCode>
      <ItemType>1</ItemType>
      <ItemName>שיק היידרו 5 מכשיר+ס</ItemName>
      <ManufacturerName>ENERGIZER SINGAPORE</ManufacturerName>
      <ManufactureCountry>סין</ManufactureCountry>
      <ManufacturerItemDescription>שיק היידרו 5 מכשיר+סכין</ManufacturerItemDescription>
      <UnitQty>Unknown </UnitQty>
      <Quantity>0.00</Quantity>
      <UnitOfMeasure>Unknown </UnitOfMeasure>
      <bIsWeighted>0</bIsWeighted>
      <QtyInPackage>1</QtyInPackage>
      <ItemPrice>47.40</ItemPrice>
      <UnitOfMeasurePrice>0.0000</UnitOfMeasurePrice>
      <AllowDiscount>1</AllowDiscount>
      <ItemStatus>1</ItemStatus>
      <ItemId>83266</ItemId>
    </Item>
    <Item>
      <PriceUpdateDate>2015-10-04 10:17:57</PriceUpdateDate>
      <ItemCode>6937266703045</ItemCode>
      <ItemType>1</ItemType>
      <ItemName>שיק היידרו 5 רביעיית</ItemName>
      <ManufacturerName>ENERGIZER SINGAPORE</ManufacturerName>
      <ManufactureCountry>סין</ManufactureCountry>
      <ManufacturerItemDescription>שיק היידרו 5 רביעיית סכינים</ManufacturerItemDescription>
      <UnitQty>Unknown </UnitQty>
      <Quantity>0.00</Quantity>
      <UnitOfMeasure>Unknown </UnitOfMeasure>
      <bIsWeighted>0</bIsWeighted>
      <QtyInPackage>1</QtyInPackage>
      <ItemPrice>64.30</ItemPrice>
      <UnitOfMeasurePrice>0.0000</UnitOfMeasurePrice>
      <AllowDiscount>1</AllowDiscount>
      <ItemStatus>1</ItemStatus>
      <ItemId>83267</ItemId>
    </Item>
    <Item>
      <PriceUpdateDate>2016-06-07 07:34:57</PriceUpdateDate>
      <ItemCode>7290011018276</ItemCode>
      <ItemType>1</ItemType>
      <ItemName>תה קר אקזוטי</ItemName>
      <ManufacturerName>FUZE TEA</ManufacturerName>
      <ManufactureCountry>לא ידוע</ManufactureCountry>
      <ManufacturerItemDescription>תה קר FUZE TEA אקזוטי 1.5 ל            .</ManufacturerItemDescription>
      <UnitQty>ליטרים</UnitQty>
      <Quantity>1.50</Quantity>
      <UnitOfMeasure>ליטר</UnitOfMeasure>
      <bIsWeighted>0</bIsWeighted>
      <QtyInPackage>1</QtyInPackage>
      <ItemPrice>7.60</ItemPrice>
      <UnitOfMeasurePrice>5.0667</UnitOfMeasurePrice>
      <AllowDiscount>1</AllowDiscount>
      <ItemStatus>1</ItemStatus>
      <ItemId>83291</ItemId>
    </Item>
    <Item>
      <PriceUpdateDate>2016-06-07 07:34:57</PriceUpdateDate>
      <ItemCode>7290011018283</ItemCode>
      <ItemType>1</ItemType>
      <ItemName>תה קר אפרסק</ItemName>
      <ManufacturerName>FUZE TEA</ManufacturerName>
      <ManufactureCountry>לא ידוע</ManufactureCountry>
      <ManufacturerItemDescription>תה קר FUZE TEA אפרסק 1.5 ל             .</ManufacturerItemDescription>
      <UnitQty>ליטרים</UnitQty>
      <Quantity>1.50</Quantity>
      <UnitOfMeasure>ליטר</UnitOfMeasure>
      <bIsWeighted>0</bIsWeighted>
      <QtyInPackage>1</QtyInPackage>
      <ItemPrice>7.60</ItemPrice>
      <UnitOfMeasurePrice>5.0667</UnitOfMeasurePrice>
      <AllowDiscount>1</AllowDiscount>
      <ItemStatus>1</ItemStatus>
      <ItemId>83292</ItemId>
    </Item>
    <Item>
      <PriceUpdateDate>2016-06-07 07:34:57</PriceUpdateDate>
      <ItemCode>7290011018306</ItemCode>
      <ItemType>1</ItemType>
      <ItemName>תה קר דיאט אפרסק</ItemName>
      <ManufacturerName>FUZE TEA</ManufacturerName>
      <ManufactureCountry>לא ידוע</ManufactureCountry>
      <ManufacturerItemDescription>תה קר דיאט FUZE TEA אפרסק           1.5</ManufacturerItemDescription>
      <UnitQty>ליטרים</UnitQty>
      <Quantity>1.50</Quantity>
      <UnitOfMeasure>ליטר</UnitOfMeasure>
      <bIsWeighted>0</bIsWeighted>
      <QtyInPackage>1</QtyInPackage>
      <ItemPrice>7.60</ItemPrice>
      <UnitOfMeasurePrice>5.0667</UnitOfMeasurePrice>
      <AllowDiscount>1</AllowDiscount>
      <ItemStatus>1</ItemStatus>
      <ItemId>83294</ItemId>
    </Item>
    <Item>
      <PriceUpdateDate>2015-10-04 10:17:42</PriceUpdateDate>
      <ItemCode>7290013848819</ItemCode>
      <ItemType>1</ItemType>
      <ItemName>אלסבון מוצק לוטוס</ItemName>
      <ManufacturerName>קוסמופארם</ManufacturerName>
      <ManufactureCountry>ישראל</ManufactureCountry>
      <ManufacturerItemDescription>כיף אלסבון מוצק לוטוס               1/4</ManufacturerItemDescription>
      <UnitQty>Unknown </UnitQty>
      <Quantity>0.00</Quantity>
      <UnitOfMeasure>Unknown </UnitOfMeasure>
      <bIsWeighted>0</bIsWeighted>
      <QtyInPackage>4</QtyInPackage>
      <ItemPrice>12.80</ItemPrice>
      <UnitOfMeasurePrice>0.0000</UnitOfMeasurePrice>
      <AllowDiscount>1</AllowDiscount>
      <ItemStatus>1</ItemStatus>
      <ItemId>83454</ItemId>
    </Item>
    <Item>
      <PriceUpdateDate>2015-10-04 10:18:14</PriceUpdateDate>
      <ItemCode>7290011017866</ItemCode>
      <ItemType>1</ItemType>
      <ItemName>קוקה קולה פחית סליק</ItemName>
      <ManufacturerName>החברה המרכזית למשקאו</ManufacturerName>
      <ManufactureCountry>ישראל</ManufactureCountry>
      <ManufacturerItemDescription>קוקה קולה פחית סליק 330 מל</ManufacturerItemDescription>
      <UnitQty>מיליליטרים</UnitQty>
      <Quantity>330.00</Quantity>
      <UnitOfMeasure>100 מ"ל</UnitOfMeasure>
      <bIsWeighted>0</bIsWeighted>
      <QtyInPackage>1</QtyInPackage>
      <ItemPrice>6.20</ItemPrice>
      <UnitOfMeasurePrice>1.8788</UnitOfMeasurePrice>
      <AllowDiscount>1</AllowDiscount>
      <ItemStatus>1</ItemStatus>
      <ItemId>83631</ItemId>
    </Item>
    <Item>
      <PriceUpdateDate>2015-10-04 10:18:14</PriceUpdateDate>
      <ItemCode>7290011017873</ItemCode>
      <ItemType>1</ItemType>
      <ItemName>קולה פחית ZERO סליק</ItemName>
      <ManufacturerName>החברה המרכזית למשקאו</ManufacturerName>
      <ManufactureCountry>ישראל</ManufactureCountry>
      <ManufacturerItemDescription>קולה פחית ZERO סליק 330 מל</ManufacturerItemDescription>
      <UnitQty>מיליליטרים</UnitQty>
      <Quantity>330.00</Quantity>
      <UnitOfMeasure>100 מ"ל</UnitOfMeasure>
      <bIsWeighted>0</bIsWeighted>
      <QtyInPackage>1</QtyInPackage>
      <ItemPrice>6.20</ItemPrice>
      <UnitOfMeasurePrice>1.8788</UnitOfMeasurePrice>
      <AllowDiscount>1</AllowDiscount>
      <ItemStatus>1</ItemStatus>
      <ItemId>83632</ItemId>
    </Item>
    <Item>
      <PriceUpdateDate>2015-10-04 10:17:42</PriceUpdateDate>
      <ItemCode>7290014397200</ItemCode>
      <ItemType>1</ItemType>
      <ItemName>אורביטול סופט מ.שיני</ItemName>
      <ManufacturerName>z.h. plastic</ManufacturerName>
      <ManufactureCountry>סין</ManufactureCountry>
      <ManufacturerItemDescription>אורביטול סופט מ.שיניים              1/3</ManufacturerItemDescription>
      <UnitQty>Unknown </UnitQty>
      <Quantity>0.00</Quantity>
      <UnitOfMeasure>Unknown </UnitOfMeasure>
      <bIsWeighted>0</bIsWeighted>
      <QtyInPackage>1</QtyInPackage>
      <ItemPrice>18.10</ItemPrice>
      <UnitOfMeasurePrice>0.0000</UnitOfMeasurePrice>
      <AllowDiscount>1</AllowDiscount>
      <ItemStatus>1</ItemStatus>
      <ItemId>83656</ItemId>
    </Item>
    <Item>
      <PriceUpdateDate>2015-10-14 12:15:20</PriceUpdateDate>
      <ItemCode>7290005896439</ItemCode>
      <ItemType>1</ItemType>
      <ItemName>בירה מכבי בקבוק</ItemName>
      <ManufacturerName>טמפו</ManufacturerName>
      <ManufactureCountry>ישראל</ManufactureCountry>
      <ManufacturerItemDescription>בירה מכבי בקבוק 500 מל חוזר</ManufacturerItemDescription>
      <UnitQty>מיליליטרים</UnitQty>
      <Quantity>500.00</Quantity>
      <UnitOfMeasure>100 מ"ל</UnitOfMeasure>
      <bIsWeighted>0</bIsWeighted>
      <QtyInPackage>1</QtyInPackage>
      <ItemPrice>6.50</ItemPrice>
      <UnitOfMeasurePrice>1.3000</UnitOfMeasurePrice>
      <AllowDiscount>1</AllowDiscount>
      <ItemStatus>1</ItemStatus>
      <ItemId>83662</ItemId>
    </Item>
    <Item>
      <PriceUpdateDate>2015-08-14 09:03:44</PriceUpdateDate>
      <ItemCode>835811006053</ItemCode>
      <ItemType>1</ItemType>
      <ItemName>קורנפלור 200 גר</ItemName>
      <ManufacturerName>ר.ס חברה ליבוא ויצור</ManufacturerName>
      <ManufactureCountry>ישראל</ManufactureCountry>
      <ManufacturerItemDescription>קורנפלור 200 גר</ManufacturerItemDescription>
      <UnitQty>גרמים</UnitQty>
      <Quantity>200.00</Quantity>
      <UnitOfMeasure>100 גרם</UnitOfMeasure>
      <bIsWeighted>0</bIsWeighted>
      <QtyInPackage>1</QtyInPackage>
      <ItemPrice>3.50</ItemPrice>
      <UnitOfMeasurePrice>1.7500</UnitOfMeasurePrice>
      <AllowDiscount>1</AllowDiscount>
      <ItemStatus>1</ItemStatus>
      <ItemId>83970</ItemId>
    </Item>
    <Item>
      <PriceUpdateDate>2015-01-01 00:00:00</PriceUpdateDate>
      <ItemCode>7290000158211</ItemCode>
      <ItemType>1</ItemType>
      <ItemName>שניצל עוף דק ענק 700</ItemName>
      <ManufacturerName>עוף טוב</ManufacturerName>
      <ManufactureCountry>לא ידוע</ManufactureCountry>
      <ManufacturerItemDescription>שניצל עוף דק ענק 700 100% גר           "</ManufacturerItemDescription>
      <UnitQty>גרמים</UnitQty>
      <Quantity>700.00</Quantity>
      <UnitOfMeasure>100 גרם</UnitOfMeasure>
      <bIsWeighted>0</bIsWeighted>
      <QtyInPackage>1</QtyInPackage>
      <ItemPrice>40.50</ItemPrice>
      <UnitOfMeasurePrice>5.7857</UnitOfMeasurePrice>
      <AllowDiscount>1</AllowDiscount>
      <ItemStatus>1</ItemStatus>
      <ItemId>84025</ItemId>
    </Item>
    <Item>
      <PriceUpdateDate>2015-01-01 00:00:00</PriceUpdateDate>
      <ItemCode>7290000158273</ItemCode>
      <ItemType>1</ItemType>
      <ItemName>שניצל עוף ציפוי מעוד</ItemName>
      <ManufacturerName>עוף טוב</ManufacturerName>
      <ManufactureCountry>לא ידוע</ManufactureCountry>
      <ManufacturerItemDescription>שניצל עוף ציפוי מעודן              100%</ManufacturerItemDescription>
      <UnitQty>גרמים</UnitQty>
      <Quantity>700.00</Quantity>
      <UnitOfMeasure>100 גרם</UnitOfMeasure>
      <bIsWeighted>0</bIsWeighted>
      <QtyInPackage>1</QtyInPackage>
      <ItemPrice>46.90</ItemPrice>
      <UnitOfMeasurePrice>6.7000</UnitOfMeasurePrice>
      <AllowDiscount>1</AllowDiscount>
      <ItemStatus>1</ItemStatus>
      <ItemId>84027</ItemId>
    </Item>
    <Item>
      <PriceUpdateDate>2015-10-04 10:17:42</PriceUpdateDate>
      <ItemCode>7290014397149</ItemCode>
      <ItemType>1</ItemType>
      <ItemName>תחליב רחצה אמבר</ItemName>
      <ManufacturerName>קוסמופארם</ManufacturerName>
      <ManufactureCountry>לא ידוע</ManufactureCountry>
      <ManufacturerItemDescription>קרמה תחליב רחצה אמבר 750 מ"ל</ManufacturerItemDescription>
      <UnitQty>מיליליטרים</UnitQty>
      <Quantity>750.00</Quantity>
      <UnitOfMeasure>100 מ"ל</UnitOfMeasure>
      <bIsWeighted>0</bIsWeighted>
      <QtyInPackage>1</QtyInPackage>
      <ItemPrice>19.70</ItemPrice>
      <UnitOfMeasurePrice>2.6267</UnitOfMeasurePrice>
      <AllowDiscount>1</AllowDiscount>
      <ItemStatus>1</ItemStatus>
      <ItemId>84097</ItemId>
    </Item>
    <Item>
      <PriceUpdateDate>2015-01-01 00:00:00</PriceUpdateDate>
      <ItemCode>7290104001185</ItemCode>
      <ItemType>1</ItemType>
      <ItemName>מפיון בקופסא מגה</ItemName>
      <ManufacturerName>חי מוצרי ניר</ManufacturerName>
      <ManufactureCountry>ישראל</ManufactureCountry>
      <ManufacturerItemDescription>מפיון בקופסא מגה</ManufacturerItemDescription>
      <UnitQty>Unknown </UnitQty>
      <Quantity>0.00</Quantity>
      <UnitOfMeasure>Unknown </UnitOfMeasure>
      <bIsWeighted>0</bIsWeighted>
      <QtyInPackage>1</QtyInPackage>
      <ItemPrice>3.80</ItemPrice>
      <UnitOfMeasurePrice>0.0000</UnitOfMeasurePrice>
      <AllowDiscount>1</AllowDiscount>
      <ItemStatus>1</ItemStatus>
      <ItemId>84123</ItemId>
    </Item>
    <Item>
      <PriceUpdateDate>2015-10-04 10:17:42</PriceUpdateDate>
      <ItemCode>7290014397248</ItemCode>
      <ItemType>1</ItemType>
      <ItemName>גל כביסה מרוכז בייבי</ItemName>
      <ManufacturerName>סנו</ManufacturerName>
      <ManufactureCountry>לא ידוע</ManufactureCountry>
      <ManufacturerItemDescription>גל כביסה מרוכז בייבי 750 מ"ל</ManufacturerItemDescription>
      <UnitQty>מיליליטרים</UnitQty>
      <Quantity>750.00</Quantity>
      <UnitOfMeasure>100 מ"ל</UnitOfMeasure>
      <bIsWeighted>0</bIsWeighted>
      <QtyInPackage>1</QtyInPackage>
      <ItemPrice>27.70</ItemPrice>
      <UnitOfMeasurePrice>3.6933</UnitOfMeasurePrice>
      <AllowDiscount>1</AllowDiscount>
      <ItemStatus>1</ItemStatus>
      <ItemId>84229</ItemId>
    </Item>
    <Item>
      <PriceUpdateDate>2015-08-03 07:56:01</PriceUpdateDate>
      <ItemCode>5412841606184</ItemCode>
      <ItemType>1</ItemType>
      <ItemName>מסטיק KISS ספירמינט</ItemName>
      <ManufacturerName>פרפטי ואן מלה</ManufacturerName>
      <ManufactureCountry>הולנד</ManufactureCountry>
      <ManufacturerItemDescription>מסטיק מנטוס KISS ספירמינט</ManufacturerItemDescription>
      <UnitQty>Unknown </UnitQty>
      <Quantity>0.00</Quantity>
      <UnitOfMeasure>Unknown </UnitOfMeasure>
      <bIsWeighted>0</bIsWeighted>
      <QtyInPackage>1</QtyInPackage>
      <ItemPrice>5.90</ItemPrice>
      <UnitOfMeasurePrice>0.0000</UnitOfMeasurePrice>
      <AllowDiscount>1</AllowDiscount>
      <ItemStatus>1</ItemStatus>
      <ItemId>84302</ItemId>
    </Item>
    <Item>
      <PriceUpdateDate>2015-11-05 14:17:26</PriceUpdateDate>
      <ItemCode>7290101867708</ItemCode>
      <ItemType>1</ItemType>
      <ItemName>קפסולות גל כביסה</ItemName>
      <ManufacturerName>יושלם</ManufacturerName>
      <ManufactureCountry>לא ידוע</ManufactureCountry>
      <ManufacturerItemDescription>קפסולות גל כביסה קולון20 101יח</ManufacturerItemDescription>
      <UnitQty>Unknown </UnitQty>
      <Quantity>0.00</Quantity>
      <UnitOfMeasure>Unknown </UnitOfMeasure>
      <bIsWeighted>0</bIsWeighted>
      <QtyInPackage>1</QtyInPackage>
      <ItemPrice>33.70</ItemPrice>
      <UnitOfMeasurePrice>0.0000</UnitOfMeasurePrice>
      <AllowDiscount>1</AllowDiscount>
      <ItemStatus>1</ItemStatus>
      <ItemId>84357</ItemId>
    </Item>
    <Item>
      <PriceUpdateDate>2016-07-14 06:58:46</PriceUpdateDate>
      <ItemCode>7290000166162</ItemCode>
      <ItemType>1</ItemType>
      <ItemName>חטיף דגנים מריר תות</ItemName>
      <ManufacturerName>גוצ'מולר אוסטריה - P</ManufacturerName>
      <ManufactureCountry>אוסטריה</ManufactureCountry>
      <ManufacturerItemDescription>חטיף דגנים מריר תות 132 גר</ManufacturerItemDescription>
      <UnitQty>גרמים</UnitQty>
      <Quantity>132.00</Quantity>
      <UnitOfMeasure>100 גרם</UnitOfMeasure>
      <bIsWeighted>0</bIsWeighted>
      <QtyInPackage>1</QtyInPackage>
      <ItemPrice>14.50</ItemPrice>
      <UnitOfMeasurePrice>10.9848</UnitOfMeasurePrice>
      <AllowDiscount>1</AllowDiscount>
      <ItemStatus>1</ItemStatus>
      <ItemId>84425</ItemId>
    </Item>
    <Item>
      <PriceUpdateDate>2016-07-14 06:58:47</PriceUpdateDate>
      <ItemCode>7290000166179</ItemCode>
      <ItemType>1</ItemType>
      <ItemName>חטיף דגנים מריר</ItemName>
      <ManufacturerName>גוצ'מולר אוסטריה - P</ManufacturerName>
      <ManufactureCountry>אוסטריה</ManufactureCountry>
      <ManufacturerItemDescription>חטיף דגנים מריר פצפוצים 132 גר</ManufacturerItemDescription>
      <UnitQty>גרמים</UnitQty>
      <Quantity>132.00</Quantity>
      <UnitOfMeasure>100 גרם</UnitOfMeasure>
      <bIsWeighted>0</bIsWeighted>
      <QtyInPackage>1</QtyInPackage>
      <ItemPrice>14.50</ItemPrice>
      <UnitOfMeasurePrice>10.9848</UnitOfMeasurePrice>
      <AllowDiscount>1</AllowDiscount>
      <ItemStatus>1</ItemStatus>
      <ItemId>84426</ItemId>
    </Item>
    <Item>
      <PriceUpdateDate>2015-01-01 00:00:00</PriceUpdateDate>
      <ItemCode>8005200496525</ItemCode>
      <ItemType>1</ItemType>
      <ItemName>נסטי אפרסק 1.5 ליטר</ItemName>
      <ManufacturerName>אסם</ManufacturerName>
      <ManufactureCountry>איטליה</ManufactureCountry>
      <ManufacturerItemDescription>נסטי אפרסק 1.5 ליטר</ManufacturerItemDescription>
      <UnitQty>ליטרים</UnitQty>
      <Quantity>1.50</Quantity>
      <UnitOfMeasure>ליטר</UnitOfMeasure>
      <bIsWeighted>0</bIsWeighted>
      <QtyInPackage>1</QtyInPackage>
      <ItemPrice>8.00</ItemPrice>
      <UnitOfMeasurePrice>5.3333</UnitOfMeasurePrice>
      <AllowDiscount>1</AllowDiscount>
      <ItemStatus>1</ItemStatus>
      <ItemId>84445</ItemId>
    </Item>
    <Item>
      <PriceUpdateDate>2015-10-04 10:16:59</PriceUpdateDate>
      <ItemCode>7290100249932</ItemCode>
      <ItemType>1</ItemType>
      <ItemName>דליפקאן</ItemName>
      <ManufacturerName>אתר שפע - Food</ManufacturerName>
      <ManufactureCountry>ישראל</ManufactureCountry>
      <ManufacturerItemDescription>דליפקאן 400 גר בדץ</ManufacturerItemDescription>
      <UnitQty>גרמים</UnitQty>
      <Quantity>400.00</Quantity>
      <UnitOfMeasure>100 גרם</UnitOfMeasure>
      <bIsWeighted>0</bIsWeighted>
      <QtyInPackage>1</QtyInPackage>
      <ItemPrice>24.50</ItemPrice>
      <UnitOfMeasurePrice>6.1250</UnitOfMeasurePrice>
      <AllowDiscount>1</AllowDiscount>
      <ItemStatus>1</ItemStatus>
      <ItemId>84845</ItemId>
    </Item>
    <Item>
      <PriceUpdateDate>2015-10-04 10:17:17</PriceUpdateDate>
      <ItemCode>7290104000966</ItemCode>
      <ItemType>1</ItemType>
      <ItemName>קוסקוס מלא 500 גרם</ItemName>
      <ManufacturerName>דרי קוספט</ManufacturerName>
      <ManufactureCountry>מרוקו</ManufactureCountry>
      <ManufacturerItemDescription>קוסקוס מלא 500 גרם מגה</ManufacturerItemDescription>
      <UnitQty>גרמים</UnitQty>
      <Quantity>500.00</Quantity>
      <UnitOfMeasure>100 גרם</UnitOfMeasure>
      <bIsWeighted>0</bIsWeighted>
      <QtyInPackage>1</QtyInPackage>
      <ItemPrice>8.80</ItemPrice>
      <UnitOfMeasurePrice>1.7600</UnitOfMeasurePrice>
      <AllowDiscount>1</AllowDiscount>
      <ItemStatus>1</ItemStatus>
      <ItemId>85683</ItemId>
    </Item>
    <Item>
      <PriceUpdateDate>2015-10-04 10:16:48</PriceUpdateDate>
      <ItemCode>7290106520066</ItemCode>
      <ItemType>1</ItemType>
      <ItemName>רבע לשבע טעם שוקולד</ItemName>
      <ManufacturerName>הגביע מוצרי וופלים ב</ManufacturerName>
      <ManufactureCountry>ישראל</ManufactureCountry>
      <ManufacturerItemDescription>רבע לשבע בד"צ 160 גרם</ManufacturerItemDescription>
      <UnitQty>גרמים</UnitQty>
      <Quantity>160.00</Quantity>
      <UnitOfMeasure>100 גרם</UnitOfMeasure>
      <bIsWeighted>0</bIsWeighted>
      <QtyInPackage>1</QtyInPackage>
      <ItemPrice>13.70</ItemPrice>
      <UnitOfMeasurePrice>8.5625</UnitOfMeasurePrice>
      <AllowDiscount>1</AllowDiscount>
      <ItemStatus>1</ItemStatus>
      <ItemId>85799</ItemId>
    </Item>
    <Item>
      <PriceUpdateDate>2016-07-20 06:58:30</PriceUpdateDate>
      <ItemCode>7290014466128</ItemCode>
      <ItemType>1</ItemType>
      <ItemName>יין הר חרמון אינדיגו</ItemName>
      <ManufacturerName>יקב רמת הגולן</ManufacturerName>
      <ManufactureCountry>לא ידוע</ManufactureCountry>
      <ManufacturerItemDescription>יין הר חרמון אינדיגו 750 מ"ל</ManufacturerItemDescription>
      <UnitQty>מיליליטרים</UnitQty>
      <Quantity>750.00</Quantity>
      <UnitOfMeasure>100 מ"ל</UnitOfMeasure>
      <bIsWeighted>0</bIsWeighted>
      <QtyInPackage>1</QtyInPackage>
      <ItemPrice>39.90</ItemPrice>
      <UnitOfMeasurePrice>5.3200</UnitOfMeasurePrice>
      <AllowDiscount>1</AllowDiscount>
      <ItemStatus>1</ItemStatus>
      <ItemId>85800</ItemId>
    </Item>
    <Item>
      <PriceUpdateDate>2015-07-26 09:39:41</PriceUpdateDate>
      <ItemCode>7290004121945</ItemCode>
      <ItemType>1</ItemType>
      <ItemName>חלב 1.5 2% ליטר</ItemName>
      <ManufacturerName>תנובה מרכז שיתופי לש</ManufacturerName>
      <ManufactureCountry>ישראל</ManufactureCountry>
      <ManufacturerItemDescription>חלב 1.5 2% ליטר</ManufacturerItemDescription>
      <UnitQty>ליטרים</UnitQty>
      <Quantity>1.50</Quantity>
      <UnitOfMeasure>ליטר</UnitOfMeasure>
      <bIsWeighted>0</bIsWeighted>
      <QtyInPackage>1</QtyInPackage>
      <ItemPrice>8.40</ItemPrice>
      <UnitOfMeasurePrice>5.6000</UnitOfMeasurePrice>
      <AllowDiscount>1</AllowDiscount>
      <ItemStatus>1</ItemStatus>
      <ItemId>85986</ItemId>
    </Item>
    <Item>
      <PriceUpdateDate>2015-01-01 00:00:00</PriceUpdateDate>
      <ItemCode>7290106578333</ItemCode>
      <ItemType>1</ItemType>
      <ItemName>חציל על האש 400 גר</ItemName>
      <ManufacturerName>אסם</ManufacturerName>
      <ManufactureCountry>ישראל</ManufactureCountry>
      <ManufacturerItemDescription>חציל על האש 400 גר</ManufacturerItemDescription>
      <UnitQty>גרמים</UnitQty>
      <Quantity>400.00</Quantity>
      <UnitOfMeasure>100 גרם</UnitOfMeasure>
      <bIsWeighted>0</bIsWeighted>
      <QtyInPackage>1</QtyInPackage>
      <ItemPrice>12.90</ItemPrice>
      <UnitOfMeasurePrice>3.2250</UnitOfMeasurePrice>
      <AllowDiscount>1</AllowDiscount>
      <ItemStatus>1</ItemStatus>
      <ItemId>92597</ItemId>
    </Item>
    <Item>
      <PriceUpdateDate>2015-10-04 10:17:42</PriceUpdateDate>
      <ItemCode>7290104961878</ItemCode>
      <ItemType>1</ItemType>
      <ItemName>קרטין אינטנס שמפו</ItemName>
      <ManufacturerName>אמיליה קוסמטיקס</ManufacturerName>
      <ManufactureCountry>ישראל</ManufactureCountry>
      <ManufacturerItemDescription>קרטין אינטנס שמפו 400 מל</ManufacturerItemDescription>
      <UnitQty>מיליליטרים</UnitQty>
      <Quantity>400.00</Quantity>
      <UnitOfMeasure>100 מ"ל</UnitOfMeasure>
      <bIsWeighted>0</bIsWeighted>
      <QtyInPackage>1</QtyInPackage>
      <ItemPrice>29.60</ItemPrice>
      <UnitOfMeasurePrice>7.4000</UnitOfMeasurePrice>
      <AllowDiscount>1</AllowDiscount>
      <ItemStatus>1</ItemStatus>
      <ItemId>86227</ItemId>
    </Item>
    <Item>
      <PriceUpdateDate>2015-10-04 10:17:42</PriceUpdateDate>
      <ItemCode>7290104961885</ItemCode>
      <ItemType>1</ItemType>
      <ItemName>קרטין אינטנס מרכך</ItemName>
      <ManufacturerName>אמיליה קוסמטיקס</ManufacturerName>
      <ManufactureCountry>ישראל</ManufactureCountry>
      <ManufacturerItemDescription>קרטין אינטנס מרכך 400 מל</ManufacturerItemDescription>
      <UnitQty>מיליליטרים</UnitQty>
      <Quantity>400.00</Quantity>
      <UnitOfMeasure>100 מ"ל</UnitOfMeasure>
      <bIsWeighted>0</bIsWeighted>
      <QtyInPackage>1</QtyInPackage>
      <ItemPrice>29.60</ItemPrice>
      <UnitOfMeasurePrice>7.4000</UnitOfMeasurePrice>
      <AllowDiscount>1</AllowDiscount>
      <ItemStatus>1</ItemStatus>
      <ItemId>86228</ItemId>
    </Item>
    <Item>
      <PriceUpdateDate>2015-10-04 10:17:42</PriceUpdateDate>
      <ItemCode>7290104961892</ItemCode>
      <ItemType>1</ItemType>
      <ItemName>קרטין אינטנס מסיכה</ItemName>
      <ManufacturerName>אמיליה קוסמטיקס</ManufacturerName>
      <ManufactureCountry>ישראל</ManufactureCountry>
      <ManufacturerItemDescription>קרטין אינטנס מסיכת שיער 350 מל</ManufacturerItemDescription>
      <UnitQty>מיליליטרים</UnitQty>
      <Quantity>350.00</Quantity>
      <UnitOfMeasure>100 מ"ל</UnitOfMeasure>
      <bIsWeighted>0</bIsWeighted>
      <QtyInPackage>1</QtyInPackage>
      <ItemPrice>39.50</ItemPrice>
      <UnitOfMeasurePrice>11.2857</UnitOfMeasurePrice>
      <AllowDiscount>1</AllowDiscount>
      <ItemStatus>1</ItemStatus>
      <ItemId>86229</ItemId>
    </Item>
    <Item>
      <PriceUpdateDate>2015-01-01 00:00:00</PriceUpdateDate>
      <ItemCode>4009900402965</ItemCode>
      <ItemType>1</ItemType>
      <ItemName>בקבוקון וויט פירות</ItemName>
      <ManufacturerName>ריגלי</ManufacturerName>
      <ManufactureCountry>פולין</ManufactureCountry>
      <ManufacturerItemDescription>אורביט בקבוקון וויט פירות</ManufacturerItemDescription>
      <UnitQty>Unknown </UnitQty>
      <Quantity>0.00</Quantity>
      <UnitOfMeasure>Unknown </UnitOfMeasure>
      <bIsWeighted>0</bIsWeighted>
      <QtyInPackage>1</QtyInPackage>
      <ItemPrice>11.00</ItemPrice>
      <UnitOfMeasurePrice>0.0000</UnitOfMeasurePrice>
      <AllowDiscount>1</AllowDiscount>
      <ItemStatus>1</ItemStatus>
      <ItemId>86395</ItemId>
    </Item>
    <Item>
      <PriceUpdateDate>2015-01-01 00:00:00</PriceUpdateDate>
      <ItemCode>4009900403023</ItemCode>
      <ItemType>1</ItemType>
      <ItemName>בקבוקון וויט מנטה</ItemName>
      <ManufacturerName>ריגלי</ManufacturerName>
      <ManufactureCountry>פולין</ManufactureCountry>
      <ManufacturerItemDescription>אורביט בקבוקון וויט מנטה</ManufacturerItemDescription>
      <UnitQty>גרמים</UnitQty>
      <Quantity>64.00</Quantity>
      <UnitOfMeasure>100 גרם</UnitOfMeasure>
      <bIsWeighted>0</bIsWeighted>
      <QtyInPackage>1</QtyInPackage>
      <ItemPrice>11.00</ItemPrice>
      <UnitOfMeasurePrice>17.1875</UnitOfMeasurePrice>
      <AllowDiscount>1</AllowDiscount>
      <ItemStatus>1</ItemStatus>
      <ItemId>86396</ItemId>
    </Item>
    <Item>
      <PriceUpdateDate>2015-10-04 10:16:38</PriceUpdateDate>
      <ItemCode>7038513829002</ItemCode>
      <ItemType>1</ItemType>
      <ItemName>חוט דנטלי גורדן</ItemName>
      <ManufacturerName>JORDAN</ManufacturerName>
      <ManufactureCountry>מלזיה</ManufactureCountry>
      <ManufacturerItemDescription>חוט דנטלי גורדן 50 מטר</ManufacturerItemDescription>
      <UnitQty>Unknown </UnitQty>
      <Quantity>0.00</Quantity>
      <UnitOfMeasure>Unknown </UnitOfMeasure>
      <bIsWeighted>0</bIsWeighted>
      <QtyInPackage>1</QtyInPackage>
      <ItemPrice>16.30</ItemPrice>
      <UnitOfMeasurePrice>0.0000</UnitOfMeasurePrice>
      <AllowDiscount>1</AllowDiscount>
      <ItemStatus>1</ItemStatus>
      <ItemId>86529</ItemId>
    </Item>
    <Item>
      <PriceUpdateDate>2015-10-04 10:17:42</PriceUpdateDate>
      <ItemCode>7290013848635</ItemCode>
      <ItemType>1</ItemType>
      <ItemName>שמפו לשיער רגיל</ItemName>
      <ManufacturerName>קוסמופארם</ManufacturerName>
      <ManufactureCountry>ישראל</ManufactureCountry>
      <ManufacturerItemDescription>קרמה שמפו לשיער רגיל 700 מל</ManufacturerItemDescription>
      <UnitQty>מיליליטרים</UnitQty>
      <Quantity>700.00</Quantity>
      <UnitOfMeasure>100 מ"ל</UnitOfMeasure>
      <bIsWeighted>0</bIsWeighted>
      <QtyInPackage>1</QtyInPackage>
      <ItemPrice>21.70</ItemPrice>
      <UnitOfMeasurePrice>3.1000</UnitOfMeasurePrice>
      <AllowDiscount>1</AllowDiscount>
      <ItemStatus>1</ItemStatus>
      <ItemId>86537</ItemId>
    </Item>
    <Item>
      <PriceUpdateDate>2015-10-04 10:17:42</PriceUpdateDate>
      <ItemCode>7290013848680</ItemCode>
      <ItemType>1</ItemType>
      <ItemName>מרכך לשיער רגיל</ItemName>
      <ManufacturerName>קוסמופארם</ManufacturerName>
      <ManufactureCountry>ישראל</ManufactureCountry>
      <ManufacturerItemDescription>קרמה מרכך לשיער רגיל 700 מל</ManufacturerItemDescription>
      <UnitQty>מיליליטרים</UnitQty>
      <Quantity>700.00</Quantity>
      <UnitOfMeasure>100 מ"ל</UnitOfMeasure>
      <bIsWeighted>0</bIsWeighted>
      <QtyInPackage>1</QtyInPackage>
      <ItemPrice>21.70</ItemPrice>
      <UnitOfMeasurePrice>3.1000</UnitOfMeasurePrice>
      <AllowDiscount>1</AllowDiscount>
      <ItemStatus>1</ItemStatus>
      <ItemId>86542</ItemId>
    </Item>
    <Item>
      <PriceUpdateDate>2015-10-04 10:17:42</PriceUpdateDate>
      <ItemCode>7290014397491</ItemCode>
      <ItemType>1</ItemType>
      <ItemName>מבשם אויר נטול גז ונ</ItemName>
      <ManufacturerName>סנו</ManufacturerName>
      <ManufactureCountry>ישראל</ManufactureCountry>
      <ManufacturerItemDescription>מבשם אויר נטול גז וניל קוקוס</ManufacturerItemDescription>
      <UnitQty>מיליליטרים</UnitQty>
      <Quantity>350.00</Quantity>
      <UnitOfMeasure>100 מ"ל</UnitOfMeasure>
      <bIsWeighted>0</bIsWeighted>
      <QtyInPackage>1</QtyInPackage>
      <ItemPrice>18.70</ItemPrice>
      <UnitOfMeasurePrice>5.3429</UnitOfMeasurePrice>
      <AllowDiscount>1</AllowDiscount>
      <ItemStatus>1</ItemStatus>
      <ItemId>86564</ItemId>
    </Item>
    <Item>
      <PriceUpdateDate>2015-10-04 10:17:42</PriceUpdateDate>
      <ItemCode>7290014397514</ItemCode>
      <ItemType>1</ItemType>
      <ItemName>מבשם אויר נטול גז כו</ItemName>
      <ManufacturerName>סנו</ManufacturerName>
      <ManufactureCountry>ישראל</ManufactureCountry>
      <ManufacturerItemDescription>מבשם אויר נטול גז כותנה מלטפת</ManufacturerItemDescription>
      <UnitQty>מיליליטרים</UnitQty>
      <Quantity>350.00</Quantity>
      <UnitOfMeasure>100 מ"ל</UnitOfMeasure>
      <bIsWeighted>0</bIsWeighted>
      <QtyInPackage>1</QtyInPackage>
      <ItemPrice>18.70</ItemPrice>
      <UnitOfMeasurePrice>5.3429</UnitOfMeasurePrice>
      <AllowDiscount>1</AllowDiscount>
      <ItemStatus>1</ItemStatus>
      <ItemId>86566</ItemId>
    </Item>
    <Item>
      <PriceUpdateDate>2015-10-04 10:17:58</PriceUpdateDate>
      <ItemCode>7891024124826</ItemCode>
      <ItemType>1</ItemType>
      <ItemName>משחת שיניים אופטיק</ItemName>
      <ManufacturerName>COLGATE ($) -PALMOLI</ManufacturerName>
      <ManufactureCountry>ברזיל</ManufactureCountry>
      <ManufacturerItemDescription>משחת שיניים אופטיק וויט 75 מ"ל</ManufacturerItemDescription>
      <UnitQty>מיליליטרים</UnitQty>
      <Quantity>75.00</Quantity>
      <UnitOfMeasure>100 מ"ל</UnitOfMeasure>
      <bIsWeighted>0</bIsWeighted>
      <QtyInPackage>1</QtyInPackage>
      <ItemPrice>27.60</ItemPrice>
      <UnitOfMeasurePrice>36.8000</UnitOfMeasurePrice>
      <AllowDiscount>1</AllowDiscount>
      <ItemStatus>1</ItemStatus>
      <ItemId>86588</ItemId>
    </Item>
    <Item>
      <PriceUpdateDate>2016-02-03 07:00:36</PriceUpdateDate>
      <ItemCode>5710840013485</ItemCode>
      <ItemType>1</ItemType>
      <ItemName>טבק באלי אדום 40 גר</ItemName>
      <ManufacturerName>S.T.G</ManufacturerName>
      <ManufactureCountry>דנמרק</ManufactureCountry>
      <ManufacturerItemDescription>באלי  שאג</ManufacturerItemDescription>
      <UnitQty>קילוגרמים</UnitQty>
      <Quantity>0.01</Quantity>
      <UnitOfMeasure>ק"ג</UnitOfMeasure>
      <bIsWeighted>0</bIsWeighted>
      <QtyInPackage>1</QtyInPackage>
      <ItemPrice>44.90</ItemPrice>
      <UnitOfMeasurePrice>4490.0000</UnitOfMeasurePrice>
      <AllowDiscount>1</AllowDiscount>
      <ItemStatus>1</ItemStatus>
      <ItemId>86770</ItemId>
    </Item>
    <Item>
      <PriceUpdateDate>2015-10-04 10:17:58</PriceUpdateDate>
      <ItemCode>841058016007</ItemCode>
      <ItemType>1</ItemType>
      <ItemName>גל גילוח לעור רגיש</ItemName>
      <ManufacturerName>ENERGIZER SINGAPORE</ManufacturerName>
      <ManufactureCountry>ארצות הברית</ManufactureCountry>
      <ManufacturerItemDescription>שיק הידרו ג"ל גילוח לעור רגיש</ManufacturerItemDescription>
      <UnitQty>מיליליטרים</UnitQty>
      <Quantity>240.00</Quantity>
      <UnitOfMeasure>100 מ"ל</UnitOfMeasure>
      <bIsWeighted>0</bIsWeighted>
      <QtyInPackage>1</QtyInPackage>
      <ItemPrice>19.80</ItemPrice>
      <UnitOfMeasurePrice>8.2500</UnitOfMeasurePrice>
      <AllowDiscount>1</AllowDiscount>
      <ItemStatus>1</ItemStatus>
      <ItemId>86975</ItemId>
    </Item>
    <Item>
      <PriceUpdateDate>2015-10-04 10:17:58</PriceUpdateDate>
      <ItemCode>841058016014</ItemCode>
      <ItemType>1</ItemType>
      <ItemName>גל גילוח מועשר לחות</ItemName>
      <ManufacturerName>ENERGIZER SINGAPORE</ManufacturerName>
      <ManufactureCountry>ארצות הברית</ManufactureCountry>
      <ManufacturerItemDescription>שיק הידרו גל גילוח מועשר לחות</ManufacturerItemDescription>
      <UnitQty>מיליליטרים</UnitQty>
      <Quantity>240.00</Quantity>
      <UnitOfMeasure>100 מ"ל</UnitOfMeasure>
      <bIsWeighted>0</bIsWeighted>
      <QtyInPackage>1</QtyInPackage>
      <ItemPrice>19.80</ItemPrice>
      <UnitOfMeasurePrice>8.2500</UnitOfMeasurePrice>
      <AllowDiscount>1</AllowDiscount>
      <ItemStatus>1</ItemStatus>
      <ItemId>86976</ItemId>
    </Item>
    <Item>
      <PriceUpdateDate>2015-01-01 00:00:00</PriceUpdateDate>
      <ItemCode>7290106570177</ItemCode>
      <ItemType>1</ItemType>
      <ItemName>בייגלה שטוחים מלח</ItemName>
      <ManufacturerName>אסם</ManufacturerName>
      <ManufactureCountry>לא ידוע</ManufactureCountry>
      <ManufacturerItemDescription>בייגלה שטוחים מלח ללא גלוטן</ManufacturerItemDescription>
      <UnitQty>גרמים</UnitQty>
      <Quantity>250.00</Quantity>
      <UnitOfMeasure>100 גרם</UnitOfMeasure>
      <bIsWeighted>0</bIsWeighted>
      <QtyInPackage>1</QtyInPackage>
      <ItemPrice>15.80</ItemPrice>
      <UnitOfMeasurePrice>6.3200</UnitOfMeasurePrice>
      <AllowDiscount>1</AllowDiscount>
      <ItemStatus>1</ItemStatus>
      <ItemId>87038</ItemId>
    </Item>
    <Item>
      <PriceUpdateDate>2015-01-01 00:00:00</PriceUpdateDate>
      <ItemCode>7290106571792</ItemCode>
      <ItemType>1</ItemType>
      <ItemName>שלגון ויטמנצ"יק ענבי</ItemName>
      <ManufacturerName>נגה גלידות</ManufacturerName>
      <ManufactureCountry>ישראל</ManufactureCountry>
      <ManufacturerItemDescription>שלגון ויטמנציק ענבים</ManufacturerItemDescription>
      <UnitQty>גרמים</UnitQty>
      <Quantity>80.00</Quantity>
      <UnitOfMeasure>100 גרם</UnitOfMeasure>
      <bIsWeighted>0</bIsWeighted>
      <QtyInPackage>1</QtyInPackage>
      <ItemPrice>2.90</ItemPrice>
      <UnitOfMeasurePrice>3.6250</UnitOfMeasurePrice>
      <AllowDiscount>1</AllowDiscount>
      <ItemStatus>1</ItemStatus>
      <ItemId>87043</ItemId>
    </Item>
    <Item>
      <PriceUpdateDate>2015-10-04 10:16:38</PriceUpdateDate>
      <ItemCode>5000204661392</ItemCode>
      <ItemType>1</ItemType>
      <ItemName>משחת נעליים קיוי אקס</ItemName>
      <ManufacturerName>SC Jonson</ManufacturerName>
      <ManufactureCountry>אינדונזיה</ManufactureCountry>
      <ManufacturerItemDescription>משחת נעליים קיוי אקסטרה לארג</ManufacturerItemDescription>
      <UnitQty>Unknown </UnitQty>
      <Quantity>0.00</Quantity>
      <UnitOfMeasure>Unknown </UnitOfMeasure>
      <bIsWeighted>0</bIsWeighted>
      <QtyInPackage>1</QtyInPackage>
      <ItemPrice>10.90</ItemPrice>
      <UnitOfMeasurePrice>0.0000</UnitOfMeasurePrice>
      <AllowDiscount>1</AllowDiscount>
      <ItemStatus>1</ItemStatus>
      <ItemId>87119</ItemId>
    </Item>
    <Item>
      <PriceUpdateDate>2015-01-01 00:00:00</PriceUpdateDate>
      <ItemCode>7290106721531</ItemCode>
      <ItemType>1</ItemType>
      <ItemName>דוריטוס חמוץ מתוק</ItemName>
      <ManufacturerName>שטראוס גרופ</ManufacturerName>
      <ManufactureCountry>ישראל</ManufactureCountry>
      <ManufacturerItemDescription>דוריטוס חמוץ מתוק 70 גרם</ManufacturerItemDescription>
      <UnitQty>גרמים</UnitQty>
      <Quantity>70.00</Quantity>
      <UnitOfMeasure>100 גרם</UnitOfMeasure>
      <bIsWeighted>0</bIsWeighted>
      <QtyInPackage>1</QtyInPackage>
      <ItemPrice>3.90</ItemPrice>
      <UnitOfMeasurePrice>5.5714</UnitOfMeasurePrice>
      <AllowDiscount>1</AllowDiscount>
      <ItemStatus>1</ItemStatus>
      <ItemId>98795</ItemId>
    </Item>
    <Item>
      <PriceUpdateDate>2015-10-04 10:16:48</PriceUpdateDate>
      <ItemCode>7290105966469</ItemCode>
      <ItemType>1</ItemType>
      <ItemName>חומץ בלסמי יד מרדכי</ItemName>
      <ManufacturerName>ACATAIA GIUSEPPE CRE</ManufacturerName>
      <ManufactureCountry>איטליה</ManufactureCountry>
      <ManufacturerItemDescription>חומץ בלסמי יד מרדכי 250מ"ל</ManufacturerItemDescription>
      <UnitQty>מיליליטרים</UnitQty>
      <Quantity>250.00</Quantity>
      <UnitOfMeasure>100 מ"ל</UnitOfMeasure>
      <bIsWeighted>0</bIsWeighted>
      <QtyInPackage>1</QtyInPackage>
      <ItemPrice>16.50</ItemPrice>
      <UnitOfMeasurePrice>6.6000</UnitOfMeasurePrice>
      <AllowDiscount>1</AllowDiscount>
      <ItemStatus>1</ItemStatus>
      <ItemId>87774</ItemId>
    </Item>
    <Item>
      <PriceUpdateDate>2015-10-04 10:18:29</PriceUpdateDate>
      <ItemCode>9310088007695</ItemCode>
      <ItemType>1</ItemType>
      <ItemName>תחבושות אקסטרה פלוס</ItemName>
      <ManufacturerName>KC Vietnam</ManufacturerName>
      <ManufactureCountry>וייטנאם</ManufactureCountry>
      <ManufacturerItemDescription>דיפנד תחבושות אקסטרה פלוס 10יח</ManufacturerItemDescription>
      <UnitQty>Unknown </UnitQty>
      <Quantity>0.00</Quantity>
      <UnitOfMeasure>Unknown </UnitOfMeasure>
      <bIsWeighted>0</bIsWeighted>
      <QtyInPackage>1</QtyInPackage>
      <ItemPrice>25.60</ItemPrice>
      <UnitOfMeasurePrice>0.0000</UnitOfMeasurePrice>
      <AllowDiscount>1</AllowDiscount>
      <ItemStatus>1</ItemStatus>
      <ItemId>87780</ItemId>
    </Item>
    <Item>
      <PriceUpdateDate>2015-10-04 10:18:17</PriceUpdateDate>
      <ItemCode>7290102395194</ItemCode>
      <ItemType>1</ItemType>
      <ItemName>גבינה בייבי מוצרלה</ItemName>
      <ManufacturerName>טרה</ManufacturerName>
      <ManufactureCountry>ישראל</ManufactureCountry>
      <ManufacturerItemDescription>גבינה בייבי מוצרלה 150 גרם</ManufacturerItemDescription>
      <UnitQty>גרמים</UnitQty>
      <Quantity>150.00</Quantity>
      <UnitOfMeasure>100 גרם</UnitOfMeasure>
      <bIsWeighted>0</bIsWeighted>
      <QtyInPackage>1</QtyInPackage>
      <ItemPrice>15.80</ItemPrice>
      <UnitOfMeasurePrice>10.5333</UnitOfMeasurePrice>
      <AllowDiscount>1</AllowDiscount>
      <ItemStatus>1</ItemStatus>
      <ItemId>87799</ItemId>
    </Item>
    <Item>
      <PriceUpdateDate>2015-10-04 10:17:58</PriceUpdateDate>
      <ItemCode>7290003514007</ItemCode>
      <ItemType>1</ItemType>
      <ItemName>שקדי מרק מנה</ItemName>
      <ManufacturerName>מנה  י.א בע"מ</ManufacturerName>
      <ManufactureCountry>ישראל</ManufactureCountry>
      <ManufacturerItemDescription>שקדי מרק מנה 400 גרם</ManufacturerItemDescription>
      <UnitQty>גרמים</UnitQty>
      <Quantity>400.00</Quantity>
      <UnitOfMeasure>100 גרם</UnitOfMeasure>
      <bIsWeighted>0</bIsWeighted>
      <QtyInPackage>1</QtyInPackage>
      <ItemPrice>10.80</ItemPrice>
      <UnitOfMeasurePrice>2.7000</UnitOfMeasurePrice>
      <AllowDiscount>1</AllowDiscount>
      <ItemStatus>1</ItemStatus>
      <ItemId>87823</ItemId>
    </Item>
    <Item>
      <PriceUpdateDate>2015-10-04 10:18:54</PriceUpdateDate>
      <ItemCode>5410076659708</ItemCode>
      <ItemType>1</ItemType>
      <ItemName>הד&amp;שולדרס מרכך תפוח</ItemName>
      <ManufacturerName>פרוקטר אנד גמבל</ManufacturerName>
      <ManufactureCountry>צרפת</ManufactureCountry>
      <ManufacturerItemDescription>הד&amp;שולדרס מרכך תפוח 400 מ"ל</ManufacturerItemDescription>
      <UnitQty>מיליליטרים</UnitQty>
      <Quantity>400.00</Quantity>
      <UnitOfMeasure>100 מ"ל</UnitOfMeasure>
      <bIsWeighted>0</bIsWeighted>
      <QtyInPackage>1</QtyInPackage>
      <ItemPrice>25.60</ItemPrice>
      <UnitOfMeasurePrice>6.4000</UnitOfMeasurePrice>
      <AllowDiscount>1</AllowDiscount>
      <ItemStatus>1</ItemStatus>
      <ItemId>87834</ItemId>
    </Item>
    <Item>
      <PriceUpdateDate>2015-10-04 10:20:52</PriceUpdateDate>
      <ItemCode>7290013284310</ItemCode>
      <ItemType>1</ItemType>
      <ItemName>רוטב פסטה לילדים</ItemName>
      <ManufacturerName>פריניר (הדס 1987) בע</ManufacturerName>
      <ManufactureCountry>ישראל</ManufactureCountry>
      <ManufacturerItemDescription>רוטב פסטה לילדים 240 גרם</ManufacturerItemDescription>
      <UnitQty>גרמים</UnitQty>
      <Quantity>240.00</Quantity>
      <UnitOfMeasure>100 גרם</UnitOfMeasure>
      <bIsWeighted>0</bIsWeighted>
      <QtyInPackage>1</QtyInPackage>
      <ItemPrice>5.70</ItemPrice>
      <UnitOfMeasurePrice>2.3750</UnitOfMeasurePrice>
      <AllowDiscount>1</AllowDiscount>
      <ItemStatus>1</ItemStatus>
      <ItemId>87849</ItemId>
    </Item>
    <Item>
      <PriceUpdateDate>2015-10-04 10:17:58</PriceUpdateDate>
      <ItemCode>7290105431516</ItemCode>
      <ItemType>1</ItemType>
      <ItemName>מאגדת חטיף תמרים</ItemName>
      <ManufacturerName>טבעית מוצרים מן הטבע</ManufacturerName>
      <ManufactureCountry>ישראל</ManufactureCountry>
      <ManufacturerItemDescription>מאגדת חטיף תמרים ללא תוספת סוכ</ManufacturerItemDescription>
      <UnitQty>גרמים</UnitQty>
      <Quantity>125.00</Quantity>
      <UnitOfMeasure>100 גרם</UnitOfMeasure>
      <bIsWeighted>0</bIsWeighted>
      <QtyInPackage>1</QtyInPackage>
      <ItemPrice>19.60</ItemPrice>
      <UnitOfMeasurePrice>15.6800</UnitOfMeasurePrice>
      <AllowDiscount>1</AllowDiscount>
      <ItemStatus>1</ItemStatus>
      <ItemId>87929</ItemId>
    </Item>
    <Item>
      <PriceUpdateDate>2015-07-26 09:39:52</PriceUpdateDate>
      <ItemCode>8410196051731</ItemCode>
      <ItemType>1</ItemType>
      <ItemName>ביסאן- ביסקוויט שוקו</ItemName>
      <ManufacturerName>וירג'יניאס רודריגז</ManufacturerName>
      <ManufactureCountry>ספרד</ManufactureCountry>
      <ManufacturerItemDescription>ביסאן- ביסקוויט שוקולד חלב ללא סוכר</ManufacturerItemDescription>
      <UnitQty>גרמים</UnitQty>
      <Quantity>120.00</Quantity>
      <UnitOfMeasure>100 גרם</UnitOfMeasure>
      <bIsWeighted>0</bIsWeighted>
      <QtyInPackage>1</QtyInPackage>
      <ItemPrice>20.80</ItemPrice>
      <UnitOfMeasurePrice>17.3333</UnitOfMeasurePrice>
      <AllowDiscount>1</AllowDiscount>
      <ItemStatus>1</ItemStatus>
      <ItemId>88191</ItemId>
    </Item>
    <Item>
      <PriceUpdateDate>2015-10-04 10:19:20</PriceUpdateDate>
      <ItemCode>7290014758308</ItemCode>
      <ItemType>1</ItemType>
      <ItemName>יוגורט עיזים</ItemName>
      <ManufacturerName>תנובה מרכז שיתופי לש</ManufacturerName>
      <ManufactureCountry>ישראל</ManufactureCountry>
      <ManufacturerItemDescription>יוגורט עיזים 150 גרם</ManufacturerItemDescription>
      <UnitQty>גרמים</UnitQty>
      <Quantity>150.00</Quantity>
      <UnitOfMeasure>100 גרם</UnitOfMeasure>
      <bIsWeighted>0</bIsWeighted>
      <QtyInPackage>1</QtyInPackage>
      <ItemPrice>6.10</ItemPrice>
      <UnitOfMeasurePrice>4.0667</UnitOfMeasurePrice>
      <AllowDiscount>1</AllowDiscount>
      <ItemStatus>1</ItemStatus>
      <ItemId>88002</ItemId>
    </Item>
    <Item>
      <PriceUpdateDate>2016-06-07 07:34:57</PriceUpdateDate>
      <ItemCode>7290011018580</ItemCode>
      <ItemType>1</ItemType>
      <ItemName>תה קר FUZE TEA ענבים</ItemName>
      <ManufacturerName>FUZE TEA</ManufacturerName>
      <ManufactureCountry>לא ידוע</ManufactureCountry>
      <ManufacturerItemDescription>תה קר FUZE TEA ענבים 1.5 ליטר</ManufacturerItemDescription>
      <UnitQty>ליטרים</UnitQty>
      <Quantity>1.50</Quantity>
      <UnitOfMeasure>ליטר</UnitOfMeasure>
      <bIsWeighted>0</bIsWeighted>
      <QtyInPackage>1</QtyInPackage>
      <ItemPrice>7.60</ItemPrice>
      <UnitOfMeasurePrice>5.0667</UnitOfMeasurePrice>
      <AllowDiscount>1</AllowDiscount>
      <ItemStatus>1</ItemStatus>
      <ItemId>88123</ItemId>
    </Item>
    <Item>
      <PriceUpdateDate>2015-10-18 13:13:05</PriceUpdateDate>
      <ItemCode>7290008464130</ItemCode>
      <ItemType>1</ItemType>
      <ItemName>בירה גולדסטאר 1/6 ל.</ItemName>
      <ManufacturerName>טמפו</ManufacturerName>
      <ManufactureCountry>ישראל</ManufactureCountry>
      <ManufacturerItemDescription>בירה גולדסטאר 1/6 ל.מסונן           330</ManufacturerItemDescription>
      <UnitQty>ליטרים</UnitQty>
      <Quantity>1.98</Quantity>
      <UnitOfMeasure>ליטר</UnitOfMeasure>
      <bIsWeighted>0</bIsWeighted>
      <QtyInPackage>1</QtyInPackage>
      <ItemPrice>47.10</ItemPrice>
      <UnitOfMeasurePrice>23.7879</UnitOfMeasurePrice>
      <AllowDiscount>1</AllowDiscount>
      <ItemStatus>1</ItemStatus>
      <ItemId>88147</ItemId>
    </Item>
    <Item>
      <PriceUpdateDate>2015-07-26 09:39:52</PriceUpdateDate>
      <ItemCode>8410196051380</ItemCode>
      <ItemType>1</ItemType>
      <ItemName>ביסאן- ביסקוויט שוקו</ItemName>
      <ManufacturerName>וירג'יניאס רודריגז</ManufacturerName>
      <ManufactureCountry>ספרד</ManufactureCountry>
      <ManufacturerItemDescription>ביסאן- ביסקוויט שוקולד מריר ללא סוכר</ManufacturerItemDescription>
      <UnitQty>גרמים</UnitQty>
      <Quantity>120.00</Quantity>
      <UnitOfMeasure>100 גרם</UnitOfMeasure>
      <bIsWeighted>0</bIsWeighted>
      <QtyInPackage>1</QtyInPackage>
      <ItemPrice>20.80</ItemPrice>
      <UnitOfMeasurePrice>17.3333</UnitOfMeasurePrice>
      <AllowDiscount>1</AllowDiscount>
      <ItemStatus>1</ItemStatus>
      <ItemId>88192</ItemId>
    </Item>
    <Item>
      <PriceUpdateDate>2016-04-14 07:58:37</PriceUpdateDate>
      <ItemCode>42247821</ItemCode>
      <ItemType>1</ItemType>
      <ItemName>מסטיק FIVE  אסנשיאל</ItemName>
      <ManufacturerName>ריגלי</ManufacturerName>
      <ManufactureCountry>צרפת</ManufactureCountry>
      <ManufacturerItemDescription>מסטיק פייב אסנשיאל מנטה</ManufacturerItemDescription>
      <UnitQty>גרמים</UnitQty>
      <Quantity>31.00</Quantity>
      <UnitOfMeasure>100 גרם</UnitOfMeasure>
      <bIsWeighted>0</bIsWeighted>
      <QtyInPackage>1</QtyInPackage>
      <ItemPrice>4.90</ItemPrice>
      <UnitOfMeasurePrice>15.8065</UnitOfMeasurePrice>
      <AllowDiscount>1</AllowDiscount>
      <ItemStatus>1</ItemStatus>
      <ItemId>98164</ItemId>
    </Item>
    <Item>
      <PriceUpdateDate>2015-10-04 10:16:48</PriceUpdateDate>
      <ItemCode>7290105968777</ItemCode>
      <ItemType>1</ItemType>
      <ItemName>פריכיות 5 דגנים</ItemName>
      <ManufacturerName>שטראוס גרופ</ManufacturerName>
      <ManufactureCountry>ישראל</ManufactureCountry>
      <ManufacturerItemDescription>פריכיות 5 דגנים עם שוקולד מריר</ManufacturerItemDescription>
      <UnitQty>גרמים</UnitQty>
      <Quantity>70.00</Quantity>
      <UnitOfMeasure>100 גרם</UnitOfMeasure>
      <bIsWeighted>0</bIsWeighted>
      <QtyInPackage>1</QtyInPackage>
      <ItemPrice>8.80</ItemPrice>
      <UnitOfMeasurePrice>12.5714</UnitOfMeasurePrice>
      <AllowDiscount>1</AllowDiscount>
      <ItemStatus>1</ItemStatus>
      <ItemId>88628</ItemId>
    </Item>
    <Item>
      <PriceUpdateDate>2015-10-04 10:18:29</PriceUpdateDate>
      <ItemCode>7290000203188</ItemCode>
      <ItemType>1</ItemType>
      <ItemName>נייר טואלט לילי32 יח</ItemName>
      <ManufacturerName>חוגלה קימברלי</ManufacturerName>
      <ManufactureCountry>ישראל</ManufactureCountry>
      <ManufacturerItemDescription>נייר טואלט לילי קומפקט 32 יח           "</ManufacturerItemDescription>
      <UnitQty>מטרים</UnitQty>
      <Quantity>58800.00</Quantity>
      <UnitOfMeasure>מטר</UnitOfMeasure>
      <bIsWeighted>0</bIsWeighted>
      <QtyInPackage>1</QtyInPackage>
      <ItemPrice>39.50</ItemPrice>
      <UnitOfMeasurePrice>0.0007</UnitOfMeasurePrice>
      <AllowDiscount>1</AllowDiscount>
      <ItemStatus>1</ItemStatus>
      <ItemId>91310</ItemId>
    </Item>
    <Item>
      <PriceUpdateDate>2015-10-04 10:17:43</PriceUpdateDate>
      <ItemCode>7290013848420</ItemCode>
      <ItemType>1</ItemType>
      <ItemName>קרמה מן דאו אקטיב</ItemName>
      <ManufacturerName>אמיליה קוסמטיקס</ManufacturerName>
      <ManufactureCountry>ישראל</ManufactureCountry>
      <ManufacturerItemDescription>קרמה מן דאו גל אקטיב בלוק</ManufacturerItemDescription>
      <UnitQty>Unknown </UnitQty>
      <Quantity>0.00</Quantity>
      <UnitOfMeasure>Unknown </UnitOfMeasure>
      <bIsWeighted>0</bIsWeighted>
      <QtyInPackage>1</QtyInPackage>
      <ItemPrice>18.70</ItemPrice>
      <UnitOfMeasurePrice>0.0000</UnitOfMeasurePrice>
      <AllowDiscount>1</AllowDiscount>
      <ItemStatus>1</ItemStatus>
      <ItemId>88758</ItemId>
    </Item>
    <Item>
      <PriceUpdateDate>2015-10-04 10:16:49</PriceUpdateDate>
      <ItemCode>7290106653207</ItemCode>
      <ItemType>1</ItemType>
      <ItemName>פיתה קראנצ "טעם זעתר</ItemName>
      <ManufacturerName>שטראוס גרופ</ManufacturerName>
      <ManufactureCountry>ישראל</ManufactureCountry>
      <ManufacturerItemDescription>פיתה קראנצ "טעם זעתר 300 גרם</ManufacturerItemDescription>
      <UnitQty>גרמים</UnitQty>
      <Quantity>300.00</Quantity>
      <UnitOfMeasure>100 גרם</UnitOfMeasure>
      <bIsWeighted>0</bIsWeighted>
      <QtyInPackage>1</QtyInPackage>
      <ItemPrice>14.60</ItemPrice>
      <UnitOfMeasurePrice>4.8667</UnitOfMeasurePrice>
      <AllowDiscount>1</AllowDiscount>
      <ItemStatus>1</ItemStatus>
      <ItemId>89100</ItemId>
    </Item>
    <Item>
      <PriceUpdateDate>2015-01-01 00:00:00</PriceUpdateDate>
      <ItemCode>7312040017683</ItemCode>
      <ItemType>1</ItemType>
      <ItemName>וודקה אבסולוט 700 מל</ItemName>
      <ManufacturerName>פרנו</ManufacturerName>
      <ManufactureCountry>שוודיה</ManufactureCountry>
      <ManufacturerItemDescription>וודקה אבסולוט 700 מל</ManufacturerItemDescription>
      <UnitQty>מיליליטרים</UnitQty>
      <Quantity>700.00</Quantity>
      <UnitOfMeasure>100 מ"ל</UnitOfMeasure>
      <bIsWeighted>0</bIsWeighted>
      <QtyInPackage>1</QtyInPackage>
      <ItemPrice>79.90</ItemPrice>
      <UnitOfMeasurePrice>11.4143</UnitOfMeasurePrice>
      <AllowDiscount>1</AllowDiscount>
      <ItemStatus>1</ItemStatus>
      <ItemId>89109</ItemId>
    </Item>
    <Item>
      <PriceUpdateDate>2015-11-17 15:10:42</PriceUpdateDate>
      <ItemCode>4015600581848</ItemCode>
      <ItemType>1</ItemType>
      <ItemName>פיירי טבליות למדיח</ItemName>
      <ManufacturerName>פרוקטר אנד גמבל</ManufacturerName>
      <ManufactureCountry>בלגיה</ManufactureCountry>
      <ManufacturerItemDescription>פיירי טבליות למדיח 26 יחידות</ManufacturerItemDescription>
      <UnitQty>גרמים</UnitQty>
      <Quantity>423.00</Quantity>
      <UnitOfMeasure>100 גרם</UnitOfMeasure>
      <bIsWeighted>0</bIsWeighted>
      <QtyInPackage>1</QtyInPackage>
      <ItemPrice>36.50</ItemPrice>
      <UnitOfMeasurePrice>8.6288</UnitOfMeasurePrice>
      <AllowDiscount>1</AllowDiscount>
      <ItemStatus>1</ItemStatus>
      <ItemId>89197</ItemId>
    </Item>
    <Item>
      <PriceUpdateDate>2015-08-12 10:24:46</PriceUpdateDate>
      <ItemCode>7290106573642</ItemCode>
      <ItemType>1</ItemType>
      <ItemName>סלט חומוס צנובר</ItemName>
      <ManufacturerName>אסם</ManufacturerName>
      <ManufactureCountry>ישראל</ManufactureCountry>
      <ManufacturerItemDescription>סלט חומוס צנובר 400 גרם</ManufacturerItemDescription>
      <UnitQty>גרמים</UnitQty>
      <Quantity>400.00</Quantity>
      <UnitOfMeasure>100 גרם</UnitOfMeasure>
      <bIsWeighted>0</bIsWeighted>
      <QtyInPackage>1</QtyInPackage>
      <ItemPrice>13.30</ItemPrice>
      <UnitOfMeasurePrice>3.3250</UnitOfMeasurePrice>
      <AllowDiscount>1</AllowDiscount>
      <ItemStatus>1</ItemStatus>
      <ItemId>89226</ItemId>
    </Item>
    <Item>
      <PriceUpdateDate>2015-10-04 10:17:58</PriceUpdateDate>
      <ItemCode>5411188110835</ItemCode>
      <ItemType>1</ItemType>
      <ItemName>אלפרו חלב שקדים</ItemName>
      <ManufacturerName>ALPRO N.V.</ManufacturerName>
      <ManufactureCountry>בלגיה</ManufactureCountry>
      <ManufacturerItemDescription>אלפרו חלב שקדים 1 ליטר</ManufacturerItemDescription>
      <UnitQty>ליטרים</UnitQty>
      <Quantity>1.00</Quantity>
      <UnitOfMeasure>ליטר</UnitOfMeasure>
      <bIsWeighted>0</bIsWeighted>
      <QtyInPackage>1</QtyInPackage>
      <ItemPrice>15.70</ItemPrice>
      <UnitOfMeasurePrice>15.7000</UnitOfMeasurePrice>
      <AllowDiscount>1</AllowDiscount>
      <ItemStatus>1</ItemStatus>
      <ItemId>89459</ItemId>
    </Item>
    <Item>
      <PriceUpdateDate>2015-01-01 00:00:00</PriceUpdateDate>
      <ItemCode>5000159459228</ItemCode>
      <ItemType>1</ItemType>
      <ItemName>חטיף טויקס שוקולד</ItemName>
      <ManufacturerName>מרס</ManufacturerName>
      <ManufactureCountry>הולנד</ManufactureCountry>
      <ManufacturerItemDescription>חטיף טויקס 50 גרם</ManufacturerItemDescription>
      <UnitQty>Unknown </UnitQty>
      <Quantity>0.00</Quantity>
      <UnitOfMeasure>Unknown </UnitOfMeasure>
      <bIsWeighted>0</bIsWeighted>
      <QtyInPackage>1</QtyInPackage>
      <ItemPrice>4.50</ItemPrice>
      <UnitOfMeasurePrice>0.0000</UnitOfMeasurePrice>
      <AllowDiscount>1</AllowDiscount>
      <ItemStatus>1</ItemStatus>
      <ItemId>89484</ItemId>
    </Item>
    <Item>
      <PriceUpdateDate>2015-08-13 12:45:39</PriceUpdateDate>
      <ItemCode>5000159461122</ItemCode>
      <ItemType>1</ItemType>
      <ItemName>חטיף סניקרס שוקולד</ItemName>
      <ManufacturerName>מרס</ManufacturerName>
      <ManufactureCountry>הולנד</ManufactureCountry>
      <ManufacturerItemDescription>חטיף סניקרס שוקולד 50 גרם</ManufacturerItemDescription>
      <UnitQty>Unknown </UnitQty>
      <Quantity>0.00</Quantity>
      <UnitOfMeasure>Unknown </UnitOfMeasure>
      <bIsWeighted>0</bIsWeighted>
      <QtyInPackage>1</QtyInPackage>
      <ItemPrice>4.70</ItemPrice>
      <UnitOfMeasurePrice>0.0000</UnitOfMeasurePrice>
      <AllowDiscount>1</AllowDiscount>
      <ItemStatus>1</ItemStatus>
      <ItemId>89485</ItemId>
    </Item>
    <Item>
      <PriceUpdateDate>2015-10-04 10:17:43</PriceUpdateDate>
      <ItemCode>7290107280020</ItemCode>
      <ItemType>1</ItemType>
      <ItemName>שלישיה מטליות לחות ל</ItemName>
      <ManufacturerName>דינאמיק תעשיות</ManufacturerName>
      <ManufactureCountry>ישראל</ManufactureCountry>
      <ManufacturerItemDescription>שלישיה מטליות לחות לניקוי כללי</ManufacturerItemDescription>
      <UnitQty>Unknown </UnitQty>
      <Quantity>0.00</Quantity>
      <UnitOfMeasure>Unknown </UnitOfMeasure>
      <bIsWeighted>0</bIsWeighted>
      <QtyInPackage>1</QtyInPackage>
      <ItemPrice>25.60</ItemPrice>
      <UnitOfMeasurePrice>0.0000</UnitOfMeasurePrice>
      <AllowDiscount>1</AllowDiscount>
      <ItemStatus>1</ItemStatus>
      <ItemId>90178</ItemId>
    </Item>
    <Item>
      <PriceUpdateDate>2015-08-03 07:56:02</PriceUpdateDate>
      <ItemCode>8850632606390</ItemCode>
      <ItemType>1</ItemType>
      <ItemName>חיספוסים בטעם אבטיח</ItemName>
      <ManufacturerName>ג'נרל קנדי</ManufacturerName>
      <ManufactureCountry>לא ידוע</ManufactureCountry>
      <ManufacturerItemDescription>יוגטה חיספוסים בטעם אבטיח</ManufacturerItemDescription>
      <UnitQty>גרמים</UnitQty>
      <Quantity>50.00</Quantity>
      <UnitOfMeasure>100 גרם</UnitOfMeasure>
      <bIsWeighted>0</bIsWeighted>
      <QtyInPackage>1</QtyInPackage>
      <ItemPrice>4.90</ItemPrice>
      <UnitOfMeasurePrice>9.8000</UnitOfMeasurePrice>
      <AllowDiscount>1</AllowDiscount>
      <ItemStatus>1</ItemStatus>
      <ItemId>91083</ItemId>
    </Item>
    <Item>
      <PriceUpdateDate>2015-10-04 10:19:14</PriceUpdateDate>
      <ItemCode>8421360949</ItemCode>
      <ItemType>1</ItemType>
      <ItemName>בובה פינקי עניים גדו</ItemName>
      <ManufacturerName>TY</ManufacturerName>
      <ManufactureCountry>לא ידוע</ManufactureCountry>
      <ManufacturerItemDescription>בובה פינקי עניים גדולות</ManufacturerItemDescription>
      <UnitQty>Unknown </UnitQty>
      <Quantity>0.00</Quantity>
      <UnitOfMeasure>Unknown </UnitOfMeasure>
      <bIsWeighted>0</bIsWeighted>
      <QtyInPackage>1</QtyInPackage>
      <ItemPrice>29.60</ItemPrice>
      <UnitOfMeasurePrice>0.0000</UnitOfMeasurePrice>
      <AllowDiscount>1</AllowDiscount>
      <ItemStatus>1</ItemStatus>
      <ItemId>91253</ItemId>
    </Item>
    <Item>
      <PriceUpdateDate>2016-01-07 16:32:57</PriceUpdateDate>
      <ItemCode>7290010838219</ItemCode>
      <ItemType>1</ItemType>
      <ItemName>ממתיק על בסיס סטיביה</ItemName>
      <ManufacturerName>קיפל</ManufacturerName>
      <ManufactureCountry>ישראל</ManufactureCountry>
      <ManufacturerItemDescription>ממתיק על בסיס סטיביה 100 שקיות</ManufacturerItemDescription>
      <UnitQty>גרמים</UnitQty>
      <Quantity>100.00</Quantity>
      <UnitOfMeasure>100 גרם</UnitOfMeasure>
      <bIsWeighted>0</bIsWeighted>
      <QtyInPackage>1</QtyInPackage>
      <ItemPrice>34.70</ItemPrice>
      <UnitOfMeasurePrice>34.7000</UnitOfMeasurePrice>
      <AllowDiscount>1</AllowDiscount>
      <ItemStatus>1</ItemStatus>
      <ItemId>91330</ItemId>
    </Item>
    <Item>
      <PriceUpdateDate>2015-11-05 14:17:07</PriceUpdateDate>
      <ItemCode>4009900482417</ItemCode>
      <ItemType>1</ItemType>
      <ItemName>אורביט בקבוקון בבאבל</ItemName>
      <ManufacturerName>ריגלי</ManufacturerName>
      <ManufactureCountry>פולין</ManufactureCountry>
      <ManufacturerItemDescription>אורביט בקבוקון בבאבל מינט</ManufacturerItemDescription>
      <UnitQty>Unknown </UnitQty>
      <Quantity>0.00</Quantity>
      <UnitOfMeasure>Unknown </UnitOfMeasure>
      <bIsWeighted>0</bIsWeighted>
      <QtyInPackage>1</QtyInPackage>
      <ItemPrice>11.00</ItemPrice>
      <UnitOfMeasurePrice>0.0000</UnitOfMeasurePrice>
      <AllowDiscount>1</AllowDiscount>
      <ItemStatus>1</ItemStatus>
      <ItemId>91374</ItemId>
    </Item>
    <Item>
      <PriceUpdateDate>2015-01-01 00:00:00</PriceUpdateDate>
      <ItemCode>42247388</ItemCode>
      <ItemType>1</ItemType>
      <ItemName>אורביט בליסטר בבאבל</ItemName>
      <ManufacturerName>ריגלי</ManufacturerName>
      <ManufactureCountry>פולין</ManufactureCountry>
      <ManufacturerItemDescription>אורביט בליסטר בבאבל מינט</ManufacturerItemDescription>
      <UnitQty>Unknown </UnitQty>
      <Quantity>0.00</Quantity>
      <UnitOfMeasure>Unknown </UnitOfMeasure>
      <bIsWeighted>0</bIsWeighted>
      <QtyInPackage>1</QtyInPackage>
      <ItemPrice>3.50</ItemPrice>
      <UnitOfMeasurePrice>0.0000</UnitOfMeasurePrice>
      <AllowDiscount>1</AllowDiscount>
      <ItemStatus>1</ItemStatus>
      <ItemId>91375</ItemId>
    </Item>
    <Item>
      <PriceUpdateDate>2016-06-07 07:42:25</PriceUpdateDate>
      <ItemCode>7290012028243</ItemCode>
      <ItemType>1</ItemType>
      <ItemName>טבק לגלגול נקסט אורי</ItemName>
      <ManufacturerName>פיליפ מוריס</ManufacturerName>
      <ManufactureCountry>לא ידוע</ManufactureCountry>
      <ManufacturerItemDescription>טבק לגלגול נקסט אוריגינל40 גרם</ManufacturerItemDescription>
      <UnitQty>Unknown </UnitQty>
      <Quantity>0.00</Quantity>
      <UnitOfMeasure>Unknown </UnitOfMeasure>
      <bIsWeighted>0</bIsWeighted>
      <QtyInPackage>1</QtyInPackage>
      <ItemPrice>46.70</ItemPrice>
      <UnitOfMeasurePrice>0.0000</UnitOfMeasurePrice>
      <AllowDiscount>0</AllowDiscount>
      <ItemStatus>1</ItemStatus>
      <ItemId>91426</ItemId>
    </Item>
    <Item>
      <PriceUpdateDate>2016-02-15 07:38:46</PriceUpdateDate>
      <ItemCode>38000845000</ItemCode>
      <ItemType>1</ItemType>
      <ItemName>פרינגלס בטעם שמנת</ItemName>
      <ManufacturerName>פרינגלס מניופקצ'ורינ</ManufacturerName>
      <ManufactureCountry>ארצות הברית</ManufactureCountry>
      <ManufacturerItemDescription>פרינגלס שמנת בצל 169 גרם</ManufacturerItemDescription>
      <UnitQty>גרמים</UnitQty>
      <Quantity>169.00</Quantity>
      <UnitOfMeasure>100 גרם</UnitOfMeasure>
      <bIsWeighted>0</bIsWeighted>
      <QtyInPackage>1</QtyInPackage>
      <ItemPrice>11.40</ItemPrice>
      <UnitOfMeasurePrice>6.7456</UnitOfMeasurePrice>
      <AllowDiscount>1</AllowDiscount>
      <ItemStatus>1</ItemStatus>
      <ItemId>91532</ItemId>
    </Item>
    <Item>
      <PriceUpdateDate>2015-10-04 10:19:31</PriceUpdateDate>
      <ItemCode>7290014466463</ItemCode>
      <ItemType>1</ItemType>
      <ItemName>יין הר חרמון מוסקטו</ItemName>
      <ManufacturerName>יקב רמת הגולן</ManufacturerName>
      <ManufactureCountry>לא ידוע</ManufactureCountry>
      <ManufacturerItemDescription>יין הר חרמון מוסקטו 750 מל</ManufacturerItemDescription>
      <UnitQty>מיליליטרים</UnitQty>
      <Quantity>750.00</Quantity>
      <UnitOfMeasure>100 מ"ל</UnitOfMeasure>
      <bIsWeighted>0</bIsWeighted>
      <QtyInPackage>1</QtyInPackage>
      <ItemPrice>39.50</ItemPrice>
      <UnitOfMeasurePrice>5.2667</UnitOfMeasurePrice>
      <AllowDiscount>1</AllowDiscount>
      <ItemStatus>1</ItemStatus>
      <ItemId>91641</ItemId>
    </Item>
    <Item>
      <PriceUpdateDate>2015-10-04 10:16:38</PriceUpdateDate>
      <ItemCode>7290014126787</ItemCode>
      <ItemType>1</ItemType>
      <ItemName>שוקולד מריר     72%</ItemName>
      <ManufacturerName>ALTINMARKA</ManufacturerName>
      <ManufactureCountry>טורקיה</ManufactureCountry>
      <ManufacturerItemDescription>שוקולד מריר 100 72% גרם</ManufacturerItemDescription>
      <UnitQty>Unknown </UnitQty>
      <Quantity>0.00</Quantity>
      <UnitOfMeasure>Unknown </UnitOfMeasure>
      <bIsWeighted>0</bIsWeighted>
      <QtyInPackage>1</QtyInPackage>
      <ItemPrice>12.40</ItemPrice>
      <UnitOfMeasurePrice>0.0000</UnitOfMeasurePrice>
      <AllowDiscount>1</AllowDiscount>
      <ItemStatus>1</ItemStatus>
      <ItemId>91704</ItemId>
    </Item>
    <Item>
      <PriceUpdateDate>2015-10-04 10:20:53</PriceUpdateDate>
      <ItemCode>7290013284396</ItemCode>
      <ItemType>1</ItemType>
      <ItemName>רוטב עגבניות לשקשוקה</ItemName>
      <ManufacturerName>פרי ניר</ManufacturerName>
      <ManufactureCountry>לא ידוע</ManufactureCountry>
      <ManufacturerItemDescription>רוטב עגבניות לשקשוקה 400 גרם</ManufacturerItemDescription>
      <UnitQty>גרמים</UnitQty>
      <Quantity>400.00</Quantity>
      <UnitOfMeasure>100 גרם</UnitOfMeasure>
      <bIsWeighted>0</bIsWeighted>
      <QtyInPackage>1</QtyInPackage>
      <ItemPrice>5.70</ItemPrice>
      <UnitOfMeasurePrice>1.4250</UnitOfMeasurePrice>
      <AllowDiscount>1</AllowDiscount>
      <ItemStatus>1</ItemStatus>
      <ItemId>91753</ItemId>
    </Item>
    <Item>
      <PriceUpdateDate>2015-01-01 00:00:00</PriceUpdateDate>
      <ItemCode>7290106575271</ItemCode>
      <ItemType>1</ItemType>
      <ItemName>פתיתים אפויים</ItemName>
      <ManufacturerName>אסם</ManufacturerName>
      <ManufactureCountry>ישראל</ManufactureCountry>
      <ManufacturerItemDescription>פתיתים אפויים עם ירקות 400 גרם</ManufacturerItemDescription>
      <UnitQty>גרמים</UnitQty>
      <Quantity>400.00</Quantity>
      <UnitOfMeasure>100 גרם</UnitOfMeasure>
      <bIsWeighted>0</bIsWeighted>
      <QtyInPackage>1</QtyInPackage>
      <ItemPrice>7.90</ItemPrice>
      <UnitOfMeasurePrice>1.9750</UnitOfMeasurePrice>
      <AllowDiscount>1</AllowDiscount>
      <ItemStatus>1</ItemStatus>
      <ItemId>91773</ItemId>
    </Item>
    <Item>
      <PriceUpdateDate>2015-10-04 10:19:20</PriceUpdateDate>
      <ItemCode>7290014758346</ItemCode>
      <ItemType>1</ItemType>
      <ItemName>מאגדת זוג מעדני.סויה</ItemName>
      <ManufacturerName>תנובה מרכז שיתופי לש</ManufacturerName>
      <ManufactureCountry>ישראל</ManufactureCountry>
      <ManufacturerItemDescription>מאגדת זוג מעדני סויה עם שוקולד</ManufacturerItemDescription>
      <UnitQty>גרמים</UnitQty>
      <Quantity>250.00</Quantity>
      <UnitOfMeasure>100 גרם</UnitOfMeasure>
      <bIsWeighted>0</bIsWeighted>
      <QtyInPackage>1</QtyInPackage>
      <ItemPrice>8.80</ItemPrice>
      <UnitOfMeasurePrice>3.5200</UnitOfMeasurePrice>
      <AllowDiscount>1</AllowDiscount>
      <ItemStatus>1</ItemStatus>
      <ItemId>91778</ItemId>
    </Item>
    <Item>
      <PriceUpdateDate>2015-10-04 10:19:20</PriceUpdateDate>
      <ItemCode>7290014758353</ItemCode>
      <ItemType>1</ItemType>
      <ItemName>מאגדת זוג מעדני סויה</ItemName>
      <ManufacturerName>תנובה מרכז שיתופי לש</ManufacturerName>
      <ManufactureCountry>ישראל</ManufactureCountry>
      <ManufacturerItemDescription>מאגדת זוג מעדני סויה במתיקות</ManufacturerItemDescription>
      <UnitQty>גרמים</UnitQty>
      <Quantity>250.00</Quantity>
      <UnitOfMeasure>100 גרם</UnitOfMeasure>
      <bIsWeighted>0</bIsWeighted>
      <QtyInPackage>1</QtyInPackage>
      <ItemPrice>8.80</ItemPrice>
      <UnitOfMeasurePrice>3.5200</UnitOfMeasurePrice>
      <AllowDiscount>1</AllowDiscount>
      <ItemStatus>1</ItemStatus>
      <ItemId>91779</ItemId>
    </Item>
    <Item>
      <PriceUpdateDate>2015-10-04 10:19:20</PriceUpdateDate>
      <ItemCode>7290014758360</ItemCode>
      <ItemType>1</ItemType>
      <ItemName>מאגדת זוג מעדני סויה</ItemName>
      <ManufacturerName>תנובה מרכז שיתופי לש</ManufacturerName>
      <ManufactureCountry>ישראל</ManufactureCountry>
      <ManufacturerItemDescription>מאגדת זוג מעדני סויה עם תות</ManufacturerItemDescription>
      <UnitQty>גרמים</UnitQty>
      <Quantity>250.00</Quantity>
      <UnitOfMeasure>100 גרם</UnitOfMeasure>
      <bIsWeighted>0</bIsWeighted>
      <QtyInPackage>1</QtyInPackage>
      <ItemPrice>8.80</ItemPrice>
      <UnitOfMeasurePrice>3.5200</UnitOfMeasurePrice>
      <AllowDiscount>1</AllowDiscount>
      <ItemStatus>1</ItemStatus>
      <ItemId>91780</ItemId>
    </Item>
    <Item>
      <PriceUpdateDate>2015-10-04 10:19:20</PriceUpdateDate>
      <ItemCode>7290014758377</ItemCode>
      <ItemType>1</ItemType>
      <ItemName>מאגדת זוג מעדני סויה</ItemName>
      <ManufacturerName>תנובה מרכז שיתופי לש</ManufacturerName>
      <ManufactureCountry>ישראל</ManufactureCountry>
      <ManufacturerItemDescription>מאגדת זוג מעדני סויה עם אפרסק</ManufacturerItemDescription>
      <UnitQty>גרמים</UnitQty>
      <Quantity>250.00</Quantity>
      <UnitOfMeasure>100 גרם</UnitOfMeasure>
      <bIsWeighted>0</bIsWeighted>
      <QtyInPackage>1</QtyInPackage>
      <ItemPrice>8.80</ItemPrice>
      <UnitOfMeasurePrice>3.5200</UnitOfMeasurePrice>
      <AllowDiscount>1</AllowDiscount>
      <ItemStatus>1</ItemStatus>
      <ItemId>91781</ItemId>
    </Item>
    <Item>
      <PriceUpdateDate>2015-01-01 00:00:00</PriceUpdateDate>
      <ItemCode>9002859073298</ItemCode>
      <ItemType>1</ItemType>
      <ItemName>שוקולד ברשת בצורות</ItemName>
      <ManufacturerName>גונץ</ManufacturerName>
      <ManufactureCountry>אוסטריה</ManufactureCountry>
      <ManufacturerItemDescription>שוקולד ברשת בצורת כדורגל</ManufacturerItemDescription>
      <UnitQty>גרמים</UnitQty>
      <Quantity>100.00</Quantity>
      <UnitOfMeasure>100 גרם</UnitOfMeasure>
      <bIsWeighted>0</bIsWeighted>
      <QtyInPackage>1</QtyInPackage>
      <ItemPrice>10.00</ItemPrice>
      <UnitOfMeasurePrice>10.0000</UnitOfMeasurePrice>
      <AllowDiscount>1</AllowDiscount>
      <ItemStatus>1</ItemStatus>
      <ItemId>91851</ItemId>
    </Item>
    <Item>
      <PriceUpdateDate>2016-06-01 06:07:34</PriceUpdateDate>
      <ItemCode>7290000169743</ItemCode>
      <ItemType>1</ItemType>
      <ItemName>קוקומן חום לבן</ItemName>
      <ManufacturerName>אתר שפע - Food</ManufacturerName>
      <ManufactureCountry>ישראל</ManufactureCountry>
      <ManufacturerItemDescription>קוקומן חום לבן מופחת 20% סוכר</ManufacturerItemDescription>
      <UnitQty>גרמים</UnitQty>
      <Quantity>375.00</Quantity>
      <UnitOfMeasure>100 גרם</UnitOfMeasure>
      <bIsWeighted>0</bIsWeighted>
      <QtyInPackage>1</QtyInPackage>
      <ItemPrice>25.70</ItemPrice>
      <UnitOfMeasurePrice>6.8533</UnitOfMeasurePrice>
      <AllowDiscount>1</AllowDiscount>
      <ItemStatus>1</ItemStatus>
      <ItemId>91971</ItemId>
    </Item>
    <Item>
      <PriceUpdateDate>2015-01-01 00:00:00</PriceUpdateDate>
      <ItemCode>4009900013581</ItemCode>
      <ItemType>1</ItemType>
      <ItemName>מסטיק ספרמינט   5X5</ItemName>
      <ManufacturerName>ריגלי</ManufacturerName>
      <ManufactureCountry>צרפת</ManufactureCountry>
      <ManufacturerItemDescription>מסטיק אורביט סטיקס ספרמינט          5X5</ManufacturerItemDescription>
      <UnitQty>Unknown </UnitQty>
      <Quantity>0.00</Quantity>
      <UnitOfMeasure>Unknown </UnitOfMeasure>
      <bIsWeighted>0</bIsWeighted>
      <QtyInPackage>5</QtyInPackage>
      <ItemPrice>9.90</ItemPrice>
      <UnitOfMeasurePrice>0.0000</UnitOfMeasurePrice>
      <AllowDiscount>1</AllowDiscount>
      <ItemStatus>1</ItemStatus>
      <ItemId>91976</ItemId>
    </Item>
    <Item>
      <PriceUpdateDate>2015-01-01 00:00:00</PriceUpdateDate>
      <ItemCode>4009900385824</ItemCode>
      <ItemType>1</ItemType>
      <ItemName>מסטיק פפרמינט   5X5</ItemName>
      <ManufacturerName>ריגלי</ManufacturerName>
      <ManufactureCountry>צרפת</ManufactureCountry>
      <ManufacturerItemDescription>מסטיק אורביט סטיקס פפרמינט          5X5</ManufacturerItemDescription>
      <UnitQty>Unknown </UnitQty>
      <Quantity>0.00</Quantity>
      <UnitOfMeasure>Unknown </UnitOfMeasure>
      <bIsWeighted>0</bIsWeighted>
      <QtyInPackage>5</QtyInPackage>
      <ItemPrice>9.90</ItemPrice>
      <UnitOfMeasurePrice>0.0000</UnitOfMeasurePrice>
      <AllowDiscount>1</AllowDiscount>
      <ItemStatus>1</ItemStatus>
      <ItemId>91977</ItemId>
    </Item>
    <Item>
      <PriceUpdateDate>2015-01-01 00:00:00</PriceUpdateDate>
      <ItemCode>4009900487283</ItemCode>
      <ItemType>1</ItemType>
      <ItemName>מסטיק פירות     5X5</ItemName>
      <ManufacturerName>ריגלי</ManufacturerName>
      <ManufactureCountry>צרפת</ManufactureCountry>
      <ManufacturerItemDescription>מסטיק אורביט סטיקס פירות            5X5</ManufacturerItemDescription>
      <UnitQty>Unknown </UnitQty>
      <Quantity>0.00</Quantity>
      <UnitOfMeasure>Unknown </UnitOfMeasure>
      <bIsWeighted>0</bIsWeighted>
      <QtyInPackage>1</QtyInPackage>
      <ItemPrice>9.90</ItemPrice>
      <UnitOfMeasurePrice>0.0000</UnitOfMeasurePrice>
      <AllowDiscount>1</AllowDiscount>
      <ItemStatus>1</ItemStatus>
      <ItemId>91978</ItemId>
    </Item>
    <Item>
      <PriceUpdateDate>2015-10-04 10:16:49</PriceUpdateDate>
      <ItemCode>7290106652484</ItemCode>
      <ItemType>1</ItemType>
      <ItemName>בפלות שוקולד קראנץ</ItemName>
      <ManufacturerName>שטראוס גרופ</ManufacturerName>
      <ManufactureCountry>ישראל</ManufactureCountry>
      <ManufacturerItemDescription>בפלות שוקולד קראנץ 300 גרם</ManufacturerItemDescription>
      <UnitQty>גרמים</UnitQty>
      <Quantity>300.00</Quantity>
      <UnitOfMeasure>100 גרם</UnitOfMeasure>
      <bIsWeighted>0</bIsWeighted>
      <QtyInPackage>1</QtyInPackage>
      <ItemPrice>7.50</ItemPrice>
      <UnitOfMeasurePrice>2.5000</UnitOfMeasurePrice>
      <AllowDiscount>1</AllowDiscount>
      <ItemStatus>1</ItemStatus>
      <ItemId>92020</ItemId>
    </Item>
    <Item>
      <PriceUpdateDate>2015-10-04 10:16:49</PriceUpdateDate>
      <ItemCode>7290106652491</ItemCode>
      <ItemType>1</ItemType>
      <ItemName>בפלות לימון קראנץ</ItemName>
      <ManufacturerName>שטראוס גרופ</ManufacturerName>
      <ManufactureCountry>ישראל</ManufactureCountry>
      <ManufacturerItemDescription>בפלות לימון קראנץ 300 גרם</ManufacturerItemDescription>
      <UnitQty>גרמים</UnitQty>
      <Quantity>300.00</Quantity>
      <UnitOfMeasure>100 גרם</UnitOfMeasure>
      <bIsWeighted>0</bIsWeighted>
      <QtyInPackage>1</QtyInPackage>
      <ItemPrice>7.50</ItemPrice>
      <UnitOfMeasurePrice>2.5000</UnitOfMeasurePrice>
      <AllowDiscount>1</AllowDiscount>
      <ItemStatus>1</ItemStatus>
      <ItemId>92021</ItemId>
    </Item>
    <Item>
      <PriceUpdateDate>2015-11-12 10:52:11</PriceUpdateDate>
      <ItemCode>7290100702680</ItemCode>
      <ItemType>1</ItemType>
      <ItemName>פתיתים אפויים חיות</ItemName>
      <ManufacturerName>אסיף תעשיות מזון</ManufacturerName>
      <ManufactureCountry>לא ידוע</ManufactureCountry>
      <ManufacturerItemDescription>פתיתים אפויים חיות 400 גרם</ManufacturerItemDescription>
      <UnitQty>גרמים</UnitQty>
      <Quantity>400.00</Quantity>
      <UnitOfMeasure>100 גרם</UnitOfMeasure>
      <bIsWeighted>0</bIsWeighted>
      <QtyInPackage>1</QtyInPackage>
      <ItemPrice>6.20</ItemPrice>
      <UnitOfMeasurePrice>1.5500</UnitOfMeasurePrice>
      <AllowDiscount>1</AllowDiscount>
      <ItemStatus>1</ItemStatus>
      <ItemId>92051</ItemId>
    </Item>
    <Item>
      <PriceUpdateDate>2015-11-12 10:52:11</PriceUpdateDate>
      <ItemCode>7290100702703</ItemCode>
      <ItemType>1</ItemType>
      <ItemName>פתיתים אפויים אותיות</ItemName>
      <ManufacturerName>יושלם</ManufacturerName>
      <ManufactureCountry>לא ידוע</ManufactureCountry>
      <ManufacturerItemDescription>פתיתים אפויים אותיות 400 גרם</ManufacturerItemDescription>
      <UnitQty>גרמים</UnitQty>
      <Quantity>400.00</Quantity>
      <UnitOfMeasure>100 גרם</UnitOfMeasure>
      <bIsWeighted>0</bIsWeighted>
      <QtyInPackage>1</QtyInPackage>
      <ItemPrice>6.20</ItemPrice>
      <UnitOfMeasurePrice>1.5500</UnitOfMeasurePrice>
      <AllowDiscount>1</AllowDiscount>
      <ItemStatus>1</ItemStatus>
      <ItemId>92053</ItemId>
    </Item>
    <Item>
      <PriceUpdateDate>2015-10-04 10:17:02</PriceUpdateDate>
      <ItemCode>7290000169521</ItemCode>
      <ItemType>1</ItemType>
      <ItemName>מרק נמס בכוס ירקות</ItemName>
      <ManufacturerName>אתר חיפה אבקות - Foo</ManufacturerName>
      <ManufactureCountry>ישראל</ManufactureCountry>
      <ManufacturerItemDescription>מרק נמס בכוס ירקות קרוטונים</ManufacturerItemDescription>
      <UnitQty>גרמים</UnitQty>
      <Quantity>62.00</Quantity>
      <UnitOfMeasure>100 גרם</UnitOfMeasure>
      <bIsWeighted>0</bIsWeighted>
      <QtyInPackage>1</QtyInPackage>
      <ItemPrice>7.70</ItemPrice>
      <UnitOfMeasurePrice>12.4194</UnitOfMeasurePrice>
      <AllowDiscount>1</AllowDiscount>
      <ItemStatus>1</ItemStatus>
      <ItemId>92194</ItemId>
    </Item>
    <Item>
      <PriceUpdateDate>2015-10-04 10:18:36</PriceUpdateDate>
      <ItemCode>7290003220908</ItemCode>
      <ItemType>1</ItemType>
      <ItemName>גינגר לסושי ורוד</ItemName>
      <ManufacturerName>פנטה אמפאק בע"מ</ManufacturerName>
      <ManufactureCountry>תאילנד</ManufactureCountry>
      <ManufacturerItemDescription>גינגר לסושי ורוד 340 גרם</ManufacturerItemDescription>
      <UnitQty>גרמים</UnitQty>
      <Quantity>340.00</Quantity>
      <UnitOfMeasure>100 גרם</UnitOfMeasure>
      <bIsWeighted>0</bIsWeighted>
      <QtyInPackage>1</QtyInPackage>
      <ItemPrice>12.40</ItemPrice>
      <UnitOfMeasurePrice>3.6471</UnitOfMeasurePrice>
      <AllowDiscount>1</AllowDiscount>
      <ItemStatus>1</ItemStatus>
      <ItemId>92198</ItemId>
    </Item>
    <Item>
      <PriceUpdateDate>2016-05-26 08:03:13</PriceUpdateDate>
      <ItemCode>7290106657137</ItemCode>
      <ItemType>1</ItemType>
      <ItemName>תפוציפס אקסטרא</ItemName>
      <ManufacturerName>שטראוס גרופ</ManufacturerName>
      <ManufactureCountry>ישראל</ManufactureCountry>
      <ManufacturerItemDescription>תפוציפס אקסטרא200 ג "בדצ</ManufacturerItemDescription>
      <UnitQty>גרמים</UnitQty>
      <Quantity>200.00</Quantity>
      <UnitOfMeasure>100 גרם</UnitOfMeasure>
      <bIsWeighted>0</bIsWeighted>
      <QtyInPackage>1</QtyInPackage>
      <ItemPrice>11.80</ItemPrice>
      <UnitOfMeasurePrice>5.9000</UnitOfMeasurePrice>
      <AllowDiscount>1</AllowDiscount>
      <ItemStatus>1</ItemStatus>
      <ItemId>92209</ItemId>
    </Item>
    <Item>
      <PriceUpdateDate>2015-06-19 10:52:35</PriceUpdateDate>
      <ItemCode>7290014759084</ItemCode>
      <ItemType>1</ItemType>
      <ItemName>גבינה נפוליאון    .</ItemName>
      <ManufacturerName>תנובה מרכז שיתופי לש</ManufacturerName>
      <ManufactureCountry>ישראל</ManufactureCountry>
      <ManufacturerItemDescription>גבינה שמנת נפוליאון 225 גר</ManufacturerItemDescription>
      <UnitQty>גרמים</UnitQty>
      <Quantity>225.00</Quantity>
      <UnitOfMeasure>100 גרם</UnitOfMeasure>
      <bIsWeighted>0</bIsWeighted>
      <QtyInPackage>1</QtyInPackage>
      <ItemPrice>14.50</ItemPrice>
      <UnitOfMeasurePrice>6.4444</UnitOfMeasurePrice>
      <AllowDiscount>1</AllowDiscount>
      <ItemStatus>1</ItemStatus>
      <ItemId>92701</ItemId>
    </Item>
    <Item>
      <PriceUpdateDate>2015-10-04 10:17:43</PriceUpdateDate>
      <ItemCode>7290104962073</ItemCode>
      <ItemType>1</ItemType>
      <ItemName>דאו גולד ספריי</ItemName>
      <ManufacturerName>אמיליה קוסמטיקס</ManufacturerName>
      <ManufactureCountry>ישראל</ManufactureCountry>
      <ManufacturerItemDescription>דאודורנט גולד ספריי לגבר</ManufacturerItemDescription>
      <UnitQty>מיליליטרים</UnitQty>
      <Quantity>180.00</Quantity>
      <UnitOfMeasure>100 מ"ל</UnitOfMeasure>
      <bIsWeighted>0</bIsWeighted>
      <QtyInPackage>1</QtyInPackage>
      <ItemPrice>21.70</ItemPrice>
      <UnitOfMeasurePrice>12.0556</UnitOfMeasurePrice>
      <AllowDiscount>1</AllowDiscount>
      <ItemStatus>1</ItemStatus>
      <ItemId>92767</ItemId>
    </Item>
    <Item>
      <PriceUpdateDate>2015-10-04 10:19:20</PriceUpdateDate>
      <ItemCode>7290014759992</ItemCode>
      <ItemType>1</ItemType>
      <ItemName>רוקפור פלח</ItemName>
      <ManufacturerName>תנובה מרכז שיתופי לש</ManufacturerName>
      <ManufactureCountry>ישראל</ManufactureCountry>
      <ManufacturerItemDescription>רוקפור פלח 140 גרם</ManufacturerItemDescription>
      <UnitQty>גרמים</UnitQty>
      <Quantity>140.00</Quantity>
      <UnitOfMeasure>100 גרם</UnitOfMeasure>
      <bIsWeighted>0</bIsWeighted>
      <QtyInPackage>1</QtyInPackage>
      <ItemPrice>18.70</ItemPrice>
      <UnitOfMeasurePrice>13.3571</UnitOfMeasurePrice>
      <AllowDiscount>1</AllowDiscount>
      <ItemStatus>1</ItemStatus>
      <ItemId>93312</ItemId>
    </Item>
    <Item>
      <PriceUpdateDate>2015-08-03 07:56:01</PriceUpdateDate>
      <ItemCode>7290003400500</ItemCode>
      <ItemType>1</ItemType>
      <ItemName>חטיף קרמל עם בוטנים</ItemName>
      <ManufacturerName>הרשי</ManufacturerName>
      <ManufactureCountry>לא ידוע</ManufactureCountry>
      <ManufacturerItemDescription>חטיף קרמל עם בוטנים 47 גרם</ManufacturerItemDescription>
      <UnitQty>Unknown </UnitQty>
      <Quantity>0.00</Quantity>
      <UnitOfMeasure>Unknown </UnitOfMeasure>
      <bIsWeighted>0</bIsWeighted>
      <QtyInPackage>1</QtyInPackage>
      <ItemPrice>5.30</ItemPrice>
      <UnitOfMeasurePrice>0.0000</UnitOfMeasurePrice>
      <AllowDiscount>1</AllowDiscount>
      <ItemStatus>1</ItemStatus>
      <ItemId>93669</ItemId>
    </Item>
    <Item>
      <PriceUpdateDate>2015-10-04 10:18:41</PriceUpdateDate>
      <ItemCode>4005808670314</ItemCode>
      <ItemType>1</ItemType>
      <ItemName>קרם לחות ניוואה</ItemName>
      <ManufacturerName>ביירסדורף</ManufacturerName>
      <ManufactureCountry>גרמניה</ManufactureCountry>
      <ManufacturerItemDescription>קרם לחות ניוואה</ManufacturerItemDescription>
      <UnitQty>Unknown </UnitQty>
      <Quantity>0.00</Quantity>
      <UnitOfMeasure>Unknown </UnitOfMeasure>
      <bIsWeighted>0</bIsWeighted>
      <QtyInPackage>1</QtyInPackage>
      <ItemPrice>49.40</ItemPrice>
      <UnitOfMeasurePrice>0.0000</UnitOfMeasurePrice>
      <AllowDiscount>1</AllowDiscount>
      <ItemStatus>1</ItemStatus>
      <ItemId>94077</ItemId>
    </Item>
    <Item>
      <PriceUpdateDate>2015-10-04 10:18:41</PriceUpdateDate>
      <ItemCode>4005808670611</ItemCode>
      <ItemType>1</ItemType>
      <ItemName>קרם לחות ניוואה</ItemName>
      <ManufacturerName>ביירסדורף</ManufacturerName>
      <ManufactureCountry>גרמניה</ManufactureCountry>
      <ManufacturerItemDescription>קרם לחות ניוואה</ManufacturerItemDescription>
      <UnitQty>Unknown </UnitQty>
      <Quantity>0.00</Quantity>
      <UnitOfMeasure>Unknown </UnitOfMeasure>
      <bIsWeighted>0</bIsWeighted>
      <QtyInPackage>1</QtyInPackage>
      <ItemPrice>49.40</ItemPrice>
      <UnitOfMeasurePrice>0.0000</UnitOfMeasurePrice>
      <AllowDiscount>1</AllowDiscount>
      <ItemStatus>1</ItemStatus>
      <ItemId>94078</ItemId>
    </Item>
    <Item>
      <PriceUpdateDate>2016-01-14 08:45:39</PriceUpdateDate>
      <ItemCode>4084500088917</ItemCode>
      <ItemType>1</ItemType>
      <ItemName>נוזל כלים פיירי למון</ItemName>
      <ManufacturerName>פרוקטר אנד גמבל</ManufacturerName>
      <ManufactureCountry>בריטניה</ManufactureCountry>
      <ManufacturerItemDescription>פיירי נוזל כלים לימון 650 מל</ManufacturerItemDescription>
      <UnitQty>מיליליטרים</UnitQty>
      <Quantity>650.00</Quantity>
      <UnitOfMeasure>100 מ"ל</UnitOfMeasure>
      <bIsWeighted>0</bIsWeighted>
      <QtyInPackage>1</QtyInPackage>
      <ItemPrice>11.80</ItemPrice>
      <UnitOfMeasurePrice>1.8154</UnitOfMeasurePrice>
      <AllowDiscount>1</AllowDiscount>
      <ItemStatus>1</ItemStatus>
      <ItemId>94114</ItemId>
    </Item>
    <Item>
      <PriceUpdateDate>2015-10-04 10:18:43</PriceUpdateDate>
      <ItemCode>7290014940086</ItemCode>
      <ItemType>1</ItemType>
      <ItemName>לחמניה להמבורגר   8</ItemName>
      <ManufacturerName>מאפיית אנג'ל</ManufacturerName>
      <ManufactureCountry>ישראל</ManufactureCountry>
      <ManufacturerItemDescription>לחמניה להמבורגר 8 יח</ManufacturerItemDescription>
      <UnitQty>גרמים</UnitQty>
      <Quantity>600.00</Quantity>
      <UnitOfMeasure>100 גרם</UnitOfMeasure>
      <bIsWeighted>0</bIsWeighted>
      <QtyInPackage>1</QtyInPackage>
      <ItemPrice>12.20</ItemPrice>
      <UnitOfMeasurePrice>2.0333</UnitOfMeasurePrice>
      <AllowDiscount>1</AllowDiscount>
      <ItemStatus>1</ItemStatus>
      <ItemId>94256</ItemId>
    </Item>
    <Item>
      <PriceUpdateDate>2015-01-01 00:00:00</PriceUpdateDate>
      <ItemCode>7290004200336</ItemCode>
      <ItemType>1</ItemType>
      <ItemName>שקית בלונים 15 יח</ItemName>
      <ManufacturerName>גמר</ManufacturerName>
      <ManufactureCountry>לא ידוע</ManufactureCountry>
      <ManufacturerItemDescription>שקית בלונים 15 יח  מודפס</ManufacturerItemDescription>
      <UnitQty>Unknown </UnitQty>
      <Quantity>0.00</Quantity>
      <UnitOfMeasure>Unknown </UnitOfMeasure>
      <bIsWeighted>0</bIsWeighted>
      <QtyInPackage>1</QtyInPackage>
      <ItemPrice>14.50</ItemPrice>
      <UnitOfMeasurePrice>0.0000</UnitOfMeasurePrice>
      <AllowDiscount>1</AllowDiscount>
      <ItemStatus>1</ItemStatus>
      <ItemId>94559</ItemId>
    </Item>
    <Item>
      <PriceUpdateDate>2015-01-01 00:00:00</PriceUpdateDate>
      <ItemCode>5000159474849</ItemCode>
      <ItemType>1</ItemType>
      <ItemName>חטיף מרס מיני</ItemName>
      <ManufacturerName>מרס</ManufacturerName>
      <ManufactureCountry>הולנד</ManufactureCountry>
      <ManufacturerItemDescription>חטיף מרס מיני 187 גרם</ManufacturerItemDescription>
      <UnitQty>גרמים</UnitQty>
      <Quantity>187.00</Quantity>
      <UnitOfMeasure>100 גרם</UnitOfMeasure>
      <bIsWeighted>0</bIsWeighted>
      <QtyInPackage>1</QtyInPackage>
      <ItemPrice>15.90</ItemPrice>
      <UnitOfMeasurePrice>8.5027</UnitOfMeasurePrice>
      <AllowDiscount>1</AllowDiscount>
      <ItemStatus>1</ItemStatus>
      <ItemId>94644</ItemId>
    </Item>
    <Item>
      <PriceUpdateDate>2015-01-01 00:00:00</PriceUpdateDate>
      <ItemCode>7290014435834</ItemCode>
      <ItemType>1</ItemType>
      <ItemName>מקרל מעושן פרוס בשמן</ItemName>
      <ManufacturerName>סלטי שמיר</ManufacturerName>
      <ManufactureCountry>ישראל</ManufactureCountry>
      <ManufacturerItemDescription>מקרל מעושן פרוס בשמן 180 גר            "</ManufacturerItemDescription>
      <UnitQty>גרמים</UnitQty>
      <Quantity>180.00</Quantity>
      <UnitOfMeasure>100 גרם</UnitOfMeasure>
      <bIsWeighted>0</bIsWeighted>
      <QtyInPackage>1</QtyInPackage>
      <ItemPrice>23.00</ItemPrice>
      <UnitOfMeasurePrice>12.7778</UnitOfMeasurePrice>
      <AllowDiscount>1</AllowDiscount>
      <ItemStatus>1</ItemStatus>
      <ItemId>94690</ItemId>
    </Item>
    <Item>
      <PriceUpdateDate>2015-01-01 00:00:00</PriceUpdateDate>
      <ItemCode>7290014435810</ItemCode>
      <ItemType>1</ItemType>
      <ItemName>הרינג כבוש עם בצל</ItemName>
      <ManufacturerName>סלטי שמיר</ManufacturerName>
      <ManufactureCountry>ישראל</ManufactureCountry>
      <ManufacturerItemDescription>הרינג כבוש עם בצל 180 גר               "</ManufacturerItemDescription>
      <UnitQty>גרמים</UnitQty>
      <Quantity>180.00</Quantity>
      <UnitOfMeasure>100 גרם</UnitOfMeasure>
      <bIsWeighted>0</bIsWeighted>
      <QtyInPackage>1</QtyInPackage>
      <ItemPrice>17.00</ItemPrice>
      <UnitOfMeasurePrice>9.4444</UnitOfMeasurePrice>
      <AllowDiscount>1</AllowDiscount>
      <ItemStatus>1</ItemStatus>
      <ItemId>94693</ItemId>
    </Item>
    <Item>
      <PriceUpdateDate>2015-01-01 00:00:00</PriceUpdateDate>
      <ItemCode>7290014435872</ItemCode>
      <ItemType>1</ItemType>
      <ItemName>סלט הרינג עם מיונז</ItemName>
      <ManufacturerName>סלטי שמיר</ManufacturerName>
      <ManufactureCountry>ישראל</ManufactureCountry>
      <ManufacturerItemDescription>סלט הרינג עם מיונז 180 גר              "</ManufacturerItemDescription>
      <UnitQty>גרמים</UnitQty>
      <Quantity>180.00</Quantity>
      <UnitOfMeasure>100 גרם</UnitOfMeasure>
      <bIsWeighted>0</bIsWeighted>
      <QtyInPackage>1</QtyInPackage>
      <ItemPrice>17.00</ItemPrice>
      <UnitOfMeasurePrice>9.4444</UnitOfMeasurePrice>
      <AllowDiscount>1</AllowDiscount>
      <ItemStatus>1</ItemStatus>
      <ItemId>94695</ItemId>
    </Item>
    <Item>
      <PriceUpdateDate>2015-01-01 00:00:00</PriceUpdateDate>
      <ItemCode>7290014435889</ItemCode>
      <ItemType>1</ItemType>
      <ItemName>סלט מטיאס עם מיונז</ItemName>
      <ManufacturerName>סלטי שמיר</ManufacturerName>
      <ManufactureCountry>ישראל</ManufactureCountry>
      <ManufacturerItemDescription>סלט מטיאס עם מיונז 180 גר              "</ManufacturerItemDescription>
      <UnitQty>גרמים</UnitQty>
      <Quantity>180.00</Quantity>
      <UnitOfMeasure>100 גרם</UnitOfMeasure>
      <bIsWeighted>0</bIsWeighted>
      <QtyInPackage>1</QtyInPackage>
      <ItemPrice>17.00</ItemPrice>
      <UnitOfMeasurePrice>9.4444</UnitOfMeasurePrice>
      <AllowDiscount>1</AllowDiscount>
      <ItemStatus>1</ItemStatus>
      <ItemId>94696</ItemId>
    </Item>
    <Item>
      <PriceUpdateDate>2015-10-04 10:20:55</PriceUpdateDate>
      <ItemCode>7290008464024</ItemCode>
      <ItemType>1</ItemType>
      <ItemName>בירה גולדסטאר</ItemName>
      <ManufacturerName>טמפו</ManufacturerName>
      <ManufactureCountry>ישראל</ManufactureCountry>
      <ManufacturerItemDescription>בירה גולדסטאר לא מסונן פחית</ManufacturerItemDescription>
      <UnitQty>מיליליטרים</UnitQty>
      <Quantity>500.00</Quantity>
      <UnitOfMeasure>100 מ"ל</UnitOfMeasure>
      <bIsWeighted>0</bIsWeighted>
      <QtyInPackage>1</QtyInPackage>
      <ItemPrice>10.90</ItemPrice>
      <UnitOfMeasurePrice>2.1800</UnitOfMeasurePrice>
      <AllowDiscount>1</AllowDiscount>
      <ItemStatus>1</ItemStatus>
      <ItemId>94791</ItemId>
    </Item>
    <Item>
      <PriceUpdateDate>2015-10-04 10:18:49</PriceUpdateDate>
      <ItemCode>7290000313993</ItemCode>
      <ItemType>1</ItemType>
      <ItemName>מאפה פילו פיצה</ItemName>
      <ManufacturerName>בונזור</ManufacturerName>
      <ManufactureCountry>ישראל</ManufactureCountry>
      <ManufacturerItemDescription>מאפה פילו פיצה לקג</ManufacturerItemDescription>
      <UnitQty>קילוגרמים</UnitQty>
      <Quantity>1.00</Quantity>
      <UnitOfMeasure>ק"ג</UnitOfMeasure>
      <bIsWeighted>1</bIsWeighted>
      <QtyInPackage>1</QtyInPackage>
      <ItemPrice>39.60</ItemPrice>
      <UnitOfMeasurePrice>39.6000</UnitOfMeasurePrice>
      <AllowDiscount>1</AllowDiscount>
      <ItemStatus>1</ItemStatus>
      <ItemId>94843</ItemId>
    </Item>
    <Item>
      <PriceUpdateDate>2015-07-26 09:40:12</PriceUpdateDate>
      <ItemCode>7290014002982</ItemCode>
      <ItemType>1</ItemType>
      <ItemName>תה ירוק תוספת סטיביה</ItemName>
      <ManufacturerName>ויסוצקי</ManufacturerName>
      <ManufactureCountry>ישראל</ManufactureCountry>
      <ManufacturerItemDescription>תה ירוק בתוספת סטיביה</ManufacturerItemDescription>
      <UnitQty>גרמים</UnitQty>
      <Quantity>37.00</Quantity>
      <UnitOfMeasure>100 גרם</UnitOfMeasure>
      <bIsWeighted>0</bIsWeighted>
      <QtyInPackage>1</QtyInPackage>
      <ItemPrice>26.90</ItemPrice>
      <UnitOfMeasurePrice>72.7027</UnitOfMeasurePrice>
      <AllowDiscount>1</AllowDiscount>
      <ItemStatus>1</ItemStatus>
      <ItemId>94937</ItemId>
    </Item>
    <Item>
      <PriceUpdateDate>2015-07-26 09:40:13</PriceUpdateDate>
      <ItemCode>7290014373563</ItemCode>
      <ItemType>1</ItemType>
      <ItemName>עוגיות מעמול</ItemName>
      <ManufacturerName>קונדיטוריות לחמי</ManufacturerName>
      <ManufactureCountry>ישראל</ManufactureCountry>
      <ManufacturerItemDescription>עוגיות מעמול 250 גרם</ManufacturerItemDescription>
      <UnitQty>גרמים</UnitQty>
      <Quantity>250.00</Quantity>
      <UnitOfMeasure>100 גרם</UnitOfMeasure>
      <bIsWeighted>0</bIsWeighted>
      <QtyInPackage>1</QtyInPackage>
      <ItemPrice>19.70</ItemPrice>
      <UnitOfMeasurePrice>7.8800</UnitOfMeasurePrice>
      <AllowDiscount>1</AllowDiscount>
      <ItemStatus>1</ItemStatus>
      <ItemId>94942</ItemId>
    </Item>
    <Item>
      <PriceUpdateDate>2015-07-26 09:40:13</PriceUpdateDate>
      <ItemCode>7290014373570</ItemCode>
      <ItemType>1</ItemType>
      <ItemName>עוגיות גרנולה</ItemName>
      <ManufacturerName>קונדיטוריות לחמי</ManufacturerName>
      <ManufactureCountry>ישראל</ManufactureCountry>
      <ManufacturerItemDescription>עוגיות גרנולה 200 גרם</ManufacturerItemDescription>
      <UnitQty>גרמים</UnitQty>
      <Quantity>200.00</Quantity>
      <UnitOfMeasure>100 גרם</UnitOfMeasure>
      <bIsWeighted>0</bIsWeighted>
      <QtyInPackage>1</QtyInPackage>
      <ItemPrice>19.70</ItemPrice>
      <UnitOfMeasurePrice>9.8500</UnitOfMeasurePrice>
      <AllowDiscount>1</AllowDiscount>
      <ItemStatus>1</ItemStatus>
      <ItemId>94943</ItemId>
    </Item>
    <Item>
      <PriceUpdateDate>2015-10-04 10:18:20</PriceUpdateDate>
      <ItemCode>5000159452977</ItemCode>
      <ItemType>1</ItemType>
      <ItemName>חטיף מיקס מיני  400</ItemName>
      <ManufacturerName>מרס</ManufacturerName>
      <ManufactureCountry>הולנד</ManufactureCountry>
      <ManufacturerItemDescription>חטיף מיקס מיני 400 גרם</ManufacturerItemDescription>
      <UnitQty>גרמים</UnitQty>
      <Quantity>400.00</Quantity>
      <UnitOfMeasure>100 גרם</UnitOfMeasure>
      <bIsWeighted>0</bIsWeighted>
      <QtyInPackage>1</QtyInPackage>
      <ItemPrice>25.60</ItemPrice>
      <UnitOfMeasurePrice>6.4000</UnitOfMeasurePrice>
      <AllowDiscount>1</AllowDiscount>
      <ItemStatus>1</ItemStatus>
      <ItemId>94966</ItemId>
    </Item>
    <Item>
      <PriceUpdateDate>2015-06-15 14:25:25</PriceUpdateDate>
      <ItemCode>7290105965738</ItemCode>
      <ItemType>1</ItemType>
      <ItemName>משקה יוגורט תות בננה</ItemName>
      <ManufacturerName>שטראוס גרופ</ManufacturerName>
      <ManufactureCountry>ישראל</ManufactureCountry>
      <ManufacturerItemDescription>משקה יוגורט תות בננה 250 מ"ל</ManufacturerItemDescription>
      <UnitQty>מיליליטרים</UnitQty>
      <Quantity>250.00</Quantity>
      <UnitOfMeasure>100 מ"ל</UnitOfMeasure>
      <bIsWeighted>0</bIsWeighted>
      <QtyInPackage>1</QtyInPackage>
      <ItemPrice>5.30</ItemPrice>
      <UnitOfMeasurePrice>2.1200</UnitOfMeasurePrice>
      <AllowDiscount>1</AllowDiscount>
      <ItemStatus>1</ItemStatus>
      <ItemId>95118</ItemId>
    </Item>
    <Item>
      <PriceUpdateDate>2015-10-04 10:17:21</PriceUpdateDate>
      <ItemCode>7501001170080</ItemCode>
      <ItemType>1</ItemType>
      <ItemName>פנטן קרם לתלתלים</ItemName>
      <ManufacturerName>פרוקטר אנד גמבל</ManufacturerName>
      <ManufactureCountry>מקסיקו</ManufactureCountry>
      <ManufacturerItemDescription>פנטן קרם לתלתלים מושלמים300 מל</ManufacturerItemDescription>
      <UnitQty>מיליליטרים</UnitQty>
      <Quantity>300.00</Quantity>
      <UnitOfMeasure>100 מ"ל</UnitOfMeasure>
      <bIsWeighted>0</bIsWeighted>
      <QtyInPackage>1</QtyInPackage>
      <ItemPrice>26.60</ItemPrice>
      <UnitOfMeasurePrice>8.8667</UnitOfMeasurePrice>
      <AllowDiscount>1</AllowDiscount>
      <ItemStatus>1</ItemStatus>
      <ItemId>95203</ItemId>
    </Item>
    <Item>
      <PriceUpdateDate>2015-01-01 00:00:00</PriceUpdateDate>
      <ItemCode>7290101984412</ItemCode>
      <ItemType>1</ItemType>
      <ItemName>זיקוק מספר</ItemName>
      <ManufacturerName>F.T.I</ManufacturerName>
      <ManufactureCountry>לא ידוע</ManufactureCountry>
      <ManufacturerItemDescription>זיקוק מספר</ManufacturerItemDescription>
      <UnitQty>Unknown </UnitQty>
      <Quantity>0.00</Quantity>
      <UnitOfMeasure>Unknown </UnitOfMeasure>
      <bIsWeighted>0</bIsWeighted>
      <QtyInPackage>1</QtyInPackage>
      <ItemPrice>4.90</ItemPrice>
      <UnitOfMeasurePrice>0.0000</UnitOfMeasurePrice>
      <AllowDiscount>1</AllowDiscount>
      <ItemStatus>1</ItemStatus>
      <ItemId>95211</ItemId>
    </Item>
    <Item>
      <PriceUpdateDate>2015-06-19 10:52:35</PriceUpdateDate>
      <ItemCode>7290014759909</ItemCode>
      <ItemType>1</ItemType>
      <ItemName>פטה עיזים 5% פיראוס</ItemName>
      <ManufacturerName>תנובה מרכז שיתופי לש</ManufacturerName>
      <ManufactureCountry>ישראל</ManufactureCountry>
      <ManufacturerItemDescription>פטה עיזים 5% פיראוס 250 גר</ManufacturerItemDescription>
      <UnitQty>גרמים</UnitQty>
      <Quantity>250.00</Quantity>
      <UnitOfMeasure>100 גרם</UnitOfMeasure>
      <bIsWeighted>0</bIsWeighted>
      <QtyInPackage>1</QtyInPackage>
      <ItemPrice>27.90</ItemPrice>
      <UnitOfMeasurePrice>11.1600</UnitOfMeasurePrice>
      <AllowDiscount>1</AllowDiscount>
      <ItemStatus>1</ItemStatus>
      <ItemId>95238</ItemId>
    </Item>
    <Item>
      <PriceUpdateDate>2015-12-30 15:28:54</PriceUpdateDate>
      <ItemCode>4015400700111</ItemCode>
      <ItemType>1</ItemType>
      <ItemName>אולוויז דואו לונג 24</ItemName>
      <ManufacturerName>פרוקטר אנד גמבל</ManufacturerName>
      <ManufactureCountry>גרמניה</ManufactureCountry>
      <ManufacturerItemDescription>אולוויז דואו לונג 24 +יח</ManufacturerItemDescription>
      <UnitQty>Unknown </UnitQty>
      <Quantity>0.00</Quantity>
      <UnitOfMeasure>Unknown </UnitOfMeasure>
      <bIsWeighted>0</bIsWeighted>
      <QtyInPackage>1</QtyInPackage>
      <ItemPrice>26.90</ItemPrice>
      <UnitOfMeasurePrice>0.0000</UnitOfMeasurePrice>
      <AllowDiscount>1</AllowDiscount>
      <ItemStatus>1</ItemStatus>
      <ItemId>107078</ItemId>
    </Item>
    <Item>
      <PriceUpdateDate>2015-10-04 10:18:31</PriceUpdateDate>
      <ItemCode>7290014472839</ItemCode>
      <ItemType>1</ItemType>
      <ItemName>אגוזים קלופים 150 גר</ItemName>
      <ManufacturerName>דין שיווק וקליה בע"מ</ManufacturerName>
      <ManufactureCountry>ארצות הברית</ManufactureCountry>
      <ManufacturerItemDescription>אגוזים קלופים 150 גרם</ManufacturerItemDescription>
      <UnitQty>גרמים</UnitQty>
      <Quantity>150.00</Quantity>
      <UnitOfMeasure>100 גרם</UnitOfMeasure>
      <bIsWeighted>0</bIsWeighted>
      <QtyInPackage>1</QtyInPackage>
      <ItemPrice>15.50</ItemPrice>
      <UnitOfMeasurePrice>10.3333</UnitOfMeasurePrice>
      <AllowDiscount>1</AllowDiscount>
      <ItemStatus>1</ItemStatus>
      <ItemId>95450</ItemId>
    </Item>
    <Item>
      <PriceUpdateDate>2015-10-04 10:18:31</PriceUpdateDate>
      <ItemCode>7290014472846</ItemCode>
      <ItemType>1</ItemType>
      <ItemName>בוטן אמריקאי 200 גרם</ItemName>
      <ManufacturerName>ששון ושות'</ManufacturerName>
      <ManufactureCountry>ישראל</ManufactureCountry>
      <ManufacturerItemDescription>בוטן אמריקאי 200 גרם</ManufacturerItemDescription>
      <UnitQty>גרמים</UnitQty>
      <Quantity>200.00</Quantity>
      <UnitOfMeasure>100 גרם</UnitOfMeasure>
      <bIsWeighted>0</bIsWeighted>
      <QtyInPackage>1</QtyInPackage>
      <ItemPrice>6.60</ItemPrice>
      <UnitOfMeasurePrice>3.3000</UnitOfMeasurePrice>
      <AllowDiscount>1</AllowDiscount>
      <ItemStatus>1</ItemStatus>
      <ItemId>95451</ItemId>
    </Item>
    <Item>
      <PriceUpdateDate>2015-10-04 10:18:31</PriceUpdateDate>
      <ItemCode>7290014472853</ItemCode>
      <ItemType>1</ItemType>
      <ItemName>בוטנים קלויים  200 ג</ItemName>
      <ManufacturerName>דין שיווק וקליה בע"מ</ManufacturerName>
      <ManufactureCountry>סין</ManufactureCountry>
      <ManufacturerItemDescription>בוטנים קלויים  200 גרם</ManufacturerItemDescription>
      <UnitQty>גרמים</UnitQty>
      <Quantity>200.00</Quantity>
      <UnitOfMeasure>100 גרם</UnitOfMeasure>
      <bIsWeighted>0</bIsWeighted>
      <QtyInPackage>1</QtyInPackage>
      <ItemPrice>7.80</ItemPrice>
      <UnitOfMeasurePrice>3.9000</UnitOfMeasurePrice>
      <AllowDiscount>1</AllowDiscount>
      <ItemStatus>1</ItemStatus>
      <ItemId>95452</ItemId>
    </Item>
    <Item>
      <PriceUpdateDate>2015-10-04 10:18:31</PriceUpdateDate>
      <ItemCode>7290014472785</ItemCode>
      <ItemType>1</ItemType>
      <ItemName>גרעין שחור 170 גרם</ItemName>
      <ManufacturerName>דין שיווק וקליה בע"מ</ManufacturerName>
      <ManufactureCountry>ישראל</ManufactureCountry>
      <ManufacturerItemDescription>גרעין שחור 170 גרם</ManufacturerItemDescription>
      <UnitQty>גרמים</UnitQty>
      <Quantity>170.00</Quantity>
      <UnitOfMeasure>100 גרם</UnitOfMeasure>
      <bIsWeighted>0</bIsWeighted>
      <QtyInPackage>1</QtyInPackage>
      <ItemPrice>6.80</ItemPrice>
      <UnitOfMeasurePrice>4.0000</UnitOfMeasurePrice>
      <AllowDiscount>1</AllowDiscount>
      <ItemStatus>1</ItemStatus>
      <ItemId>95454</ItemId>
    </Item>
    <Item>
      <PriceUpdateDate>2015-10-04 10:18:31</PriceUpdateDate>
      <ItemCode>7290014472860</ItemCode>
      <ItemType>1</ItemType>
      <ItemName>שקד טבעי 200 גרם</ItemName>
      <ManufacturerName>דין שיווק וקליה בע"מ</ManufacturerName>
      <ManufactureCountry>ארצות הברית</ManufactureCountry>
      <ManufacturerItemDescription>שקד טבעי 200 גרם</ManufacturerItemDescription>
      <UnitQty>גרמים</UnitQty>
      <Quantity>200.00</Quantity>
      <UnitOfMeasure>100 גרם</UnitOfMeasure>
      <bIsWeighted>0</bIsWeighted>
      <QtyInPackage>1</QtyInPackage>
      <ItemPrice>18.70</ItemPrice>
      <UnitOfMeasurePrice>9.3500</UnitOfMeasurePrice>
      <AllowDiscount>1</AllowDiscount>
      <ItemStatus>1</ItemStatus>
      <ItemId>95455</ItemId>
    </Item>
    <Item>
      <PriceUpdateDate>2015-10-04 10:18:31</PriceUpdateDate>
      <ItemCode>7290014472884</ItemCode>
      <ItemType>1</ItemType>
      <ItemName>שקדים קלויים 170 גרם</ItemName>
      <ManufacturerName>דין שיווק וקליה בע"מ</ManufacturerName>
      <ManufactureCountry>ישראל</ManufactureCountry>
      <ManufacturerItemDescription>שקדים קלויים 170 גרם</ManufacturerItemDescription>
      <UnitQty>גרמים</UnitQty>
      <Quantity>170.00</Quantity>
      <UnitOfMeasure>100 גרם</UnitOfMeasure>
      <bIsWeighted>0</bIsWeighted>
      <QtyInPackage>1</QtyInPackage>
      <ItemPrice>21.70</ItemPrice>
      <UnitOfMeasurePrice>12.7647</UnitOfMeasurePrice>
      <AllowDiscount>1</AllowDiscount>
      <ItemStatus>1</ItemStatus>
      <ItemId>95456</ItemId>
    </Item>
    <Item>
      <PriceUpdateDate>2015-10-04 10:18:31</PriceUpdateDate>
      <ItemCode>7290014472808</ItemCode>
      <ItemType>1</ItemType>
      <ItemName>קבוקים 200 גרם</ItemName>
      <ManufacturerName>ששון ושות'</ManufacturerName>
      <ManufactureCountry>ישראל</ManufactureCountry>
      <ManufacturerItemDescription>קבוקים 200 גרם</ManufacturerItemDescription>
      <UnitQty>גרמים</UnitQty>
      <Quantity>200.00</Quantity>
      <UnitOfMeasure>100 גרם</UnitOfMeasure>
      <bIsWeighted>0</bIsWeighted>
      <QtyInPackage>1</QtyInPackage>
      <ItemPrice>6.20</ItemPrice>
      <UnitOfMeasurePrice>3.1000</UnitOfMeasurePrice>
      <AllowDiscount>1</AllowDiscount>
      <ItemStatus>1</ItemStatus>
      <ItemId>95457</ItemId>
    </Item>
    <Item>
      <PriceUpdateDate>2015-10-04 10:18:31</PriceUpdateDate>
      <ItemCode>7290014472891</ItemCode>
      <ItemType>1</ItemType>
      <ItemName>קשיו קלוי 170 גרם</ItemName>
      <ManufacturerName>דין שיווק וקליה בע"מ</ManufacturerName>
      <ManufactureCountry>ישראל</ManufactureCountry>
      <ManufacturerItemDescription>קשיו קלוי 170 גרם</ManufacturerItemDescription>
      <UnitQty>גרמים</UnitQty>
      <Quantity>170.00</Quantity>
      <UnitOfMeasure>100 גרם</UnitOfMeasure>
      <bIsWeighted>0</bIsWeighted>
      <QtyInPackage>1</QtyInPackage>
      <ItemPrice>16.70</ItemPrice>
      <UnitOfMeasurePrice>9.8235</UnitOfMeasurePrice>
      <AllowDiscount>1</AllowDiscount>
      <ItemStatus>1</ItemStatus>
      <ItemId>95458</ItemId>
    </Item>
    <Item>
      <PriceUpdateDate>2015-01-01 00:00:00</PriceUpdateDate>
      <ItemCode>7290005686153</ItemCode>
      <ItemType>1</ItemType>
      <ItemName>תמר מגהול 400 גרם</ItemName>
      <ManufacturerName>דין שיווק וקליה בע"מ</ManufacturerName>
      <ManufactureCountry>לא ידוע</ManufactureCountry>
      <ManufacturerItemDescription>תמר מגהול 400 גרם</ManufacturerItemDescription>
      <UnitQty>גרמים</UnitQty>
      <Quantity>400.00</Quantity>
      <UnitOfMeasure>100 גרם</UnitOfMeasure>
      <bIsWeighted>0</bIsWeighted>
      <QtyInPackage>1</QtyInPackage>
      <ItemPrice>16.90</ItemPrice>
      <UnitOfMeasurePrice>4.2250</UnitOfMeasurePrice>
      <AllowDiscount>1</AllowDiscount>
      <ItemStatus>1</ItemStatus>
      <ItemId>95460</ItemId>
    </Item>
    <Item>
      <PriceUpdateDate>2015-10-04 10:18:31</PriceUpdateDate>
      <ItemCode>7290014094376</ItemCode>
      <ItemType>1</ItemType>
      <ItemName>שזיפים ללא גלעין בקו</ItemName>
      <ManufacturerName>דין שיווק וקליה בע"מ</ManufacturerName>
      <ManufactureCountry>ארצות הברית</ManufactureCountry>
      <ManufacturerItemDescription>שזיפים ללא גלעין בקופסא  330 גרם</ManufacturerItemDescription>
      <UnitQty>גרמים</UnitQty>
      <Quantity>330.00</Quantity>
      <UnitOfMeasure>100 גרם</UnitOfMeasure>
      <bIsWeighted>0</bIsWeighted>
      <QtyInPackage>1</QtyInPackage>
      <ItemPrice>17.70</ItemPrice>
      <UnitOfMeasurePrice>5.3636</UnitOfMeasurePrice>
      <AllowDiscount>1</AllowDiscount>
      <ItemStatus>1</ItemStatus>
      <ItemId>95463</ItemId>
    </Item>
    <Item>
      <PriceUpdateDate>2015-10-04 10:18:31</PriceUpdateDate>
      <ItemCode>7290014094406</ItemCode>
      <ItemType>1</ItemType>
      <ItemName>צימוק לבן בקופסא  33</ItemName>
      <ManufacturerName>דין שיווק וקליה בע"מ</ManufacturerName>
      <ManufactureCountry>ארצות הברית</ManufactureCountry>
      <ManufacturerItemDescription>צימוק לבן בקופסא  330 גרם</ManufacturerItemDescription>
      <UnitQty>גרמים</UnitQty>
      <Quantity>330.00</Quantity>
      <UnitOfMeasure>100 גרם</UnitOfMeasure>
      <bIsWeighted>0</bIsWeighted>
      <QtyInPackage>1</QtyInPackage>
      <ItemPrice>16.70</ItemPrice>
      <UnitOfMeasurePrice>5.0606</UnitOfMeasurePrice>
      <AllowDiscount>1</AllowDiscount>
      <ItemStatus>1</ItemStatus>
      <ItemId>95466</ItemId>
    </Item>
    <Item>
      <PriceUpdateDate>2015-10-04 10:18:31</PriceUpdateDate>
      <ItemCode>7290014472228</ItemCode>
      <ItemType>1</ItemType>
      <ItemName>תאנים בקופסא  330 גר</ItemName>
      <ManufacturerName>דין שיווק וקליה בע"מ</ManufacturerName>
      <ManufactureCountry>טורקיה</ManufactureCountry>
      <ManufacturerItemDescription>תאנים בקופסא  330 גרם</ManufacturerItemDescription>
      <UnitQty>גרמים</UnitQty>
      <Quantity>330.00</Quantity>
      <UnitOfMeasure>100 גרם</UnitOfMeasure>
      <bIsWeighted>0</bIsWeighted>
      <QtyInPackage>1</QtyInPackage>
      <ItemPrice>17.70</ItemPrice>
      <UnitOfMeasurePrice>5.3636</UnitOfMeasurePrice>
      <AllowDiscount>1</AllowDiscount>
      <ItemStatus>1</ItemStatus>
      <ItemId>95467</ItemId>
    </Item>
    <Item>
      <PriceUpdateDate>2015-10-04 10:18:14</PriceUpdateDate>
      <ItemCode>7290013584113</ItemCode>
      <ItemType>1</ItemType>
      <ItemName>ספרייט פחית סליק</ItemName>
      <ManufacturerName>החברה המרכזית למשקאו</ManufacturerName>
      <ManufactureCountry>ישראל</ManufactureCountry>
      <ManufacturerItemDescription>ספרייט פחית סליק 330 מל</ManufacturerItemDescription>
      <UnitQty>מיליליטרים</UnitQty>
      <Quantity>330.00</Quantity>
      <UnitOfMeasure>100 מ"ל</UnitOfMeasure>
      <bIsWeighted>0</bIsWeighted>
      <QtyInPackage>1</QtyInPackage>
      <ItemPrice>6.20</ItemPrice>
      <UnitOfMeasurePrice>1.8788</UnitOfMeasurePrice>
      <AllowDiscount>1</AllowDiscount>
      <ItemStatus>1</ItemStatus>
      <ItemId>95562</ItemId>
    </Item>
    <Item>
      <PriceUpdateDate>2016-06-07 07:37:09</PriceUpdateDate>
      <ItemCode>7290015324007</ItemCode>
      <ItemType>1</ItemType>
      <ItemName>פלפל שחור גרוס</ItemName>
      <ManufacturerName>תבליני טעם וריח</ManufacturerName>
      <ManufactureCountry>לא ידוע</ManufactureCountry>
      <ManufacturerItemDescription>פלפל שחור גרוס 80 גרם</ManufacturerItemDescription>
      <UnitQty>Unknown </UnitQty>
      <Quantity>0.00</Quantity>
      <UnitOfMeasure>Unknown </UnitOfMeasure>
      <bIsWeighted>0</bIsWeighted>
      <QtyInPackage>1</QtyInPackage>
      <ItemPrice>12.40</ItemPrice>
      <UnitOfMeasurePrice>0.0000</UnitOfMeasurePrice>
      <AllowDiscount>1</AllowDiscount>
      <ItemStatus>1</ItemStatus>
      <ItemId>95595</ItemId>
    </Item>
    <Item>
      <PriceUpdateDate>2015-10-04 10:19:45</PriceUpdateDate>
      <ItemCode>7290015324014</ItemCode>
      <ItemType>1</ItemType>
      <ItemName>פלפל שחור טחון</ItemName>
      <ManufacturerName>תבליני טעם וריח</ManufacturerName>
      <ManufactureCountry>ישראל</ManufactureCountry>
      <ManufacturerItemDescription>פלפל שחור טחון 80 גרם</ManufacturerItemDescription>
      <UnitQty>Unknown </UnitQty>
      <Quantity>0.00</Quantity>
      <UnitOfMeasure>Unknown </UnitOfMeasure>
      <bIsWeighted>0</bIsWeighted>
      <QtyInPackage>1</QtyInPackage>
      <ItemPrice>11.90</ItemPrice>
      <UnitOfMeasurePrice>0.0000</UnitOfMeasurePrice>
      <AllowDiscount>1</AllowDiscount>
      <ItemStatus>1</ItemStatus>
      <ItemId>95596</ItemId>
    </Item>
    <Item>
      <PriceUpdateDate>2016-06-07 07:37:09</PriceUpdateDate>
      <ItemCode>7290015324038</ItemCode>
      <ItemType>1</ItemType>
      <ItemName>פפריקה בשמן</ItemName>
      <ManufacturerName>תבליני טעם וריח</ManufacturerName>
      <ManufactureCountry>לא ידוע</ManufactureCountry>
      <ManufacturerItemDescription>פפריקה בשמן 80 גרם</ManufacturerItemDescription>
      <UnitQty>Unknown </UnitQty>
      <Quantity>0.00</Quantity>
      <UnitOfMeasure>Unknown </UnitOfMeasure>
      <bIsWeighted>0</bIsWeighted>
      <QtyInPackage>1</QtyInPackage>
      <ItemPrice>6.20</ItemPrice>
      <UnitOfMeasurePrice>0.0000</UnitOfMeasurePrice>
      <AllowDiscount>1</AllowDiscount>
      <ItemStatus>1</ItemStatus>
      <ItemId>95597</ItemId>
    </Item>
    <Item>
      <PriceUpdateDate>2016-06-07 07:37:09</PriceUpdateDate>
      <ItemCode>7290015324045</ItemCode>
      <ItemType>1</ItemType>
      <ItemName>פפריקה חריפה</ItemName>
      <ManufacturerName>תבליני טעם וריח</ManufacturerName>
      <ManufactureCountry>לא ידוע</ManufactureCountry>
      <ManufacturerItemDescription>פפריקה חריפה 80 גרם</ManufacturerItemDescription>
      <UnitQty>Unknown </UnitQty>
      <Quantity>0.00</Quantity>
      <UnitOfMeasure>Unknown </UnitOfMeasure>
      <bIsWeighted>0</bIsWeighted>
      <QtyInPackage>1</QtyInPackage>
      <ItemPrice>6.40</ItemPrice>
      <UnitOfMeasurePrice>0.0000</UnitOfMeasurePrice>
      <AllowDiscount>1</AllowDiscount>
      <ItemStatus>1</ItemStatus>
      <ItemId>95598</ItemId>
    </Item>
    <Item>
      <PriceUpdateDate>2016-06-07 07:37:09</PriceUpdateDate>
      <ItemCode>7290015324052</ItemCode>
      <ItemType>1</ItemType>
      <ItemName>פפריקה מתוקה</ItemName>
      <ManufacturerName>תבליני טעם וריח</ManufacturerName>
      <ManufactureCountry>לא ידוע</ManufactureCountry>
      <ManufacturerItemDescription>פפריקה מתוקה 80 גרם</ManufacturerItemDescription>
      <UnitQty>Unknown </UnitQty>
      <Quantity>0.00</Quantity>
      <UnitOfMeasure>Unknown </UnitOfMeasure>
      <bIsWeighted>0</bIsWeighted>
      <QtyInPackage>1</QtyInPackage>
      <ItemPrice>6.20</ItemPrice>
      <UnitOfMeasurePrice>0.0000</UnitOfMeasurePrice>
      <AllowDiscount>1</AllowDiscount>
      <ItemStatus>1</ItemStatus>
      <ItemId>95599</ItemId>
    </Item>
    <Item>
      <PriceUpdateDate>2016-06-07 07:37:09</PriceUpdateDate>
      <ItemCode>7290015324069</ItemCode>
      <ItemType>1</ItemType>
      <ItemName>גריל עוף טעם וריח  8</ItemName>
      <ManufacturerName>תבליני טעם וריח</ManufacturerName>
      <ManufactureCountry>לא ידוע</ManufactureCountry>
      <ManufacturerItemDescription>גריל עוף 80 גרם</ManufacturerItemDescription>
      <UnitQty>גרמים</UnitQty>
      <Quantity>80.00</Quantity>
      <UnitOfMeasure>100 גרם</UnitOfMeasure>
      <bIsWeighted>0</bIsWeighted>
      <QtyInPackage>1</QtyInPackage>
      <ItemPrice>6.40</ItemPrice>
      <UnitOfMeasurePrice>8.0000</UnitOfMeasurePrice>
      <AllowDiscount>1</AllowDiscount>
      <ItemStatus>1</ItemStatus>
      <ItemId>95600</ItemId>
    </Item>
    <Item>
      <PriceUpdateDate>2016-06-07 07:37:09</PriceUpdateDate>
      <ItemCode>7290015324083</ItemCode>
      <ItemType>1</ItemType>
      <ItemName>מלח לימון טעם וריח 8</ItemName>
      <ManufacturerName>תבליני טעם וריח</ManufacturerName>
      <ManufactureCountry>לא ידוע</ManufactureCountry>
      <ManufacturerItemDescription>מלח לימון 80 גרם</ManufacturerItemDescription>
      <UnitQty>גרמים</UnitQty>
      <Quantity>80.00</Quantity>
      <UnitOfMeasure>100 גרם</UnitOfMeasure>
      <bIsWeighted>0</bIsWeighted>
      <QtyInPackage>1</QtyInPackage>
      <ItemPrice>6.20</ItemPrice>
      <UnitOfMeasurePrice>7.7500</UnitOfMeasurePrice>
      <AllowDiscount>1</AllowDiscount>
      <ItemStatus>1</ItemStatus>
      <ItemId>95601</ItemId>
    </Item>
    <Item>
      <PriceUpdateDate>2016-06-07 07:37:09</PriceUpdateDate>
      <ItemCode>7290015324090</ItemCode>
      <ItemType>1</ItemType>
      <ItemName>כמון</ItemName>
      <ManufacturerName>תבליני טעם וריח</ManufacturerName>
      <ManufactureCountry>לא ידוע</ManufactureCountry>
      <ManufacturerItemDescription>כמון 80 גרם</ManufacturerItemDescription>
      <UnitQty>Unknown </UnitQty>
      <Quantity>0.00</Quantity>
      <UnitOfMeasure>Unknown </UnitOfMeasure>
      <bIsWeighted>0</bIsWeighted>
      <QtyInPackage>1</QtyInPackage>
      <ItemPrice>6.80</ItemPrice>
      <UnitOfMeasurePrice>0.0000</UnitOfMeasurePrice>
      <AllowDiscount>1</AllowDiscount>
      <ItemStatus>1</ItemStatus>
      <ItemId>95602</ItemId>
    </Item>
    <Item>
      <PriceUpdateDate>2016-01-12 07:19:24</PriceUpdateDate>
      <ItemCode>7290015324106</ItemCode>
      <ItemType>1</ItemType>
      <ItemName>כורכום</ItemName>
      <ManufacturerName>תבליני טעם וריח</ManufacturerName>
      <ManufactureCountry>לא ידוע</ManufactureCountry>
      <ManufacturerItemDescription>כורכום 80 גרם</ManufacturerItemDescription>
      <UnitQty>גרמים</UnitQty>
      <Quantity>80.00</Quantity>
      <UnitOfMeasure>100 גרם</UnitOfMeasure>
      <bIsWeighted>0</bIsWeighted>
      <QtyInPackage>1</QtyInPackage>
      <ItemPrice>6.80</ItemPrice>
      <UnitOfMeasurePrice>8.5000</UnitOfMeasurePrice>
      <AllowDiscount>1</AllowDiscount>
      <ItemStatus>1</ItemStatus>
      <ItemId>95603</ItemId>
    </Item>
    <Item>
      <PriceUpdateDate>2016-06-07 07:37:09</PriceUpdateDate>
      <ItemCode>7290015324113</ItemCode>
      <ItemType>1</ItemType>
      <ItemName>בהרט</ItemName>
      <ManufacturerName>תבליני טעם וריח</ManufacturerName>
      <ManufactureCountry>לא ידוע</ManufactureCountry>
      <ManufacturerItemDescription>בהרט 80 גרם</ManufacturerItemDescription>
      <UnitQty>Unknown </UnitQty>
      <Quantity>0.00</Quantity>
      <UnitOfMeasure>Unknown </UnitOfMeasure>
      <bIsWeighted>0</bIsWeighted>
      <QtyInPackage>1</QtyInPackage>
      <ItemPrice>9.50</ItemPrice>
      <UnitOfMeasurePrice>0.0000</UnitOfMeasurePrice>
      <AllowDiscount>1</AllowDiscount>
      <ItemStatus>1</ItemStatus>
      <ItemId>95604</ItemId>
    </Item>
    <Item>
      <PriceUpdateDate>2016-06-07 07:37:09</PriceUpdateDate>
      <ItemCode>7290015324120</ItemCode>
      <ItemType>1</ItemType>
      <ItemName>שום גבישי</ItemName>
      <ManufacturerName>תבליני טעם וריח</ManufacturerName>
      <ManufactureCountry>לא ידוע</ManufactureCountry>
      <ManufacturerItemDescription>שום גבישי 80 גרם</ManufacturerItemDescription>
      <UnitQty>Unknown </UnitQty>
      <Quantity>0.00</Quantity>
      <UnitOfMeasure>Unknown </UnitOfMeasure>
      <bIsWeighted>0</bIsWeighted>
      <QtyInPackage>1</QtyInPackage>
      <ItemPrice>10.10</ItemPrice>
      <UnitOfMeasurePrice>0.0000</UnitOfMeasurePrice>
      <AllowDiscount>1</AllowDiscount>
      <ItemStatus>1</ItemStatus>
      <ItemId>95605</ItemId>
    </Item>
    <Item>
      <PriceUpdateDate>2016-06-07 07:37:09</PriceUpdateDate>
      <ItemCode>7290015324151</ItemCode>
      <ItemType>1</ItemType>
      <ItemName>חוויאג למרק</ItemName>
      <ManufacturerName>תבליני טעם וריח</ManufacturerName>
      <ManufactureCountry>לא ידוע</ManufactureCountry>
      <ManufacturerItemDescription>חוויאג למרק 80 גרם</ManufacturerItemDescription>
      <UnitQty>Unknown </UnitQty>
      <Quantity>0.00</Quantity>
      <UnitOfMeasure>Unknown </UnitOfMeasure>
      <bIsWeighted>0</bIsWeighted>
      <QtyInPackage>1</QtyInPackage>
      <ItemPrice>8.80</ItemPrice>
      <UnitOfMeasurePrice>0.0000</UnitOfMeasurePrice>
      <AllowDiscount>1</AllowDiscount>
      <ItemStatus>1</ItemStatus>
      <ItemId>95606</ItemId>
    </Item>
    <Item>
      <PriceUpdateDate>2016-06-07 07:37:09</PriceUpdateDate>
      <ItemCode>7290015324168</ItemCode>
      <ItemType>1</ItemType>
      <ItemName>על האש ללא מונוסודיו</ItemName>
      <ManufacturerName>תבליני טעם וריח</ManufacturerName>
      <ManufactureCountry>לא ידוע</ManufactureCountry>
      <ManufacturerItemDescription>על האש ללא מונוסודיום 80 גרם</ManufacturerItemDescription>
      <UnitQty>Unknown </UnitQty>
      <Quantity>0.00</Quantity>
      <UnitOfMeasure>Unknown </UnitOfMeasure>
      <bIsWeighted>0</bIsWeighted>
      <QtyInPackage>1</QtyInPackage>
      <ItemPrice>7.00</ItemPrice>
      <UnitOfMeasurePrice>0.0000</UnitOfMeasurePrice>
      <AllowDiscount>1</AllowDiscount>
      <ItemStatus>1</ItemStatus>
      <ItemId>95607</ItemId>
    </Item>
    <Item>
      <PriceUpdateDate>2016-06-07 07:38:37</PriceUpdateDate>
      <ItemCode>7290015324175</ItemCode>
      <ItemType>1</ItemType>
      <ItemName>תבלין שווארמה</ItemName>
      <ManufacturerName>תבליני טעם וריח</ManufacturerName>
      <ManufactureCountry>לא ידוע</ManufactureCountry>
      <ManufacturerItemDescription>תבלין שווארמה ללא מונוסודיום</ManufacturerItemDescription>
      <UnitQty>Unknown </UnitQty>
      <Quantity>0.00</Quantity>
      <UnitOfMeasure>Unknown </UnitOfMeasure>
      <bIsWeighted>0</bIsWeighted>
      <QtyInPackage>1</QtyInPackage>
      <ItemPrice>6.40</ItemPrice>
      <UnitOfMeasurePrice>0.0000</UnitOfMeasurePrice>
      <AllowDiscount>1</AllowDiscount>
      <ItemStatus>1</ItemStatus>
      <ItemId>95608</ItemId>
    </Item>
    <Item>
      <PriceUpdateDate>2015-10-04 10:19:45</PriceUpdateDate>
      <ItemCode>7290015324076</ItemCode>
      <ItemType>1</ItemType>
      <ItemName>זעתר 80 גרם</ItemName>
      <ManufacturerName>תבליני טעם וריח</ManufacturerName>
      <ManufactureCountry>ישראל</ManufactureCountry>
      <ManufacturerItemDescription>זעתר 80 גרם</ManufacturerItemDescription>
      <UnitQty>Unknown </UnitQty>
      <Quantity>0.00</Quantity>
      <UnitOfMeasure>Unknown </UnitOfMeasure>
      <bIsWeighted>0</bIsWeighted>
      <QtyInPackage>1</QtyInPackage>
      <ItemPrice>6.20</ItemPrice>
      <UnitOfMeasurePrice>0.0000</UnitOfMeasurePrice>
      <AllowDiscount>1</AllowDiscount>
      <ItemStatus>1</ItemStatus>
      <ItemId>95625</ItemId>
    </Item>
    <Item>
      <PriceUpdateDate>2015-01-01 00:00:00</PriceUpdateDate>
      <ItemCode>7290102396382</ItemCode>
      <ItemType>1</ItemType>
      <ItemName>צפתית עיזים מעודנת</ItemName>
      <ManufacturerName>מחלבת משק צוריאל</ManufacturerName>
      <ManufactureCountry>ישראל</ManufactureCountry>
      <ManufacturerItemDescription>צפתית עיזים מעודנת 200 9% גר</ManufacturerItemDescription>
      <UnitQty>גרמים</UnitQty>
      <Quantity>200.00</Quantity>
      <UnitOfMeasure>100 גרם</UnitOfMeasure>
      <bIsWeighted>0</bIsWeighted>
      <QtyInPackage>1</QtyInPackage>
      <ItemPrice>21.60</ItemPrice>
      <UnitOfMeasurePrice>10.8000</UnitOfMeasurePrice>
      <AllowDiscount>1</AllowDiscount>
      <ItemStatus>1</ItemStatus>
      <ItemId>95626</ItemId>
    </Item>
    <Item>
      <PriceUpdateDate>2015-01-01 00:00:00</PriceUpdateDate>
      <ItemCode>7290002331490</ItemCode>
      <ItemType>1</ItemType>
      <ItemName>מים נביעות 1 ליטר</ItemName>
      <ManufacturerName>נביעות</ManufacturerName>
      <ManufactureCountry>לא ידוע</ManufactureCountry>
      <ManufacturerItemDescription>נביעות 1 ליטר</ManufacturerItemDescription>
      <UnitQty>ליטרים</UnitQty>
      <Quantity>1.00</Quantity>
      <UnitOfMeasure>ליטר</UnitOfMeasure>
      <bIsWeighted>0</bIsWeighted>
      <QtyInPackage>1</QtyInPackage>
      <ItemPrice>4.90</ItemPrice>
      <UnitOfMeasurePrice>4.9000</UnitOfMeasurePrice>
      <AllowDiscount>1</AllowDiscount>
      <ItemStatus>1</ItemStatus>
      <ItemId>95627</ItemId>
    </Item>
    <Item>
      <PriceUpdateDate>2015-01-01 00:00:00</PriceUpdateDate>
      <ItemCode>7290106571907</ItemCode>
      <ItemType>1</ItemType>
      <ItemName>עוגיות בטעם שוקולד</ItemName>
      <ManufacturerName>אסם</ManufacturerName>
      <ManufactureCountry>ישראל</ManufactureCountry>
      <ManufacturerItemDescription>עוגיות בטעם שוקולד ציפס 180 גר</ManufacturerItemDescription>
      <UnitQty>גרמים</UnitQty>
      <Quantity>180.00</Quantity>
      <UnitOfMeasure>100 גרם</UnitOfMeasure>
      <bIsWeighted>0</bIsWeighted>
      <QtyInPackage>1</QtyInPackage>
      <ItemPrice>12.80</ItemPrice>
      <UnitOfMeasurePrice>7.1111</UnitOfMeasurePrice>
      <AllowDiscount>1</AllowDiscount>
      <ItemStatus>1</ItemStatus>
      <ItemId>96088</ItemId>
    </Item>
    <Item>
      <PriceUpdateDate>2015-01-01 00:00:00</PriceUpdateDate>
      <ItemCode>7290106571921</ItemCode>
      <ItemType>1</ItemType>
      <ItemName>עוגיות בטעם חמוציות</ItemName>
      <ManufacturerName>אסם</ManufacturerName>
      <ManufactureCountry>ישראל</ManufactureCountry>
      <ManufacturerItemDescription>עוגיות בטעם חמוציות 180 גרם</ManufacturerItemDescription>
      <UnitQty>גרמים</UnitQty>
      <Quantity>180.00</Quantity>
      <UnitOfMeasure>100 גרם</UnitOfMeasure>
      <bIsWeighted>0</bIsWeighted>
      <QtyInPackage>1</QtyInPackage>
      <ItemPrice>12.80</ItemPrice>
      <UnitOfMeasurePrice>7.1111</UnitOfMeasurePrice>
      <AllowDiscount>1</AllowDiscount>
      <ItemStatus>1</ItemStatus>
      <ItemId>96089</ItemId>
    </Item>
    <Item>
      <PriceUpdateDate>2015-10-04 10:17:59</PriceUpdateDate>
      <ItemCode>5411188112549</ItemCode>
      <ItemType>1</ItemType>
      <ItemName>אלפרו משקה אורז</ItemName>
      <ManufacturerName>ALPRO N.V.</ManufacturerName>
      <ManufactureCountry>בלגיה</ManufactureCountry>
      <ManufacturerItemDescription>אלפרו משקה אורז 1 ליטר</ManufacturerItemDescription>
      <UnitQty>ליטרים</UnitQty>
      <Quantity>1.00</Quantity>
      <UnitOfMeasure>ליטר</UnitOfMeasure>
      <bIsWeighted>0</bIsWeighted>
      <QtyInPackage>1</QtyInPackage>
      <ItemPrice>15.70</ItemPrice>
      <UnitOfMeasurePrice>15.7000</UnitOfMeasurePrice>
      <AllowDiscount>1</AllowDiscount>
      <ItemStatus>1</ItemStatus>
      <ItemId>96382</ItemId>
    </Item>
    <Item>
      <PriceUpdateDate>2015-10-04 10:17:59</PriceUpdateDate>
      <ItemCode>5411188116592</ItemCode>
      <ItemType>1</ItemType>
      <ItemName>אלפרו משקה קוקוס.1 ל</ItemName>
      <ManufacturerName>ALPRO N.V.</ManufacturerName>
      <ManufactureCountry>בלגיה</ManufactureCountry>
      <ManufacturerItemDescription>אלפרו משקה קוקוס 1 ליטר</ManufacturerItemDescription>
      <UnitQty>ליטרים</UnitQty>
      <Quantity>1.00</Quantity>
      <UnitOfMeasure>ליטר</UnitOfMeasure>
      <bIsWeighted>0</bIsWeighted>
      <QtyInPackage>1</QtyInPackage>
      <ItemPrice>15.70</ItemPrice>
      <UnitOfMeasurePrice>15.7000</UnitOfMeasurePrice>
      <AllowDiscount>1</AllowDiscount>
      <ItemStatus>1</ItemStatus>
      <ItemId>96384</ItemId>
    </Item>
    <Item>
      <PriceUpdateDate>2015-10-04 10:18:55</PriceUpdateDate>
      <ItemCode>4015600815233</ItemCode>
      <ItemType>1</ItemType>
      <ItemName>פנטן שמפו לחות מוגבר</ItemName>
      <ManufacturerName>פרוקטר אנד גמבל</ManufacturerName>
      <ManufactureCountry>רומניה</ManufactureCountry>
      <ManufacturerItemDescription>פנטן שמפו לחות מוגברת 600 מ"ל</ManufacturerItemDescription>
      <UnitQty>מיליליטרים</UnitQty>
      <Quantity>600.00</Quantity>
      <UnitOfMeasure>100 מ"ל</UnitOfMeasure>
      <bIsWeighted>0</bIsWeighted>
      <QtyInPackage>1</QtyInPackage>
      <ItemPrice>27.60</ItemPrice>
      <UnitOfMeasurePrice>4.6000</UnitOfMeasurePrice>
      <AllowDiscount>1</AllowDiscount>
      <ItemStatus>1</ItemStatus>
      <ItemId>97057</ItemId>
    </Item>
    <Item>
      <PriceUpdateDate>2015-10-04 10:18:55</PriceUpdateDate>
      <ItemCode>4015600815516</ItemCode>
      <ItemType>1</ItemType>
      <ItemName>פנטן שמפו נוסחה קלאס</ItemName>
      <ManufacturerName>פרוקטר אנד גמבל</ManufacturerName>
      <ManufactureCountry>רומניה</ManufactureCountry>
      <ManufacturerItemDescription>פנטן שמפו נוסחה קלאסית 600 מ"ל</ManufacturerItemDescription>
      <UnitQty>מיליליטרים</UnitQty>
      <Quantity>600.00</Quantity>
      <UnitOfMeasure>100 מ"ל</UnitOfMeasure>
      <bIsWeighted>0</bIsWeighted>
      <QtyInPackage>1</QtyInPackage>
      <ItemPrice>27.60</ItemPrice>
      <UnitOfMeasurePrice>4.6000</UnitOfMeasurePrice>
      <AllowDiscount>1</AllowDiscount>
      <ItemStatus>1</ItemStatus>
      <ItemId>97064</ItemId>
    </Item>
    <Item>
      <PriceUpdateDate>2015-10-04 10:18:55</PriceUpdateDate>
      <ItemCode>4015600815554</ItemCode>
      <ItemType>1</ItemType>
      <ItemName>פנטן מרכך קלאסי</ItemName>
      <ManufacturerName>פרוקטר אנד גמבל</ManufacturerName>
      <ManufactureCountry>רומניה</ManufactureCountry>
      <ManufacturerItemDescription>פנטן מרכך נוסחה קלאסית 600 מ"ל</ManufacturerItemDescription>
      <UnitQty>מיליליטרים</UnitQty>
      <Quantity>600.00</Quantity>
      <UnitOfMeasure>100 מ"ל</UnitOfMeasure>
      <bIsWeighted>0</bIsWeighted>
      <QtyInPackage>1</QtyInPackage>
      <ItemPrice>27.60</ItemPrice>
      <UnitOfMeasurePrice>4.6000</UnitOfMeasurePrice>
      <AllowDiscount>1</AllowDiscount>
      <ItemStatus>1</ItemStatus>
      <ItemId>97065</ItemId>
    </Item>
    <Item>
      <PriceUpdateDate>2016-02-23 13:55:38</PriceUpdateDate>
      <ItemCode>4015600815592</ItemCode>
      <ItemType>1</ItemType>
      <ItemName>פנטן שמפו 2 ב1-קלאסי</ItemName>
      <ManufacturerName>פרוקטר אנד גמבל</ManufacturerName>
      <ManufactureCountry>רומניה</ManufactureCountry>
      <ManufacturerItemDescription>פנטן שמפו 2 ב 1-נוסחה קלאסי          600</ManufacturerItemDescription>
      <UnitQty>מיליליטרים</UnitQty>
      <Quantity>600.00</Quantity>
      <UnitOfMeasure>100 מ"ל</UnitOfMeasure>
      <bIsWeighted>0</bIsWeighted>
      <QtyInPackage>1</QtyInPackage>
      <ItemPrice>24.70</ItemPrice>
      <UnitOfMeasurePrice>4.1167</UnitOfMeasurePrice>
      <AllowDiscount>1</AllowDiscount>
      <ItemStatus>1</ItemStatus>
      <ItemId>97066</ItemId>
    </Item>
    <Item>
      <PriceUpdateDate>2015-10-04 10:18:21</PriceUpdateDate>
      <ItemCode>7290011131364</ItemCode>
      <ItemType>1</ItemType>
      <ItemName>גרנולה פירות 500 גרם</ItemName>
      <ManufacturerName>גרין</ManufacturerName>
      <ManufactureCountry>מקדוניה</ManufactureCountry>
      <ManufacturerItemDescription>גרנולה פירות 500 גרם</ManufacturerItemDescription>
      <UnitQty>גרמים</UnitQty>
      <Quantity>500.00</Quantity>
      <UnitOfMeasure>100 גרם</UnitOfMeasure>
      <bIsWeighted>0</bIsWeighted>
      <QtyInPackage>1</QtyInPackage>
      <ItemPrice>15.70</ItemPrice>
      <UnitOfMeasurePrice>3.1400</UnitOfMeasurePrice>
      <AllowDiscount>1</AllowDiscount>
      <ItemStatus>1</ItemStatus>
      <ItemId>97075</ItemId>
    </Item>
    <Item>
      <PriceUpdateDate>2015-10-04 10:17:44</PriceUpdateDate>
      <ItemCode>7290012117589</ItemCode>
      <ItemType>1</ItemType>
      <ItemName>כפפות לטקס        L</ItemName>
      <ManufacturerName>ווינפאק</ManufacturerName>
      <ManufactureCountry>ישראל</ManufactureCountry>
      <ManufacturerItemDescription>כפפות לטקס L סנו סושי</ManufacturerItemDescription>
      <UnitQty>Unknown </UnitQty>
      <Quantity>0.00</Quantity>
      <UnitOfMeasure>Unknown </UnitOfMeasure>
      <bIsWeighted>0</bIsWeighted>
      <QtyInPackage>1</QtyInPackage>
      <ItemPrice>21.70</ItemPrice>
      <UnitOfMeasurePrice>0.0000</UnitOfMeasurePrice>
      <AllowDiscount>1</AllowDiscount>
      <ItemStatus>1</ItemStatus>
      <ItemId>97078</ItemId>
    </Item>
    <Item>
      <PriceUpdateDate>2015-10-04 10:17:59</PriceUpdateDate>
      <ItemCode>6910021100075</ItemCode>
      <ItemType>1</ItemType>
      <ItemName>קולגייט מברשת   360</ItemName>
      <ManufacturerName>COLGATE ($) -PALMOLI</ManufacturerName>
      <ManufactureCountry>סין</ManufactureCountry>
      <ManufacturerItemDescription>קולגייט מברשת 360 אינטרדנטל</ManufacturerItemDescription>
      <UnitQty>Unknown </UnitQty>
      <Quantity>0.00</Quantity>
      <UnitOfMeasure>Unknown </UnitOfMeasure>
      <bIsWeighted>0</bIsWeighted>
      <QtyInPackage>1</QtyInPackage>
      <ItemPrice>39.50</ItemPrice>
      <UnitOfMeasurePrice>0.0000</UnitOfMeasurePrice>
      <AllowDiscount>1</AllowDiscount>
      <ItemStatus>1</ItemStatus>
      <ItemId>97313</ItemId>
    </Item>
    <Item>
      <PriceUpdateDate>2016-06-07 07:37:09</PriceUpdateDate>
      <ItemCode>7290014217331</ItemCode>
      <ItemType>1</ItemType>
      <ItemName>פפריקה חריפה בשמן</ItemName>
      <ManufacturerName>תבליני טעם וריח</ManufacturerName>
      <ManufactureCountry>לא ידוע</ManufactureCountry>
      <ManufacturerItemDescription>פפריקה חריפה בשמן 90 גרם</ManufacturerItemDescription>
      <UnitQty>Unknown </UnitQty>
      <Quantity>0.00</Quantity>
      <UnitOfMeasure>Unknown </UnitOfMeasure>
      <bIsWeighted>0</bIsWeighted>
      <QtyInPackage>1</QtyInPackage>
      <ItemPrice>11.20</ItemPrice>
      <UnitOfMeasurePrice>0.0000</UnitOfMeasurePrice>
      <AllowDiscount>1</AllowDiscount>
      <ItemStatus>1</ItemStatus>
      <ItemId>97334</ItemId>
    </Item>
    <Item>
      <PriceUpdateDate>2016-06-07 07:37:09</PriceUpdateDate>
      <ItemCode>7290014217355</ItemCode>
      <ItemType>1</ItemType>
      <ItemName>אבקת קרי</ItemName>
      <ManufacturerName>תבליני טעם וריח</ManufacturerName>
      <ManufactureCountry>לא ידוע</ManufactureCountry>
      <ManufacturerItemDescription>אבקת קרי במיכל 100 גרם</ManufacturerItemDescription>
      <UnitQty>Unknown </UnitQty>
      <Quantity>0.00</Quantity>
      <UnitOfMeasure>Unknown </UnitOfMeasure>
      <bIsWeighted>0</bIsWeighted>
      <QtyInPackage>1</QtyInPackage>
      <ItemPrice>9.80</ItemPrice>
      <UnitOfMeasurePrice>0.0000</UnitOfMeasurePrice>
      <AllowDiscount>1</AllowDiscount>
      <ItemStatus>1</ItemStatus>
      <ItemId>97336</ItemId>
    </Item>
    <Item>
      <PriceUpdateDate>2016-06-07 07:37:09</PriceUpdateDate>
      <ItemCode>7290014217362</ItemCode>
      <ItemType>1</ItemType>
      <ItemName>תיבול לקציצות</ItemName>
      <ManufacturerName>תבליני טעם וריח</ManufacturerName>
      <ManufactureCountry>לא ידוע</ManufactureCountry>
      <ManufacturerItemDescription>תיבול לקציצות במיכל 100 גרם</ManufacturerItemDescription>
      <UnitQty>Unknown </UnitQty>
      <Quantity>0.00</Quantity>
      <UnitOfMeasure>Unknown </UnitOfMeasure>
      <bIsWeighted>0</bIsWeighted>
      <QtyInPackage>1</QtyInPackage>
      <ItemPrice>11.20</ItemPrice>
      <UnitOfMeasurePrice>0.0000</UnitOfMeasurePrice>
      <AllowDiscount>1</AllowDiscount>
      <ItemStatus>1</ItemStatus>
      <ItemId>97337</ItemId>
    </Item>
    <Item>
      <PriceUpdateDate>2015-01-01 00:00:00</PriceUpdateDate>
      <ItemCode>4710068001739</ItemCode>
      <ItemType>1</ItemType>
      <ItemName>מסטר קפה קולומביאני</ItemName>
      <ManufacturerName>L.S XILAGORA</ManufacturerName>
      <ManufactureCountry>טיוואן</ManufactureCountry>
      <ManufacturerItemDescription>מאסטר קפה קולומביאני</ManufacturerItemDescription>
      <UnitQty>מיליליטרים</UnitQty>
      <Quantity>240.00</Quantity>
      <UnitOfMeasure>100 מ"ל</UnitOfMeasure>
      <bIsWeighted>0</bIsWeighted>
      <QtyInPackage>1</QtyInPackage>
      <ItemPrice>6.90</ItemPrice>
      <UnitOfMeasurePrice>2.8750</UnitOfMeasurePrice>
      <AllowDiscount>1</AllowDiscount>
      <ItemStatus>1</ItemStatus>
      <ItemId>97405</ItemId>
    </Item>
    <Item>
      <PriceUpdateDate>2015-10-04 10:20:38</PriceUpdateDate>
      <ItemCode>3607345397542</ItemCode>
      <ItemType>1</ItemType>
      <ItemName>בושם אדידסPURE GAME</ItemName>
      <ManufacturerName>יושלם</ManufacturerName>
      <ManufactureCountry>יושלם</ManufactureCountry>
      <ManufacturerItemDescription>אדידס                         PURE GAME</ManufacturerItemDescription>
      <UnitQty>Unknown </UnitQty>
      <Quantity>0.00</Quantity>
      <UnitOfMeasure>Unknown </UnitOfMeasure>
      <bIsWeighted>0</bIsWeighted>
      <QtyInPackage>1</QtyInPackage>
      <ItemPrice>39.50</ItemPrice>
      <UnitOfMeasurePrice>0.0000</UnitOfMeasurePrice>
      <AllowDiscount>1</AllowDiscount>
      <ItemStatus>1</ItemStatus>
      <ItemId>97707</ItemId>
    </Item>
    <Item>
      <PriceUpdateDate>2015-10-04 10:20:38</PriceUpdateDate>
      <ItemCode>3607345397597</ItemCode>
      <ItemType>1</ItemType>
      <ItemName>אדידס    TEAM FORCE</ItemName>
      <ManufacturerName>יושלם</ManufacturerName>
      <ManufactureCountry>יושלם</ManufactureCountry>
      <ManufacturerItemDescription>אדידס                        TEAM FORCE</ManufacturerItemDescription>
      <UnitQty>Unknown </UnitQty>
      <Quantity>0.00</Quantity>
      <UnitOfMeasure>Unknown </UnitOfMeasure>
      <bIsWeighted>0</bIsWeighted>
      <QtyInPackage>1</QtyInPackage>
      <ItemPrice>39.50</ItemPrice>
      <UnitOfMeasurePrice>0.0000</UnitOfMeasurePrice>
      <AllowDiscount>1</AllowDiscount>
      <ItemStatus>1</ItemStatus>
      <ItemId>97708</ItemId>
    </Item>
    <Item>
      <PriceUpdateDate>2015-01-01 00:00:00</PriceUpdateDate>
      <ItemCode>7290106446489</ItemCode>
      <ItemType>1</ItemType>
      <ItemName>אקונומיקה מבושמת 4 ל</ItemName>
      <ManufacturerName>סאסאטק</ManufacturerName>
      <ManufactureCountry>ישראל</ManufactureCountry>
      <ManufacturerItemDescription>אקונומיקה מבושמת 4 ליטר             YOU</ManufacturerItemDescription>
      <UnitQty>ליטרים</UnitQty>
      <Quantity>4.00</Quantity>
      <UnitOfMeasure>ליטר</UnitOfMeasure>
      <bIsWeighted>0</bIsWeighted>
      <QtyInPackage>1</QtyInPackage>
      <ItemPrice>10.90</ItemPrice>
      <UnitOfMeasurePrice>2.7250</UnitOfMeasurePrice>
      <AllowDiscount>1</AllowDiscount>
      <ItemStatus>1</ItemStatus>
      <ItemId>98016</ItemId>
    </Item>
    <Item>
      <PriceUpdateDate>2016-06-07 07:33:07</PriceUpdateDate>
      <ItemCode>7290002787174</ItemCode>
      <ItemType>1</ItemType>
      <ItemName>מארז 1\3 טונה במים</ItemName>
      <ManufacturerName>ויליגר</ManufacturerName>
      <ManufactureCountry>לא ידוע</ManufactureCountry>
      <ManufacturerItemDescription>מארז 1\3 טונה במים140*3 גרם</ManufacturerItemDescription>
      <UnitQty>גרמים</UnitQty>
      <Quantity>420.00</Quantity>
      <UnitOfMeasure>100 גרם</UnitOfMeasure>
      <bIsWeighted>0</bIsWeighted>
      <QtyInPackage>1</QtyInPackage>
      <ItemPrice>18.70</ItemPrice>
      <UnitOfMeasurePrice>4.4524</UnitOfMeasurePrice>
      <AllowDiscount>1</AllowDiscount>
      <ItemStatus>1</ItemStatus>
      <ItemId>98024</ItemId>
    </Item>
    <Item>
      <PriceUpdateDate>2015-07-26 09:39:41</PriceUpdateDate>
      <ItemCode>7290000050300</ItemCode>
      <ItemType>1</ItemType>
      <ItemName>גבינה לבנה       5%</ItemName>
      <ManufacturerName>תנובה מרכז שיתופי לש</ManufacturerName>
      <ManufactureCountry>ישראל</ManufactureCountry>
      <ManufacturerItemDescription>גבינה לבנה 125 5% גר</ManufacturerItemDescription>
      <UnitQty>גרמים</UnitQty>
      <Quantity>125.00</Quantity>
      <UnitOfMeasure>100 גרם</UnitOfMeasure>
      <bIsWeighted>0</bIsWeighted>
      <QtyInPackage>1</QtyInPackage>
      <ItemPrice>2.60</ItemPrice>
      <UnitOfMeasurePrice>2.0800</UnitOfMeasurePrice>
      <AllowDiscount>1</AllowDiscount>
      <ItemStatus>1</ItemStatus>
      <ItemId>98064</ItemId>
    </Item>
    <Item>
      <PriceUpdateDate>2015-01-01 00:00:00</PriceUpdateDate>
      <ItemCode>7290000168173</ItemCode>
      <ItemType>1</ItemType>
      <ItemName>ברנפלקס קרנצים</ItemName>
      <ManufacturerName>אתר שפע - Food</ManufacturerName>
      <ManufactureCountry>ישראל</ManufactureCountry>
      <ManufacturerItemDescription>ברנפלקס קרנצ"ים 375 גר "בדצ</ManufacturerItemDescription>
      <UnitQty>גרמים</UnitQty>
      <Quantity>375.00</Quantity>
      <UnitOfMeasure>100 גרם</UnitOfMeasure>
      <bIsWeighted>0</bIsWeighted>
      <QtyInPackage>1</QtyInPackage>
      <ItemPrice>27.00</ItemPrice>
      <UnitOfMeasurePrice>7.2000</UnitOfMeasurePrice>
      <AllowDiscount>1</AllowDiscount>
      <ItemStatus>1</ItemStatus>
      <ItemId>98326</ItemId>
    </Item>
    <Item>
      <PriceUpdateDate>2015-06-08 11:22:23</PriceUpdateDate>
      <ItemCode>8004735064636</ItemCode>
      <ItemType>1</ItemType>
      <ItemName>מיני ביצי שוקולד</ItemName>
      <ManufacturerName>לואיגי זואני ס.פ.א</ManufacturerName>
      <ManufactureCountry>איטליה</ManufactureCountry>
      <ManufacturerItemDescription>מיני ביצי שוקולד                 FROZEN</ManufacturerItemDescription>
      <UnitQty>גרמים</UnitQty>
      <Quantity>122.00</Quantity>
      <UnitOfMeasure>100 גרם</UnitOfMeasure>
      <bIsWeighted>0</bIsWeighted>
      <QtyInPackage>1</QtyInPackage>
      <ItemPrice>13.50</ItemPrice>
      <UnitOfMeasurePrice>11.0656</UnitOfMeasurePrice>
      <AllowDiscount>1</AllowDiscount>
      <ItemStatus>1</ItemStatus>
      <ItemId>98327</ItemId>
    </Item>
    <Item>
      <PriceUpdateDate>2015-06-08 11:22:23</PriceUpdateDate>
      <ItemCode>8004735031645</ItemCode>
      <ItemType>1</ItemType>
      <ItemName>מיני ביצי שוקולד</ItemName>
      <ManufacturerName>יושלם</ManufacturerName>
      <ManufactureCountry>יושלם</ManufactureCountry>
      <ManufacturerItemDescription>מיני ביצי שוקולד ספיידרמן</ManufacturerItemDescription>
      <UnitQty>גרמים</UnitQty>
      <Quantity>122.00</Quantity>
      <UnitOfMeasure>100 גרם</UnitOfMeasure>
      <bIsWeighted>0</bIsWeighted>
      <QtyInPackage>1</QtyInPackage>
      <ItemPrice>13.50</ItemPrice>
      <UnitOfMeasurePrice>11.0656</UnitOfMeasurePrice>
      <AllowDiscount>1</AllowDiscount>
      <ItemStatus>1</ItemStatus>
      <ItemId>98328</ItemId>
    </Item>
    <Item>
      <PriceUpdateDate>2015-10-04 10:17:23</PriceUpdateDate>
      <ItemCode>7290106446861</ItemCode>
      <ItemType>1</ItemType>
      <ItemName>קנלוני 250 גרם</ItemName>
      <ManufacturerName>פסטיפיציו</ManufacturerName>
      <ManufactureCountry>איטליה</ManufactureCountry>
      <ManufacturerItemDescription>קנלוני 250 גרם                      YOU</ManufacturerItemDescription>
      <UnitQty>גרמים</UnitQty>
      <Quantity>250.00</Quantity>
      <UnitOfMeasure>100 גרם</UnitOfMeasure>
      <bIsWeighted>0</bIsWeighted>
      <QtyInPackage>1</QtyInPackage>
      <ItemPrice>10.90</ItemPrice>
      <UnitOfMeasurePrice>4.3600</UnitOfMeasurePrice>
      <AllowDiscount>1</AllowDiscount>
      <ItemStatus>1</ItemStatus>
      <ItemId>98659</ItemId>
    </Item>
    <Item>
      <PriceUpdateDate>2015-01-01 00:00:00</PriceUpdateDate>
      <ItemCode>7290003526161</ItemCode>
      <ItemType>1</ItemType>
      <ItemName>פילה אנשובי אמיתי</ItemName>
      <ManufacturerName>קונסרבאס וואלמר</ManufacturerName>
      <ManufactureCountry>ספרד</ManufactureCountry>
      <ManufacturerItemDescription>פילה אנשובי אמיתי בצנצנת</ManufacturerItemDescription>
      <UnitQty>גרמים</UnitQty>
      <Quantity>75.00</Quantity>
      <UnitOfMeasure>100 גרם</UnitOfMeasure>
      <bIsWeighted>0</bIsWeighted>
      <QtyInPackage>1</QtyInPackage>
      <ItemPrice>11.90</ItemPrice>
      <UnitOfMeasurePrice>15.8667</UnitOfMeasurePrice>
      <AllowDiscount>1</AllowDiscount>
      <ItemStatus>1</ItemStatus>
      <ItemId>98711</ItemId>
    </Item>
    <Item>
      <PriceUpdateDate>2015-10-04 10:18:55</PriceUpdateDate>
      <ItemCode>37600207188</ItemCode>
      <ItemType>1</ItemType>
      <ItemName>חמאת בוטנים קלאסי</ItemName>
      <ManufacturerName>הורמל</ManufacturerName>
      <ManufactureCountry>לא ידוע</ManufactureCountry>
      <ManufacturerItemDescription>חמאת בוטנים סקיפי קלאסי462 גרם</ManufacturerItemDescription>
      <UnitQty>גרמים</UnitQty>
      <Quantity>462.00</Quantity>
      <UnitOfMeasure>100 גרם</UnitOfMeasure>
      <bIsWeighted>0</bIsWeighted>
      <QtyInPackage>1</QtyInPackage>
      <ItemPrice>24.70</ItemPrice>
      <UnitOfMeasurePrice>5.3463</UnitOfMeasurePrice>
      <AllowDiscount>1</AllowDiscount>
      <ItemStatus>1</ItemStatus>
      <ItemId>98713</ItemId>
    </Item>
    <Item>
      <PriceUpdateDate>2015-10-04 10:17:24</PriceUpdateDate>
      <ItemCode>4710964104916</ItemCode>
      <ItemType>1</ItemType>
      <ItemName>שמן שומשום טהור</ItemName>
      <ManufacturerName>יושלם</ManufacturerName>
      <ManufactureCountry>יושלם</ManufactureCountry>
      <ManufacturerItemDescription>שמן שומשום טהור 370 מל</ManufacturerItemDescription>
      <UnitQty>מיליליטרים</UnitQty>
      <Quantity>370.00</Quantity>
      <UnitOfMeasure>100 מ"ל</UnitOfMeasure>
      <bIsWeighted>0</bIsWeighted>
      <QtyInPackage>1</QtyInPackage>
      <ItemPrice>28.60</ItemPrice>
      <UnitOfMeasurePrice>7.7297</UnitOfMeasurePrice>
      <AllowDiscount>1</AllowDiscount>
      <ItemStatus>1</ItemStatus>
      <ItemId>99073</ItemId>
    </Item>
    <Item>
      <PriceUpdateDate>2015-01-01 00:00:00</PriceUpdateDate>
      <ItemCode>7290106656512</ItemCode>
      <ItemType>1</ItemType>
      <ItemName>בפלה טורטית</ItemName>
      <ManufacturerName>שטראוס גרופ</ManufacturerName>
      <ManufactureCountry>ישראל</ManufactureCountry>
      <ManufacturerItemDescription>בפלה טורטית 360 גרם</ManufacturerItemDescription>
      <UnitQty>גרמים</UnitQty>
      <Quantity>360.00</Quantity>
      <UnitOfMeasure>100 גרם</UnitOfMeasure>
      <bIsWeighted>0</bIsWeighted>
      <QtyInPackage>1</QtyInPackage>
      <ItemPrice>17.90</ItemPrice>
      <UnitOfMeasurePrice>4.9722</UnitOfMeasurePrice>
      <AllowDiscount>1</AllowDiscount>
      <ItemStatus>1</ItemStatus>
      <ItemId>99086</ItemId>
    </Item>
    <Item>
      <PriceUpdateDate>2015-10-04 10:18:00</PriceUpdateDate>
      <ItemCode>7290013358509</ItemCode>
      <ItemType>1</ItemType>
      <ItemName>מיקסלט 200 גרם</ItemName>
      <ManufacturerName>מנה  י.א בע"מ</ManufacturerName>
      <ManufactureCountry>ישראל</ManufactureCountry>
      <ManufacturerItemDescription>מיקסלט 200 גרם</ManufacturerItemDescription>
      <UnitQty>גרמים</UnitQty>
      <Quantity>200.00</Quantity>
      <UnitOfMeasure>100 גרם</UnitOfMeasure>
      <bIsWeighted>0</bIsWeighted>
      <QtyInPackage>1</QtyInPackage>
      <ItemPrice>14.80</ItemPrice>
      <UnitOfMeasurePrice>7.4000</UnitOfMeasurePrice>
      <AllowDiscount>1</AllowDiscount>
      <ItemStatus>1</ItemStatus>
      <ItemId>99110</ItemId>
    </Item>
    <Item>
      <PriceUpdateDate>2015-01-01 00:00:00</PriceUpdateDate>
      <ItemCode>7290012086113</ItemCode>
      <ItemType>1</ItemType>
      <ItemName>עגבניות שרי לבבות מנ</ItemName>
      <ManufacturerName>ירקט</ManufacturerName>
      <ManufactureCountry>ישראל</ManufactureCountry>
      <ManufacturerItemDescription>שרי 500לבבות/ מנומר  גרם</ManufacturerItemDescription>
      <UnitQty>גרמים</UnitQty>
      <Quantity>500.00</Quantity>
      <UnitOfMeasure>100 גרם</UnitOfMeasure>
      <bIsWeighted>0</bIsWeighted>
      <QtyInPackage>1</QtyInPackage>
      <ItemPrice>7.90</ItemPrice>
      <UnitOfMeasurePrice>1.5800</UnitOfMeasurePrice>
      <AllowDiscount>1</AllowDiscount>
      <ItemStatus>1</ItemStatus>
      <ItemId>99392</ItemId>
    </Item>
    <Item>
      <PriceUpdateDate>2016-06-07 07:42:25</PriceUpdateDate>
      <ItemCode>7290012028427</ItemCode>
      <ItemType>1</ItemType>
      <ItemName>טבק לגלגול מרלבורו</ItemName>
      <ManufacturerName>פיליפ מוריס</ManufacturerName>
      <ManufactureCountry>לא ידוע</ManufactureCountry>
      <ManufacturerItemDescription>טבק לגלגול מרלבורו רד</ManufacturerItemDescription>
      <UnitQty>Unknown </UnitQty>
      <Quantity>0.00</Quantity>
      <UnitOfMeasure>Unknown </UnitOfMeasure>
      <bIsWeighted>0</bIsWeighted>
      <QtyInPackage>1</QtyInPackage>
      <ItemPrice>47.50</ItemPrice>
      <UnitOfMeasurePrice>0.0000</UnitOfMeasurePrice>
      <AllowDiscount>0</AllowDiscount>
      <ItemStatus>1</ItemStatus>
      <ItemId>99393</ItemId>
    </Item>
    <Item>
      <PriceUpdateDate>2016-06-07 07:42:25</PriceUpdateDate>
      <ItemCode>7290012028441</ItemCode>
      <ItemType>1</ItemType>
      <ItemName>טבק לגלגול מרלבורו</ItemName>
      <ManufacturerName>פיליפ מוריס</ManufacturerName>
      <ManufactureCountry>לא ידוע</ManufactureCountry>
      <ManufacturerItemDescription>טבק לגלגול מרלבורו גולד</ManufacturerItemDescription>
      <UnitQty>Unknown </UnitQty>
      <Quantity>0.00</Quantity>
      <UnitOfMeasure>Unknown </UnitOfMeasure>
      <bIsWeighted>0</bIsWeighted>
      <QtyInPackage>1</QtyInPackage>
      <ItemPrice>47.50</ItemPrice>
      <UnitOfMeasurePrice>0.0000</UnitOfMeasurePrice>
      <AllowDiscount>0</AllowDiscount>
      <ItemStatus>1</ItemStatus>
      <ItemId>99394</ItemId>
    </Item>
    <Item>
      <PriceUpdateDate>2015-01-01 00:00:00</PriceUpdateDate>
      <ItemCode>80769699</ItemCode>
      <ItemType>1</ItemType>
      <ItemName>מסטיק מנטוס וויט</ItemName>
      <ManufacturerName>פרפטי ואן מלה</ManufacturerName>
      <ManufactureCountry>לא ידוע</ManufactureCountry>
      <ManufacturerItemDescription>מסטיק מנטוס ויט טעם פירות מנטה</ManufacturerItemDescription>
      <UnitQty>גרמים</UnitQty>
      <Quantity>60.00</Quantity>
      <UnitOfMeasure>100 גרם</UnitOfMeasure>
      <bIsWeighted>0</bIsWeighted>
      <QtyInPackage>1</QtyInPackage>
      <ItemPrice>9.90</ItemPrice>
      <UnitOfMeasurePrice>16.5000</UnitOfMeasurePrice>
      <AllowDiscount>1</AllowDiscount>
      <ItemStatus>1</ItemStatus>
      <ItemId>99543</ItemId>
    </Item>
    <Item>
      <PriceUpdateDate>2015-01-01 00:00:00</PriceUpdateDate>
      <ItemCode>80828174</ItemCode>
      <ItemType>1</ItemType>
      <ItemName>מסטיק מנטוס וויט</ItemName>
      <ManufacturerName>פרפטי ואן מלה</ManufacturerName>
      <ManufactureCountry>לא ידוע</ManufactureCountry>
      <ManufacturerItemDescription>מסטיק מנטוס ויט טעם מנטה מתוקה</ManufacturerItemDescription>
      <UnitQty>גרמים</UnitQty>
      <Quantity>60.00</Quantity>
      <UnitOfMeasure>100 גרם</UnitOfMeasure>
      <bIsWeighted>0</bIsWeighted>
      <QtyInPackage>1</QtyInPackage>
      <ItemPrice>9.90</ItemPrice>
      <UnitOfMeasurePrice>16.5000</UnitOfMeasurePrice>
      <AllowDiscount>1</AllowDiscount>
      <ItemStatus>1</ItemStatus>
      <ItemId>99544</ItemId>
    </Item>
    <Item>
      <PriceUpdateDate>2015-01-01 00:00:00</PriceUpdateDate>
      <ItemCode>80850885</ItemCode>
      <ItemType>1</ItemType>
      <ItemName>מסטיק מנטוס וויט</ItemName>
      <ManufacturerName>פרפטי ואן מלה</ManufacturerName>
      <ManufactureCountry>לא ידוע</ManufactureCountry>
      <ManufacturerItemDescription>מסטיק מנטוס ויט טעם מנטה עדינה</ManufacturerItemDescription>
      <UnitQty>גרמים</UnitQty>
      <Quantity>60.00</Quantity>
      <UnitOfMeasure>100 גרם</UnitOfMeasure>
      <bIsWeighted>0</bIsWeighted>
      <QtyInPackage>1</QtyInPackage>
      <ItemPrice>9.90</ItemPrice>
      <UnitOfMeasurePrice>16.5000</UnitOfMeasurePrice>
      <AllowDiscount>1</AllowDiscount>
      <ItemStatus>1</ItemStatus>
      <ItemId>99545</ItemId>
    </Item>
    <Item>
      <PriceUpdateDate>2015-01-01 00:00:00</PriceUpdateDate>
      <ItemCode>8423207206488</ItemCode>
      <ItemType>1</ItemType>
      <ItemName>סלים דליס</ItemName>
      <ManufacturerName>י. מרבה ישראל בע"מ</ManufacturerName>
      <ManufactureCountry>ספרד</ManufactureCountry>
      <ManufacturerItemDescription>סלים דליס שוקולד חלב 120  גרם</ManufacturerItemDescription>
      <UnitQty>גרמים</UnitQty>
      <Quantity>120.00</Quantity>
      <UnitOfMeasure>100 גרם</UnitOfMeasure>
      <bIsWeighted>0</bIsWeighted>
      <QtyInPackage>1</QtyInPackage>
      <ItemPrice>14.90</ItemPrice>
      <UnitOfMeasurePrice>12.4167</UnitOfMeasurePrice>
      <AllowDiscount>1</AllowDiscount>
      <ItemStatus>1</ItemStatus>
      <ItemId>99546</ItemId>
    </Item>
    <Item>
      <PriceUpdateDate>2015-10-04 10:18:00</PriceUpdateDate>
      <ItemCode>8423207206495</ItemCode>
      <ItemType>1</ItemType>
      <ItemName>סלים דליס</ItemName>
      <ManufacturerName>י. מרבה ישראל בע"מ</ManufacturerName>
      <ManufactureCountry>ספרד</ManufactureCountry>
      <ManufacturerItemDescription>סלים דליס שוקולד מריר 120 גרם</ManufacturerItemDescription>
      <UnitQty>גרמים</UnitQty>
      <Quantity>120.00</Quantity>
      <UnitOfMeasure>100 גרם</UnitOfMeasure>
      <bIsWeighted>0</bIsWeighted>
      <QtyInPackage>1</QtyInPackage>
      <ItemPrice>14.80</ItemPrice>
      <UnitOfMeasurePrice>12.3333</UnitOfMeasurePrice>
      <AllowDiscount>1</AllowDiscount>
      <ItemStatus>1</ItemStatus>
      <ItemId>99547</ItemId>
    </Item>
    <Item>
      <PriceUpdateDate>2015-10-04 10:18:00</PriceUpdateDate>
      <ItemCode>8423207206501</ItemCode>
      <ItemType>1</ItemType>
      <ItemName>סלים דליס</ItemName>
      <ManufacturerName>י. מרבה ישראל בע"מ</ManufacturerName>
      <ManufactureCountry>ספרד</ManufactureCountry>
      <ManufacturerItemDescription>סלים דליס חצי מצופה  78 גרם</ManufacturerItemDescription>
      <UnitQty>גרמים</UnitQty>
      <Quantity>78.00</Quantity>
      <UnitOfMeasure>100 גרם</UnitOfMeasure>
      <bIsWeighted>0</bIsWeighted>
      <QtyInPackage>1</QtyInPackage>
      <ItemPrice>14.80</ItemPrice>
      <UnitOfMeasurePrice>18.9744</UnitOfMeasurePrice>
      <AllowDiscount>1</AllowDiscount>
      <ItemStatus>1</ItemStatus>
      <ItemId>99548</ItemId>
    </Item>
    <Item>
      <PriceUpdateDate>2015-01-01 00:00:00</PriceUpdateDate>
      <ItemCode>8423207207362</ItemCode>
      <ItemType>1</ItemType>
      <ItemName>סלים דליס</ItemName>
      <ManufacturerName>י. מרבה ישראל בע"מ</ManufacturerName>
      <ManufactureCountry>ספרד</ManufactureCountry>
      <ManufacturerItemDescription>סלים דליס שוקולד לבן 120  גרם</ManufacturerItemDescription>
      <UnitQty>גרמים</UnitQty>
      <Quantity>120.00</Quantity>
      <UnitOfMeasure>100 גרם</UnitOfMeasure>
      <bIsWeighted>0</bIsWeighted>
      <QtyInPackage>1</QtyInPackage>
      <ItemPrice>14.90</ItemPrice>
      <UnitOfMeasurePrice>12.4167</UnitOfMeasurePrice>
      <AllowDiscount>1</AllowDiscount>
      <ItemStatus>1</ItemStatus>
      <ItemId>99549</ItemId>
    </Item>
    <Item>
      <PriceUpdateDate>2015-10-04 10:20:55</PriceUpdateDate>
      <ItemCode>7290008464208</ItemCode>
      <ItemType>1</ItemType>
      <ItemName>בירה מכבי 7.9% 330 מ</ItemName>
      <ManufacturerName>טמפו</ManufacturerName>
      <ManufactureCountry>ישראל</ManufactureCountry>
      <ManufacturerItemDescription>בירה מכבי 7.9% 330 מל</ManufacturerItemDescription>
      <UnitQty>מיליליטרים</UnitQty>
      <Quantity>330.00</Quantity>
      <UnitOfMeasure>100 מ"ל</UnitOfMeasure>
      <bIsWeighted>0</bIsWeighted>
      <QtyInPackage>1</QtyInPackage>
      <ItemPrice>8.70</ItemPrice>
      <UnitOfMeasurePrice>2.6364</UnitOfMeasurePrice>
      <AllowDiscount>1</AllowDiscount>
      <ItemStatus>1</ItemStatus>
      <ItemId>99605</ItemId>
    </Item>
    <Item>
      <PriceUpdateDate>2015-01-01 00:00:00</PriceUpdateDate>
      <ItemCode>7290014094796</ItemCode>
      <ItemType>1</ItemType>
      <ItemName>משמש 300 ג שקית</ItemName>
      <ManufacturerName>דין שיווק וקליה בע"מ</ManufacturerName>
      <ManufactureCountry>טורקיה</ManufactureCountry>
      <ManufacturerItemDescription>משמש 300 ג שקית</ManufacturerItemDescription>
      <UnitQty>גרמים</UnitQty>
      <Quantity>300.00</Quantity>
      <UnitOfMeasure>100 גרם</UnitOfMeasure>
      <bIsWeighted>0</bIsWeighted>
      <QtyInPackage>1</QtyInPackage>
      <ItemPrice>21.90</ItemPrice>
      <UnitOfMeasurePrice>7.3000</UnitOfMeasurePrice>
      <AllowDiscount>1</AllowDiscount>
      <ItemStatus>1</ItemStatus>
      <ItemId>99799</ItemId>
    </Item>
    <Item>
      <PriceUpdateDate>2015-10-04 10:17:25</PriceUpdateDate>
      <ItemCode>7290010153916</ItemCode>
      <ItemType>1</ItemType>
      <ItemName>אורז ריזוטו עגול</ItemName>
      <ManufacturerName>מיה תעשיות מזון</ManufacturerName>
      <ManufactureCountry>ישראל</ManufactureCountry>
      <ManufacturerItemDescription>אורז ריזוטו עגול 1 ק"ג</ManufacturerItemDescription>
      <UnitQty>קילוגרמים</UnitQty>
      <Quantity>1.00</Quantity>
      <UnitOfMeasure>ק"ג</UnitOfMeasure>
      <bIsWeighted>0</bIsWeighted>
      <QtyInPackage>1</QtyInPackage>
      <ItemPrice>9.80</ItemPrice>
      <UnitOfMeasurePrice>9.8000</UnitOfMeasurePrice>
      <AllowDiscount>1</AllowDiscount>
      <ItemStatus>1</ItemStatus>
      <ItemId>99825</ItemId>
    </Item>
    <Item>
      <PriceUpdateDate>2015-10-04 10:18:00</PriceUpdateDate>
      <ItemCode>7290013358806</ItemCode>
      <ItemType>1</ItemType>
      <ItemName>מנה מאגדת פריכיות או</ItemName>
      <ManufacturerName>מנה  י.א בע"מ</ManufacturerName>
      <ManufactureCountry>ישראל</ManufactureCountry>
      <ManufacturerItemDescription>מנה מאגדת פריכיות אורז עם מלח</ManufacturerItemDescription>
      <UnitQty>גרמים</UnitQty>
      <Quantity>264.00</Quantity>
      <UnitOfMeasure>100 גרם</UnitOfMeasure>
      <bIsWeighted>0</bIsWeighted>
      <QtyInPackage>1</QtyInPackage>
      <ItemPrice>12.80</ItemPrice>
      <UnitOfMeasurePrice>4.8485</UnitOfMeasurePrice>
      <AllowDiscount>1</AllowDiscount>
      <ItemStatus>1</ItemStatus>
      <ItemId>99906</ItemId>
    </Item>
    <Item>
      <PriceUpdateDate>2015-10-04 10:18:00</PriceUpdateDate>
      <ItemCode>5411188112709</ItemCode>
      <ItemType>1</ItemType>
      <ItemName>אלפרו משקה שקדים ללא</ItemName>
      <ManufacturerName>ALPRO N.V.</ManufacturerName>
      <ManufactureCountry>בלגיה</ManufactureCountry>
      <ManufacturerItemDescription>אלפרו משקה שקדים ללא סוכר</ManufacturerItemDescription>
      <UnitQty>ליטרים</UnitQty>
      <Quantity>1.00</Quantity>
      <UnitOfMeasure>ליטר</UnitOfMeasure>
      <bIsWeighted>0</bIsWeighted>
      <QtyInPackage>1</QtyInPackage>
      <ItemPrice>17.60</ItemPrice>
      <UnitOfMeasurePrice>17.6000</UnitOfMeasurePrice>
      <AllowDiscount>1</AllowDiscount>
      <ItemStatus>1</ItemStatus>
      <ItemId>100038</ItemId>
    </Item>
    <Item>
      <PriceUpdateDate>2015-10-04 10:18:14</PriceUpdateDate>
      <ItemCode>7290013584816</ItemCode>
      <ItemType>1</ItemType>
      <ItemName>משקל פריגת לימונענע</ItemName>
      <ManufacturerName>מבשלות בירה</ManufacturerName>
      <ManufactureCountry>ישראל</ManufactureCountry>
      <ManufacturerItemDescription>משקל פריגת לימונענע 1.5 ליטר</ManufacturerItemDescription>
      <UnitQty>ליטרים</UnitQty>
      <Quantity>1.50</Quantity>
      <UnitOfMeasure>ליטר</UnitOfMeasure>
      <bIsWeighted>0</bIsWeighted>
      <QtyInPackage>1</QtyInPackage>
      <ItemPrice>6.80</ItemPrice>
      <UnitOfMeasurePrice>4.5333</UnitOfMeasurePrice>
      <AllowDiscount>1</AllowDiscount>
      <ItemStatus>1</ItemStatus>
      <ItemId>100070</ItemId>
    </Item>
    <Item>
      <PriceUpdateDate>2015-01-01 00:00:00</PriceUpdateDate>
      <ItemCode>5601151313305</ItemCode>
      <ItemType>1</ItemType>
      <ItemName>נקטר אננס קומפל</ItemName>
      <ManufacturerName>SUMOL+COMPAL MARCAS,</ManufacturerName>
      <ManufactureCountry>פורטוגל</ManufactureCountry>
      <ManufacturerItemDescription>נקטר אננס קומפל</ManufacturerItemDescription>
      <UnitQty>ליטרים</UnitQty>
      <Quantity>1.00</Quantity>
      <UnitOfMeasure>ליטר</UnitOfMeasure>
      <bIsWeighted>0</bIsWeighted>
      <QtyInPackage>1</QtyInPackage>
      <ItemPrice>8.50</ItemPrice>
      <UnitOfMeasurePrice>8.5000</UnitOfMeasurePrice>
      <AllowDiscount>1</AllowDiscount>
      <ItemStatus>1</ItemStatus>
      <ItemId>100163</ItemId>
    </Item>
    <Item>
      <PriceUpdateDate>2015-01-01 00:00:00</PriceUpdateDate>
      <ItemCode>5601151543306</ItemCode>
      <ItemType>1</ItemType>
      <ItemName>נקטר אגסים קומפל</ItemName>
      <ManufacturerName>יקבי ברקן</ManufacturerName>
      <ManufactureCountry>צרפת</ManufactureCountry>
      <ManufacturerItemDescription>נקטר אגסים קומפל</ManufacturerItemDescription>
      <UnitQty>ליטרים</UnitQty>
      <Quantity>1.00</Quantity>
      <UnitOfMeasure>ליטר</UnitOfMeasure>
      <bIsWeighted>0</bIsWeighted>
      <QtyInPackage>1</QtyInPackage>
      <ItemPrice>8.50</ItemPrice>
      <UnitOfMeasurePrice>8.5000</UnitOfMeasurePrice>
      <AllowDiscount>1</AllowDiscount>
      <ItemStatus>1</ItemStatus>
      <ItemId>100164</ItemId>
    </Item>
    <Item>
      <PriceUpdateDate>2015-10-04 10:18:36</PriceUpdateDate>
      <ItemCode>5601151543313</ItemCode>
      <ItemType>1</ItemType>
      <ItemName>נקטר אפרסק קומפל</ItemName>
      <ManufacturerName>SUMOL+COMPAL MARCAS,</ManufacturerName>
      <ManufactureCountry>פורטוגל</ManufactureCountry>
      <ManufacturerItemDescription>נקטר אפרסק קומפל</ManufacturerItemDescription>
      <UnitQty>ליטרים</UnitQty>
      <Quantity>1.00</Quantity>
      <UnitOfMeasure>ליטר</UnitOfMeasure>
      <bIsWeighted>0</bIsWeighted>
      <QtyInPackage>1</QtyInPackage>
      <ItemPrice>8.40</ItemPrice>
      <UnitOfMeasurePrice>8.4000</UnitOfMeasurePrice>
      <AllowDiscount>1</AllowDiscount>
      <ItemStatus>1</ItemStatus>
      <ItemId>100165</ItemId>
    </Item>
    <Item>
      <PriceUpdateDate>2015-10-04 10:18:31</PriceUpdateDate>
      <ItemCode>7290005686405</ItemCode>
      <ItemType>1</ItemType>
      <ItemName>בננה ציפס  200 גרם</ItemName>
      <ManufacturerName>דין שיווק וקליה בע"מ</ManufacturerName>
      <ManufactureCountry>תאילנד</ManufactureCountry>
      <ManufacturerItemDescription>בננה ציפס 200 גרם בשקית</ManufacturerItemDescription>
      <UnitQty>גרמים</UnitQty>
      <Quantity>200.00</Quantity>
      <UnitOfMeasure>100 גרם</UnitOfMeasure>
      <bIsWeighted>0</bIsWeighted>
      <QtyInPackage>1</QtyInPackage>
      <ItemPrice>7.80</ItemPrice>
      <UnitOfMeasurePrice>3.9000</UnitOfMeasurePrice>
      <AllowDiscount>1</AllowDiscount>
      <ItemStatus>1</ItemStatus>
      <ItemId>100205</ItemId>
    </Item>
    <Item>
      <PriceUpdateDate>2015-01-01 00:00:00</PriceUpdateDate>
      <ItemCode>80769682</ItemCode>
      <ItemType>1</ItemType>
      <ItemName>מנטוס סטיק לימונדה</ItemName>
      <ManufacturerName>פרפטי ואן מלה</ManufacturerName>
      <ManufactureCountry>לא ידוע</ManufactureCountry>
      <ManufacturerItemDescription>מנטוס סטיק לימונדה מלון 19 גרם</ManufacturerItemDescription>
      <UnitQty>גרמים</UnitQty>
      <Quantity>19.00</Quantity>
      <UnitOfMeasure>100 גרם</UnitOfMeasure>
      <bIsWeighted>0</bIsWeighted>
      <QtyInPackage>1</QtyInPackage>
      <ItemPrice>3.90</ItemPrice>
      <UnitOfMeasurePrice>20.5263</UnitOfMeasurePrice>
      <AllowDiscount>1</AllowDiscount>
      <ItemStatus>1</ItemStatus>
      <ItemId>100301</ItemId>
    </Item>
    <Item>
      <PriceUpdateDate>2015-01-01 00:00:00</PriceUpdateDate>
      <ItemCode>80876243</ItemCode>
      <ItemType>1</ItemType>
      <ItemName>מנטוס סטיק מנטה</ItemName>
      <ManufacturerName>פרפטי ואן מלה</ManufacturerName>
      <ManufactureCountry>לא ידוע</ManufactureCountry>
      <ManufacturerItemDescription>מנטוס סטיק מנטה 19 גרם</ManufacturerItemDescription>
      <UnitQty>Unknown </UnitQty>
      <Quantity>0.00</Quantity>
      <UnitOfMeasure>Unknown </UnitOfMeasure>
      <bIsWeighted>0</bIsWeighted>
      <QtyInPackage>1</QtyInPackage>
      <ItemPrice>3.90</ItemPrice>
      <UnitOfMeasurePrice>0.0000</UnitOfMeasurePrice>
      <AllowDiscount>1</AllowDiscount>
      <ItemStatus>1</ItemStatus>
      <ItemId>100302</ItemId>
    </Item>
    <Item>
      <PriceUpdateDate>2015-01-01 00:00:00</PriceUpdateDate>
      <ItemCode>80876281</ItemCode>
      <ItemType>1</ItemType>
      <ItemName>מנטוס סטיק פטל תפוז</ItemName>
      <ManufacturerName>פרפטי ואן מלה</ManufacturerName>
      <ManufactureCountry>לא ידוע</ManufactureCountry>
      <ManufacturerItemDescription>מנטוס סטיק פטל תפוז 19 גרם</ManufacturerItemDescription>
      <UnitQty>Unknown </UnitQty>
      <Quantity>0.00</Quantity>
      <UnitOfMeasure>Unknown </UnitOfMeasure>
      <bIsWeighted>0</bIsWeighted>
      <QtyInPackage>1</QtyInPackage>
      <ItemPrice>3.90</ItemPrice>
      <UnitOfMeasurePrice>0.0000</UnitOfMeasurePrice>
      <AllowDiscount>1</AllowDiscount>
      <ItemStatus>1</ItemStatus>
      <ItemId>100303</ItemId>
    </Item>
    <Item>
      <PriceUpdateDate>2015-01-01 00:00:00</PriceUpdateDate>
      <ItemCode>80882756</ItemCode>
      <ItemType>1</ItemType>
      <ItemName>מנטוס סטיק מנטה עדין</ItemName>
      <ManufacturerName>פרפטי ואן מלה</ManufacturerName>
      <ManufactureCountry>לא ידוע</ManufactureCountry>
      <ManufacturerItemDescription>מנטוס סטיק מנטה עדינה 19 גרם</ManufacturerItemDescription>
      <UnitQty>Unknown </UnitQty>
      <Quantity>0.00</Quantity>
      <UnitOfMeasure>Unknown </UnitOfMeasure>
      <bIsWeighted>0</bIsWeighted>
      <QtyInPackage>1</QtyInPackage>
      <ItemPrice>3.90</ItemPrice>
      <UnitOfMeasurePrice>0.0000</UnitOfMeasurePrice>
      <AllowDiscount>1</AllowDiscount>
      <ItemStatus>1</ItemStatus>
      <ItemId>100304</ItemId>
    </Item>
    <Item>
      <PriceUpdateDate>2015-12-15 16:17:36</PriceUpdateDate>
      <ItemCode>7290019297550</ItemCode>
      <ItemType>1</ItemType>
      <ItemName>בוטנים מטוגנים  185</ItemName>
      <ManufacturerName>רד איגל</ManufacturerName>
      <ManufactureCountry>סין</ManufactureCountry>
      <ManufacturerItemDescription>בוטנים מטוגנים  185 גרם</ManufacturerItemDescription>
      <UnitQty>גרמים</UnitQty>
      <Quantity>185.00</Quantity>
      <UnitOfMeasure>100 גרם</UnitOfMeasure>
      <bIsWeighted>0</bIsWeighted>
      <QtyInPackage>1</QtyInPackage>
      <ItemPrice>10.80</ItemPrice>
      <UnitOfMeasurePrice>5.8378</UnitOfMeasurePrice>
      <AllowDiscount>1</AllowDiscount>
      <ItemStatus>1</ItemStatus>
      <ItemId>100499</ItemId>
    </Item>
    <Item>
      <PriceUpdateDate>2015-10-14 12:15:13</PriceUpdateDate>
      <ItemCode>7290014094833</ItemCode>
      <ItemType>1</ItemType>
      <ItemName>צימוק לבן שקית  300</ItemName>
      <ManufacturerName>דין שיווק וקליה בע"מ</ManufacturerName>
      <ManufactureCountry>ארצות הברית</ManufactureCountry>
      <ManufacturerItemDescription>צימוק לבן שקית  300 גרם</ManufacturerItemDescription>
      <UnitQty>גרמים</UnitQty>
      <Quantity>300.00</Quantity>
      <UnitOfMeasure>100 גרם</UnitOfMeasure>
      <bIsWeighted>0</bIsWeighted>
      <QtyInPackage>1</QtyInPackage>
      <ItemPrice>14.50</ItemPrice>
      <UnitOfMeasurePrice>4.8333</UnitOfMeasurePrice>
      <AllowDiscount>1</AllowDiscount>
      <ItemStatus>1</ItemStatus>
      <ItemId>100503</ItemId>
    </Item>
    <Item>
      <PriceUpdateDate>2015-11-29 15:20:09</PriceUpdateDate>
      <ItemCode>7290014094840</ItemCode>
      <ItemType>1</ItemType>
      <ItemName>צימוק חום שקית  300</ItemName>
      <ManufacturerName>דין שיווק וקליה בע"מ</ManufacturerName>
      <ManufactureCountry>ארצות הברית</ManufactureCountry>
      <ManufacturerItemDescription>צימוק חום שקית  300 גרם</ManufacturerItemDescription>
      <UnitQty>גרמים</UnitQty>
      <Quantity>300.00</Quantity>
      <UnitOfMeasure>100 גרם</UnitOfMeasure>
      <bIsWeighted>0</bIsWeighted>
      <QtyInPackage>1</QtyInPackage>
      <ItemPrice>14.90</ItemPrice>
      <UnitOfMeasurePrice>4.9667</UnitOfMeasurePrice>
      <AllowDiscount>1</AllowDiscount>
      <ItemStatus>1</ItemStatus>
      <ItemId>100504</ItemId>
    </Item>
    <Item>
      <PriceUpdateDate>2015-10-04 10:18:04</PriceUpdateDate>
      <ItemCode>7290015597036</ItemCode>
      <ItemType>1</ItemType>
      <ItemName>מאגדת מיני מגנום טיר</ItemName>
      <ManufacturerName>שטראוס גלידות</ManufacturerName>
      <ManufactureCountry>ישראל</ManufactureCountry>
      <ManufacturerItemDescription>מאגדת מיני מגנום טירמיסו</ManufacturerItemDescription>
      <UnitQty>גרמים</UnitQty>
      <Quantity>285.00</Quantity>
      <UnitOfMeasure>100 גרם</UnitOfMeasure>
      <bIsWeighted>0</bIsWeighted>
      <QtyInPackage>1</QtyInPackage>
      <ItemPrice>29.60</ItemPrice>
      <UnitOfMeasurePrice>10.3860</UnitOfMeasurePrice>
      <AllowDiscount>1</AllowDiscount>
      <ItemStatus>1</ItemStatus>
      <ItemId>100644</ItemId>
    </Item>
    <Item>
      <PriceUpdateDate>2016-01-12 13:16:21</PriceUpdateDate>
      <ItemCode>4084500853553</ItemCode>
      <ItemType>1</ItemType>
      <ItemName>פיירי קלאסי נוזל כלי</ItemName>
      <ManufacturerName>פרוקטר אנד גמבל</ManufacturerName>
      <ManufactureCountry>בריטניה</ManufactureCountry>
      <ManufacturerItemDescription>פיירי קלאסי נוזל כלים 750 מ"ל</ManufacturerItemDescription>
      <UnitQty>מיליליטרים</UnitQty>
      <Quantity>750.00</Quantity>
      <UnitOfMeasure>100 מ"ל</UnitOfMeasure>
      <bIsWeighted>0</bIsWeighted>
      <QtyInPackage>1</QtyInPackage>
      <ItemPrice>11.90</ItemPrice>
      <UnitOfMeasurePrice>1.5867</UnitOfMeasurePrice>
      <AllowDiscount>1</AllowDiscount>
      <ItemStatus>1</ItemStatus>
      <ItemId>108002</ItemId>
    </Item>
    <Item>
      <PriceUpdateDate>2016-06-14 12:02:53</PriceUpdateDate>
      <ItemCode>7290014603813</ItemCode>
      <ItemType>1</ItemType>
      <ItemName>גלידה קרמיסימו וניל</ItemName>
      <ManufacturerName>שטראוס גלידות</ManufacturerName>
      <ManufactureCountry>ישראל</ManufactureCountry>
      <ManufacturerItemDescription>גלידה קרמיסימו וניל מסטיק</ManufacturerItemDescription>
      <UnitQty>ליטרים</UnitQty>
      <Quantity>1.33</Quantity>
      <UnitOfMeasure>ליטר</UnitOfMeasure>
      <bIsWeighted>0</bIsWeighted>
      <QtyInPackage>1</QtyInPackage>
      <ItemPrice>25.90</ItemPrice>
      <UnitOfMeasurePrice>19.4737</UnitOfMeasurePrice>
      <AllowDiscount>1</AllowDiscount>
      <ItemStatus>1</ItemStatus>
      <ItemId>100649</ItemId>
    </Item>
    <Item>
      <PriceUpdateDate>2015-01-01 00:00:00</PriceUpdateDate>
      <ItemCode>7290014761056</ItemCode>
      <ItemType>1</ItemType>
      <ItemName>YOLOשוקולד חלב</ItemName>
      <ManufacturerName>תנובה מרכז שיתופי לש</ManufacturerName>
      <ManufactureCountry>ישראל</ManufactureCountry>
      <ManufacturerItemDescription>YOLOשוקולד חלב מעולה</ManufacturerItemDescription>
      <UnitQty>גרמים</UnitQty>
      <Quantity>123.00</Quantity>
      <UnitOfMeasure>100 גרם</UnitOfMeasure>
      <bIsWeighted>0</bIsWeighted>
      <QtyInPackage>1</QtyInPackage>
      <ItemPrice>4.30</ItemPrice>
      <UnitOfMeasurePrice>3.4959</UnitOfMeasurePrice>
      <AllowDiscount>1</AllowDiscount>
      <ItemStatus>1</ItemStatus>
      <ItemId>100691</ItemId>
    </Item>
    <Item>
      <PriceUpdateDate>2015-01-01 00:00:00</PriceUpdateDate>
      <ItemCode>7290014761063</ItemCode>
      <ItemType>1</ItemType>
      <ItemName>YOLOשוקולד מריר</ItemName>
      <ManufacturerName>תנובה מרכז שיתופי לש</ManufacturerName>
      <ManufactureCountry>ישראל</ManufactureCountry>
      <ManufacturerItemDescription>YOLOשוקולד מריר מעולה</ManufacturerItemDescription>
      <UnitQty>גרמים</UnitQty>
      <Quantity>123.00</Quantity>
      <UnitOfMeasure>100 גרם</UnitOfMeasure>
      <bIsWeighted>0</bIsWeighted>
      <QtyInPackage>1</QtyInPackage>
      <ItemPrice>4.30</ItemPrice>
      <UnitOfMeasurePrice>3.4959</UnitOfMeasurePrice>
      <AllowDiscount>1</AllowDiscount>
      <ItemStatus>1</ItemStatus>
      <ItemId>100692</ItemId>
    </Item>
    <Item>
      <PriceUpdateDate>2015-01-01 00:00:00</PriceUpdateDate>
      <ItemCode>7290014761070</ItemCode>
      <ItemType>1</ItemType>
      <ItemName>YOLOשוקולד לבן</ItemName>
      <ManufacturerName>תנובה מרכז שיתופי לש</ManufacturerName>
      <ManufactureCountry>ישראל</ManufactureCountry>
      <ManufacturerItemDescription>YOLOשוקולד לבן מעולה</ManufacturerItemDescription>
      <UnitQty>גרמים</UnitQty>
      <Quantity>123.00</Quantity>
      <UnitOfMeasure>100 גרם</UnitOfMeasure>
      <bIsWeighted>0</bIsWeighted>
      <QtyInPackage>1</QtyInPackage>
      <ItemPrice>4.30</ItemPrice>
      <UnitOfMeasurePrice>3.4959</UnitOfMeasurePrice>
      <AllowDiscount>1</AllowDiscount>
      <ItemStatus>1</ItemStatus>
      <ItemId>100693</ItemId>
    </Item>
    <Item>
      <PriceUpdateDate>2015-10-04 10:18:30</PriceUpdateDate>
      <ItemCode>7290000197425</ItemCode>
      <ItemType>1</ItemType>
      <ItemName>פרידום דריי       3</ItemName>
      <ManufacturerName>חוגלה קימברלי</ManufacturerName>
      <ManufactureCountry>ישראל</ManufactureCountry>
      <ManufacturerItemDescription>פרידום דריי שלב                       3</ManufacturerItemDescription>
      <UnitQty>Unknown </UnitQty>
      <Quantity>0.00</Quantity>
      <UnitOfMeasure>Unknown </UnitOfMeasure>
      <bIsWeighted>0</bIsWeighted>
      <QtyInPackage>1</QtyInPackage>
      <ItemPrice>44.50</ItemPrice>
      <UnitOfMeasurePrice>0.0000</UnitOfMeasurePrice>
      <AllowDiscount>1</AllowDiscount>
      <ItemStatus>1</ItemStatus>
      <ItemId>100906</ItemId>
    </Item>
    <Item>
      <PriceUpdateDate>2015-10-04 10:18:30</PriceUpdateDate>
      <ItemCode>7290000197548</ItemCode>
      <ItemType>1</ItemType>
      <ItemName>פרידום דריי       5</ItemName>
      <ManufacturerName>חוגלה קימברלי</ManufacturerName>
      <ManufactureCountry>ישראל</ManufactureCountry>
      <ManufacturerItemDescription>פרידום דריי שלב                       5</ManufacturerItemDescription>
      <UnitQty>Unknown </UnitQty>
      <Quantity>0.00</Quantity>
      <UnitOfMeasure>Unknown </UnitOfMeasure>
      <bIsWeighted>0</bIsWeighted>
      <QtyInPackage>1</QtyInPackage>
      <ItemPrice>44.50</ItemPrice>
      <UnitOfMeasurePrice>0.0000</UnitOfMeasurePrice>
      <AllowDiscount>1</AllowDiscount>
      <ItemStatus>1</ItemStatus>
      <ItemId>100908</ItemId>
    </Item>
    <Item>
      <PriceUpdateDate>2015-10-04 10:18:30</PriceUpdateDate>
      <ItemCode>7290000197678</ItemCode>
      <ItemType>1</ItemType>
      <ItemName>פרידום דריי       6</ItemName>
      <ManufacturerName>חוגלה קימברלי</ManufacturerName>
      <ManufactureCountry>ישראל</ManufactureCountry>
      <ManufacturerItemDescription>פרידום דריי שלב                       6</ManufacturerItemDescription>
      <UnitQty>Unknown </UnitQty>
      <Quantity>0.00</Quantity>
      <UnitOfMeasure>Unknown </UnitOfMeasure>
      <bIsWeighted>0</bIsWeighted>
      <QtyInPackage>1</QtyInPackage>
      <ItemPrice>44.50</ItemPrice>
      <UnitOfMeasurePrice>0.0000</UnitOfMeasurePrice>
      <AllowDiscount>1</AllowDiscount>
      <ItemStatus>1</ItemStatus>
      <ItemId>100909</ItemId>
    </Item>
    <Item>
      <PriceUpdateDate>2016-06-07 07:37:09</PriceUpdateDate>
      <ItemCode>7290014217119</ItemCode>
      <ItemType>1</ItemType>
      <ItemName>ציפס מיכל 100 גר</ItemName>
      <ManufacturerName>תבליני טעם וריח</ManufacturerName>
      <ManufactureCountry>לא ידוע</ManufactureCountry>
      <ManufacturerItemDescription>ציפס מיכל 100 גר</ManufacturerItemDescription>
      <UnitQty>Unknown </UnitQty>
      <Quantity>0.00</Quantity>
      <UnitOfMeasure>Unknown </UnitOfMeasure>
      <bIsWeighted>0</bIsWeighted>
      <QtyInPackage>1</QtyInPackage>
      <ItemPrice>11.80</ItemPrice>
      <UnitOfMeasurePrice>0.0000</UnitOfMeasurePrice>
      <AllowDiscount>1</AllowDiscount>
      <ItemStatus>1</ItemStatus>
      <ItemId>100958</ItemId>
    </Item>
    <Item>
      <PriceUpdateDate>2016-06-07 07:37:09</PriceUpdateDate>
      <ItemCode>7290014217133</ItemCode>
      <ItemType>1</ItemType>
      <ItemName>שקשוקה מיכל 120 גר</ItemName>
      <ManufacturerName>תבליני טעם וריח</ManufacturerName>
      <ManufactureCountry>לא ידוע</ManufactureCountry>
      <ManufacturerItemDescription>שקשוקה מיכל 120 גר</ManufacturerItemDescription>
      <UnitQty>גרמים</UnitQty>
      <Quantity>120.00</Quantity>
      <UnitOfMeasure>100 גרם</UnitOfMeasure>
      <bIsWeighted>0</bIsWeighted>
      <QtyInPackage>1</QtyInPackage>
      <ItemPrice>11.80</ItemPrice>
      <UnitOfMeasurePrice>9.8333</UnitOfMeasurePrice>
      <AllowDiscount>1</AllowDiscount>
      <ItemStatus>1</ItemStatus>
      <ItemId>100960</ItemId>
    </Item>
    <Item>
      <PriceUpdateDate>2016-06-07 07:37:09</PriceUpdateDate>
      <ItemCode>7290014217140</ItemCode>
      <ItemType>1</ItemType>
      <ItemName>ראס אל חנות מיכל100</ItemName>
      <ManufacturerName>תבליני טעם וריח</ManufacturerName>
      <ManufactureCountry>לא ידוע</ManufactureCountry>
      <ManufacturerItemDescription>ראס אל חנות מיכל 100 גר</ManufacturerItemDescription>
      <UnitQty>Unknown </UnitQty>
      <Quantity>0.00</Quantity>
      <UnitOfMeasure>Unknown </UnitOfMeasure>
      <bIsWeighted>0</bIsWeighted>
      <QtyInPackage>1</QtyInPackage>
      <ItemPrice>11.80</ItemPrice>
      <UnitOfMeasurePrice>0.0000</UnitOfMeasurePrice>
      <AllowDiscount>1</AllowDiscount>
      <ItemStatus>1</ItemStatus>
      <ItemId>100961</ItemId>
    </Item>
    <Item>
      <PriceUpdateDate>2016-06-07 07:37:09</PriceUpdateDate>
      <ItemCode>7290014217164</ItemCode>
      <ItemType>1</ItemType>
      <ItemName>פטרוזיליה מיכל 20 גר</ItemName>
      <ManufacturerName>תבליני טעם וריח</ManufacturerName>
      <ManufactureCountry>לא ידוע</ManufactureCountry>
      <ManufacturerItemDescription>פטרוזיליה מיכל 20 גר</ManufacturerItemDescription>
      <UnitQty>Unknown </UnitQty>
      <Quantity>0.00</Quantity>
      <UnitOfMeasure>Unknown </UnitOfMeasure>
      <bIsWeighted>0</bIsWeighted>
      <QtyInPackage>1</QtyInPackage>
      <ItemPrice>10.80</ItemPrice>
      <UnitOfMeasurePrice>0.0000</UnitOfMeasurePrice>
      <AllowDiscount>1</AllowDiscount>
      <ItemStatus>1</ItemStatus>
      <ItemId>100963</ItemId>
    </Item>
    <Item>
      <PriceUpdateDate>2016-06-07 07:37:09</PriceUpdateDate>
      <ItemCode>7290014217171</ItemCode>
      <ItemType>1</ItemType>
      <ItemName>גריל דג מיכל 100 גר</ItemName>
      <ManufacturerName>תבליני טעם וריח</ManufacturerName>
      <ManufactureCountry>לא ידוע</ManufactureCountry>
      <ManufacturerItemDescription>גריל דג מיכל 100 גר</ManufacturerItemDescription>
      <UnitQty>Unknown </UnitQty>
      <Quantity>0.00</Quantity>
      <UnitOfMeasure>Unknown </UnitOfMeasure>
      <bIsWeighted>0</bIsWeighted>
      <QtyInPackage>1</QtyInPackage>
      <ItemPrice>11.80</ItemPrice>
      <UnitOfMeasurePrice>0.0000</UnitOfMeasurePrice>
      <AllowDiscount>1</AllowDiscount>
      <ItemStatus>1</ItemStatus>
      <ItemId>100964</ItemId>
    </Item>
    <Item>
      <PriceUpdateDate>2015-08-12 10:25:07</PriceUpdateDate>
      <ItemCode>7290106660915</ItemCode>
      <ItemType>1</ItemType>
      <ItemName>חטיף מקופלת מריר כשל</ItemName>
      <ManufacturerName>שטראוס גרופ</ManufacturerName>
      <ManufactureCountry>לא ידוע</ManufactureCountry>
      <ManufacturerItemDescription>חטיף מקופלת מריר כשל"פ</ManufacturerItemDescription>
      <UnitQty>גרמים</UnitQty>
      <Quantity>33.00</Quantity>
      <UnitOfMeasure>100 גרם</UnitOfMeasure>
      <bIsWeighted>0</bIsWeighted>
      <QtyInPackage>1</QtyInPackage>
      <ItemPrice>4.60</ItemPrice>
      <UnitOfMeasurePrice>13.9394</UnitOfMeasurePrice>
      <AllowDiscount>1</AllowDiscount>
      <ItemStatus>1</ItemStatus>
      <ItemId>100979</ItemId>
    </Item>
    <Item>
      <PriceUpdateDate>2016-05-26 08:00:54</PriceUpdateDate>
      <ItemCode>7290106666092</ItemCode>
      <ItemType>1</ItemType>
      <ItemName>שוקולד פרה לבן תות</ItemName>
      <ManufacturerName>שטראוס גרופ</ManufacturerName>
      <ManufactureCountry>לא ידוע</ManufactureCountry>
      <ManufacturerItemDescription>שוקולד פרה לבן תות 100 גרם</ManufacturerItemDescription>
      <UnitQty>גרמים</UnitQty>
      <Quantity>100.00</Quantity>
      <UnitOfMeasure>100 גרם</UnitOfMeasure>
      <bIsWeighted>0</bIsWeighted>
      <QtyInPackage>1</QtyInPackage>
      <ItemPrice>6.60</ItemPrice>
      <UnitOfMeasurePrice>6.6000</UnitOfMeasurePrice>
      <AllowDiscount>1</AllowDiscount>
      <ItemStatus>1</ItemStatus>
      <ItemId>100986</ItemId>
    </Item>
    <Item>
      <PriceUpdateDate>2015-10-04 10:17:44</PriceUpdateDate>
      <ItemCode>7290107280723</ItemCode>
      <ItemType>1</ItemType>
      <ItemName>נ.כלים ספארק לימון</ItemName>
      <ManufacturerName>סנו</ManufacturerName>
      <ManufactureCountry>ישראל</ManufactureCountry>
      <ManufacturerItemDescription>נוזל כלים ספארק לימון 700 מל</ManufacturerItemDescription>
      <UnitQty>מיליליטרים</UnitQty>
      <Quantity>700.00</Quantity>
      <UnitOfMeasure>100 מ"ל</UnitOfMeasure>
      <bIsWeighted>0</bIsWeighted>
      <QtyInPackage>1</QtyInPackage>
      <ItemPrice>9.80</ItemPrice>
      <UnitOfMeasurePrice>1.4000</UnitOfMeasurePrice>
      <AllowDiscount>1</AllowDiscount>
      <ItemStatus>1</ItemStatus>
      <ItemId>101015</ItemId>
    </Item>
    <Item>
      <PriceUpdateDate>2016-06-06 08:20:41</PriceUpdateDate>
      <ItemCode>7290016276398</ItemCode>
      <ItemType>1</ItemType>
      <ItemName>שוקולד אגוזי לוז שקד</ItemName>
      <ManufacturerName>קומטמפ קומפניה פורטו</ManufacturerName>
      <ManufactureCountry>לא ידוע</ManufactureCountry>
      <ManufacturerItemDescription>שוקולד אגוזי לוז 350 גרם שקידה</ManufacturerItemDescription>
      <UnitQty>גרמים</UnitQty>
      <Quantity>350.00</Quantity>
      <UnitOfMeasure>100 גרם</UnitOfMeasure>
      <bIsWeighted>0</bIsWeighted>
      <QtyInPackage>1</QtyInPackage>
      <ItemPrice>13.90</ItemPrice>
      <UnitOfMeasurePrice>3.9714</UnitOfMeasurePrice>
      <AllowDiscount>1</AllowDiscount>
      <ItemStatus>1</ItemStatus>
      <ItemId>109323</ItemId>
    </Item>
    <Item>
      <PriceUpdateDate>2015-10-04 10:17:44</PriceUpdateDate>
      <ItemCode>7290107280747</ItemCode>
      <ItemType>1</ItemType>
      <ItemName>נ .כלים ספארק קלאסי</ItemName>
      <ManufacturerName>סנו</ManufacturerName>
      <ManufactureCountry>ישראל</ManufactureCountry>
      <ManufacturerItemDescription>נוזל כלים ספארק קלאסי 700 מל</ManufacturerItemDescription>
      <UnitQty>מיליליטרים</UnitQty>
      <Quantity>700.00</Quantity>
      <UnitOfMeasure>100 מ"ל</UnitOfMeasure>
      <bIsWeighted>0</bIsWeighted>
      <QtyInPackage>1</QtyInPackage>
      <ItemPrice>10.80</ItemPrice>
      <UnitOfMeasurePrice>1.5429</UnitOfMeasurePrice>
      <AllowDiscount>1</AllowDiscount>
      <ItemStatus>1</ItemStatus>
      <ItemId>101017</ItemId>
    </Item>
    <Item>
      <PriceUpdateDate>2015-10-04 10:18:33</PriceUpdateDate>
      <ItemCode>7290014094499</ItemCode>
      <ItemType>1</ItemType>
      <ItemName>אורז יסמין טהור 1 ק"</ItemName>
      <ManufacturerName>דין שיווק וקליה בע"מ</ManufacturerName>
      <ManufactureCountry>תאילנד</ManufactureCountry>
      <ManufacturerItemDescription>אורז יסמין טהור 1 קג אהרוני</ManufacturerItemDescription>
      <UnitQty>לא מנהל יחידת מידה</UnitQty>
      <Quantity>0.01</Quantity>
      <UnitOfMeasure>לא מנהל יחידת מידה</UnitOfMeasure>
      <bIsWeighted>0</bIsWeighted>
      <QtyInPackage>1</QtyInPackage>
      <ItemPrice>11.80</ItemPrice>
      <UnitOfMeasurePrice>1180.0000</UnitOfMeasurePrice>
      <AllowDiscount>1</AllowDiscount>
      <ItemStatus>1</ItemStatus>
      <ItemId>101039</ItemId>
    </Item>
    <Item>
      <PriceUpdateDate>2016-06-14 13:21:27</PriceUpdateDate>
      <ItemCode>7290107870047</ItemCode>
      <ItemType>1</ItemType>
      <ItemName>אקסטרים ענק בראווניז</ItemName>
      <ManufacturerName>נגה גלידות</ManufacturerName>
      <ManufactureCountry>ישראל</ManufactureCountry>
      <ManufacturerItemDescription>אקסטרים ענק בראווניז</ManufacturerItemDescription>
      <UnitQty>גרמים</UnitQty>
      <Quantity>78.00</Quantity>
      <UnitOfMeasure>100 גרם</UnitOfMeasure>
      <bIsWeighted>0</bIsWeighted>
      <QtyInPackage>1</QtyInPackage>
      <ItemPrice>11.80</ItemPrice>
      <UnitOfMeasurePrice>15.1282</UnitOfMeasurePrice>
      <AllowDiscount>1</AllowDiscount>
      <ItemStatus>1</ItemStatus>
      <ItemId>101153</ItemId>
    </Item>
    <Item>
      <PriceUpdateDate>2015-10-04 10:18:30</PriceUpdateDate>
      <ItemCode>7290000197463</ItemCode>
      <ItemType>1</ItemType>
      <ItemName>חיתולים פרידום דריי</ItemName>
      <ManufacturerName>חוגלה קימברלי</ManufacturerName>
      <ManufactureCountry>לא ידוע</ManufactureCountry>
      <ManufacturerItemDescription>פרידום דריי שלב                      +4</ManufacturerItemDescription>
      <UnitQty>יחידה   </UnitQty>
      <Quantity>1.00</Quantity>
      <UnitOfMeasure>יחידה   </UnitOfMeasure>
      <bIsWeighted>0</bIsWeighted>
      <QtyInPackage>1</QtyInPackage>
      <ItemPrice>44.50</ItemPrice>
      <UnitOfMeasurePrice>44.5000</UnitOfMeasurePrice>
      <AllowDiscount>1</AllowDiscount>
      <ItemStatus>1</ItemStatus>
      <ItemId>101164</ItemId>
    </Item>
    <Item>
      <PriceUpdateDate>2015-10-04 10:18:17</PriceUpdateDate>
      <ItemCode>7290102396757</ItemCode>
      <ItemType>1</ItemType>
      <ItemName>שוקו 1 ליטר קרטון</ItemName>
      <ManufacturerName>טרה</ManufacturerName>
      <ManufactureCountry>ישראל</ManufactureCountry>
      <ManufacturerItemDescription>שוקו 1 ליטר קרטון</ManufacturerItemDescription>
      <UnitQty>ליטרים</UnitQty>
      <Quantity>1.00</Quantity>
      <UnitOfMeasure>ליטר</UnitOfMeasure>
      <bIsWeighted>0</bIsWeighted>
      <QtyInPackage>1</QtyInPackage>
      <ItemPrice>13.10</ItemPrice>
      <UnitOfMeasurePrice>13.1000</UnitOfMeasurePrice>
      <AllowDiscount>1</AllowDiscount>
      <ItemStatus>1</ItemStatus>
      <ItemId>101211</ItemId>
    </Item>
    <Item>
      <PriceUpdateDate>2015-10-04 10:17:26</PriceUpdateDate>
      <ItemCode>7290001041147</ItemCode>
      <ItemType>1</ItemType>
      <ItemName>חומוס 1 קג</ItemName>
      <ManufacturerName>יושלם</ManufacturerName>
      <ManufactureCountry>יושלם</ManufactureCountry>
      <ManufacturerItemDescription>חומוס 1 ק"ג</ManufacturerItemDescription>
      <UnitQty>קילוגרמים</UnitQty>
      <Quantity>1.00</Quantity>
      <UnitOfMeasure>ק"ג</UnitOfMeasure>
      <bIsWeighted>0</bIsWeighted>
      <QtyInPackage>1</QtyInPackage>
      <ItemPrice>11.80</ItemPrice>
      <UnitOfMeasurePrice>11.8000</UnitOfMeasurePrice>
      <AllowDiscount>1</AllowDiscount>
      <ItemStatus>1</ItemStatus>
      <ItemId>101257</ItemId>
    </Item>
    <Item>
      <PriceUpdateDate>2015-10-04 10:18:30</PriceUpdateDate>
      <ItemCode>7290000189079</ItemCode>
      <ItemType>1</ItemType>
      <ItemName>תבניות אינגליש ניקול</ItemName>
      <ManufacturerName>בראבו</ManufacturerName>
      <ManufactureCountry>סין</ManufactureCountry>
      <ManufacturerItemDescription>תבניות אינגליש ניקול</ManufacturerItemDescription>
      <UnitQty>Unknown </UnitQty>
      <Quantity>0.00</Quantity>
      <UnitOfMeasure>Unknown </UnitOfMeasure>
      <bIsWeighted>0</bIsWeighted>
      <QtyInPackage>1</QtyInPackage>
      <ItemPrice>13.80</ItemPrice>
      <UnitOfMeasurePrice>0.0000</UnitOfMeasurePrice>
      <AllowDiscount>1</AllowDiscount>
      <ItemStatus>1</ItemStatus>
      <ItemId>101277</ItemId>
    </Item>
    <Item>
      <PriceUpdateDate>2015-10-04 10:18:30</PriceUpdateDate>
      <ItemCode>7290000189116</ItemCode>
      <ItemType>1</ItemType>
      <ItemName>תבניות עגולות ניקול</ItemName>
      <ManufacturerName>בראבו</ManufacturerName>
      <ManufactureCountry>סין</ManufactureCountry>
      <ManufacturerItemDescription>תבניות עגולות ניקול</ManufacturerItemDescription>
      <UnitQty>Unknown </UnitQty>
      <Quantity>0.00</Quantity>
      <UnitOfMeasure>Unknown </UnitOfMeasure>
      <bIsWeighted>0</bIsWeighted>
      <QtyInPackage>1</QtyInPackage>
      <ItemPrice>13.80</ItemPrice>
      <UnitOfMeasurePrice>0.0000</UnitOfMeasurePrice>
      <AllowDiscount>1</AllowDiscount>
      <ItemStatus>1</ItemStatus>
      <ItemId>101278</ItemId>
    </Item>
    <Item>
      <PriceUpdateDate>2015-10-04 10:17:26</PriceUpdateDate>
      <ItemCode>650748779371</ItemCode>
      <ItemType>1</ItemType>
      <ItemName>פסטה אורז פוזילי</ItemName>
      <ManufacturerName>תומר</ManufacturerName>
      <ManufactureCountry>תאילנד</ManufactureCountry>
      <ManufacturerItemDescription>אטריות אורז פוזילי צבעוני</ManufacturerItemDescription>
      <UnitQty>גרמים</UnitQty>
      <Quantity>340.00</Quantity>
      <UnitOfMeasure>100 גרם</UnitOfMeasure>
      <bIsWeighted>0</bIsWeighted>
      <QtyInPackage>1</QtyInPackage>
      <ItemPrice>7.40</ItemPrice>
      <UnitOfMeasurePrice>2.1765</UnitOfMeasurePrice>
      <AllowDiscount>1</AllowDiscount>
      <ItemStatus>1</ItemStatus>
      <ItemId>101285</ItemId>
    </Item>
    <Item>
      <PriceUpdateDate>2015-01-01 00:00:00</PriceUpdateDate>
      <ItemCode>9002859080364</ItemCode>
      <ItemType>1</ItemType>
      <ItemName>גונץ ברוסקטה שום</ItemName>
      <ManufacturerName>GUNZ WARENHANDELS</ManufacturerName>
      <ManufactureCountry>אוסטריה</ManufactureCountry>
      <ManufacturerItemDescription>גונץ ברוסקטה שום</ManufacturerItemDescription>
      <UnitQty>גרמים</UnitQty>
      <Quantity>240.00</Quantity>
      <UnitOfMeasure>100 גרם</UnitOfMeasure>
      <bIsWeighted>0</bIsWeighted>
      <QtyInPackage>1</QtyInPackage>
      <ItemPrice>14.90</ItemPrice>
      <UnitOfMeasurePrice>6.2083</UnitOfMeasurePrice>
      <AllowDiscount>1</AllowDiscount>
      <ItemStatus>1</ItemStatus>
      <ItemId>101375</ItemId>
    </Item>
    <Item>
      <PriceUpdateDate>2015-01-01 00:00:00</PriceUpdateDate>
      <ItemCode>7290002331643</ItemCode>
      <ItemType>1</ItemType>
      <ItemName>שישיית נביעות מוגז</ItemName>
      <ManufacturerName>נביעות</ManufacturerName>
      <ManufactureCountry>ישראל</ManufactureCountry>
      <ManufacturerItemDescription>שישיית נביעות מוגז 1.5 ליטר</ManufacturerItemDescription>
      <UnitQty>ליטרים</UnitQty>
      <Quantity>9.00</Quantity>
      <UnitOfMeasure>ליטר</UnitOfMeasure>
      <bIsWeighted>0</bIsWeighted>
      <QtyInPackage>6</QtyInPackage>
      <ItemPrice>19.90</ItemPrice>
      <UnitOfMeasurePrice>2.2111</UnitOfMeasurePrice>
      <AllowDiscount>1</AllowDiscount>
      <ItemStatus>1</ItemStatus>
      <ItemId>101871</ItemId>
    </Item>
    <Item>
      <PriceUpdateDate>2015-10-04 10:17:45</PriceUpdateDate>
      <ItemCode>7290014397835</ItemCode>
      <ItemType>1</ItemType>
      <ItemName>סמארט מכשיר+מילוי45</ItemName>
      <ManufacturerName>זובאלה</ManufacturerName>
      <ManufactureCountry>איטליה</ManufactureCountry>
      <ManufacturerItemDescription>סמארט מכשיר+מילוי 45 לילות</ManufacturerItemDescription>
      <UnitQty>Unknown </UnitQty>
      <Quantity>0.00</Quantity>
      <UnitOfMeasure>Unknown </UnitOfMeasure>
      <bIsWeighted>0</bIsWeighted>
      <QtyInPackage>1</QtyInPackage>
      <ItemPrice>37.50</ItemPrice>
      <UnitOfMeasurePrice>0.0000</UnitOfMeasurePrice>
      <AllowDiscount>1</AllowDiscount>
      <ItemStatus>1</ItemStatus>
      <ItemId>101880</ItemId>
    </Item>
    <Item>
      <PriceUpdateDate>2016-08-31 15:27:32</PriceUpdateDate>
      <ItemCode>7290107871990</ItemCode>
      <ItemType>1</ItemType>
      <ItemName>פסטה צינורות 500 גרם</ItemName>
      <ManufacturerName>זארה</ManufacturerName>
      <ManufactureCountry>איטליה</ManufactureCountry>
      <ManufacturerItemDescription>פסטה צינורות 500 גרם</ManufacturerItemDescription>
      <UnitQty>גרמים</UnitQty>
      <Quantity>500.00</Quantity>
      <UnitOfMeasure>100 גרם</UnitOfMeasure>
      <bIsWeighted>0</bIsWeighted>
      <QtyInPackage>1</QtyInPackage>
      <ItemPrice>6.90</ItemPrice>
      <UnitOfMeasurePrice>1.3800</UnitOfMeasurePrice>
      <AllowDiscount>1</AllowDiscount>
      <ItemStatus>1</ItemStatus>
      <ItemId>102067</ItemId>
    </Item>
    <Item>
      <PriceUpdateDate>2015-01-01 00:00:00</PriceUpdateDate>
      <ItemCode>7290106448889</ItemCode>
      <ItemType>1</ItemType>
      <ItemName>מים מנרלים 1.5 ליטר</ItemName>
      <ManufacturerName>טאבינה אם.פי.איי.ויה</ManufacturerName>
      <ManufactureCountry>איטליה</ManufactureCountry>
      <ManufacturerItemDescription>מים מנרלים 1.5 ליטר שישייה          YOU</ManufacturerItemDescription>
      <UnitQty>ליטרים</UnitQty>
      <Quantity>9.00</Quantity>
      <UnitOfMeasure>ליטר</UnitOfMeasure>
      <bIsWeighted>0</bIsWeighted>
      <QtyInPackage>1</QtyInPackage>
      <ItemPrice>10.90</ItemPrice>
      <UnitOfMeasurePrice>1.2111</UnitOfMeasurePrice>
      <AllowDiscount>1</AllowDiscount>
      <ItemStatus>1</ItemStatus>
      <ItemId>102180</ItemId>
    </Item>
    <Item>
      <PriceUpdateDate>2015-11-05 14:17:26</PriceUpdateDate>
      <ItemCode>7290101868972</ItemCode>
      <ItemType>1</ItemType>
      <ItemName>טבליות פיניש    AIO</ItemName>
      <ManufacturerName>פיניש</ManufacturerName>
      <ManufactureCountry>פולין</ManufactureCountry>
      <ManufacturerItemDescription>טבליות פיניש 24 AIO יח</ManufacturerItemDescription>
      <UnitQty>Unknown </UnitQty>
      <Quantity>0.00</Quantity>
      <UnitOfMeasure>Unknown </UnitOfMeasure>
      <bIsWeighted>0</bIsWeighted>
      <QtyInPackage>1</QtyInPackage>
      <ItemPrice>29.90</ItemPrice>
      <UnitOfMeasurePrice>0.0000</UnitOfMeasurePrice>
      <AllowDiscount>1</AllowDiscount>
      <ItemStatus>1</ItemStatus>
      <ItemId>102496</ItemId>
    </Item>
    <Item>
      <PriceUpdateDate>2015-10-04 10:18:45</PriceUpdateDate>
      <ItemCode>7290015150118</ItemCode>
      <ItemType>1</ItemType>
      <ItemName>עגבניות חתוכות דק</ItemName>
      <ManufacturerName>אמיליאנה קונסרב ס.פ.</ManufacturerName>
      <ManufactureCountry>איטליה</ManufactureCountry>
      <ManufacturerItemDescription>עגבניות חתוכות דק 400 1/3 גר</ManufacturerItemDescription>
      <UnitQty>קילוגרמים</UnitQty>
      <Quantity>1.20</Quantity>
      <UnitOfMeasure>ק"ג</UnitOfMeasure>
      <bIsWeighted>0</bIsWeighted>
      <QtyInPackage>1</QtyInPackage>
      <ItemPrice>18.70</ItemPrice>
      <UnitOfMeasurePrice>15.5833</UnitOfMeasurePrice>
      <AllowDiscount>1</AllowDiscount>
      <ItemStatus>1</ItemStatus>
      <ItemId>102557</ItemId>
    </Item>
    <Item>
      <PriceUpdateDate>2016-01-14 09:34:29</PriceUpdateDate>
      <ItemCode>7290010849789</ItemCode>
      <ItemType>1</ItemType>
      <ItemName>קאווה די מארמו 750 מ</ItemName>
      <ManufacturerName>קאויקיולי</ManufacturerName>
      <ManufactureCountry>איטליה</ManufactureCountry>
      <ManufacturerItemDescription>קאווה די מארמו</ManufacturerItemDescription>
      <UnitQty>מיליליטרים</UnitQty>
      <Quantity>750.00</Quantity>
      <UnitOfMeasure>100 מ"ל</UnitOfMeasure>
      <bIsWeighted>0</bIsWeighted>
      <QtyInPackage>1</QtyInPackage>
      <ItemPrice>36.50</ItemPrice>
      <UnitOfMeasurePrice>4.8667</UnitOfMeasurePrice>
      <AllowDiscount>1</AllowDiscount>
      <ItemStatus>1</ItemStatus>
      <ItemId>104048</ItemId>
    </Item>
    <Item>
      <PriceUpdateDate>2015-10-04 10:20:11</PriceUpdateDate>
      <ItemCode>8594059800114</ItemCode>
      <ItemType>1</ItemType>
      <ItemName>שוקולד חלב אגוזים 70</ItemName>
      <ManufacturerName>יושלם</ManufacturerName>
      <ManufactureCountry>יושלם</ManufactureCountry>
      <ManufacturerItemDescription>שוקולד חלב אגוזים 70% NOIR</ManufacturerItemDescription>
      <UnitQty>גרמים</UnitQty>
      <Quantity>100.00</Quantity>
      <UnitOfMeasure>100 גרם</UnitOfMeasure>
      <bIsWeighted>0</bIsWeighted>
      <QtyInPackage>1</QtyInPackage>
      <ItemPrice>13.80</ItemPrice>
      <UnitOfMeasurePrice>13.8000</UnitOfMeasurePrice>
      <AllowDiscount>1</AllowDiscount>
      <ItemStatus>1</ItemStatus>
      <ItemId>104132</ItemId>
    </Item>
    <Item>
      <PriceUpdateDate>2015-05-20 17:12:34</PriceUpdateDate>
      <ItemCode>7290013585240</ItemCode>
      <ItemType>1</ItemType>
      <ItemName>ספרייט     ZERO 1.5</ItemName>
      <ManufacturerName>החברה המרכזית למשקאו</ManufacturerName>
      <ManufactureCountry>ישראל</ManufactureCountry>
      <ManufacturerItemDescription>ספרייט ZERO בק 1.5 ליטר</ManufacturerItemDescription>
      <UnitQty>ליטרים</UnitQty>
      <Quantity>1.50</Quantity>
      <UnitOfMeasure>ליטר</UnitOfMeasure>
      <bIsWeighted>0</bIsWeighted>
      <QtyInPackage>1</QtyInPackage>
      <ItemPrice>6.70</ItemPrice>
      <UnitOfMeasurePrice>4.4667</UnitOfMeasurePrice>
      <AllowDiscount>1</AllowDiscount>
      <ItemStatus>1</ItemStatus>
      <ItemId>104273</ItemId>
    </Item>
    <Item>
      <PriceUpdateDate>2015-10-04 10:18:14</PriceUpdateDate>
      <ItemCode>7290013585233</ItemCode>
      <ItemType>1</ItemType>
      <ItemName>ספרייט ZERO פחית</ItemName>
      <ManufacturerName>החברה המרכזית למשקאו</ManufacturerName>
      <ManufactureCountry>ישראל</ManufactureCountry>
      <ManufacturerItemDescription>ספרייט ZERO פחית סליק 330מל</ManufacturerItemDescription>
      <UnitQty>מיליליטרים</UnitQty>
      <Quantity>330.00</Quantity>
      <UnitOfMeasure>100 מ"ל</UnitOfMeasure>
      <bIsWeighted>0</bIsWeighted>
      <QtyInPackage>1</QtyInPackage>
      <ItemPrice>6.20</ItemPrice>
      <UnitOfMeasurePrice>1.8788</UnitOfMeasurePrice>
      <AllowDiscount>1</AllowDiscount>
      <ItemStatus>1</ItemStatus>
      <ItemId>104277</ItemId>
    </Item>
    <Item>
      <PriceUpdateDate>2015-10-19 15:25:18</PriceUpdateDate>
      <ItemCode>7290101869719</ItemCode>
      <ItemType>1</ItemType>
      <ItemName>גל למדיח</ItemName>
      <ManufacturerName>רקיט בנקיזר</ManufacturerName>
      <ManufactureCountry>לא ידוע</ManufactureCountry>
      <ManufacturerItemDescription>פיניש AIO ג"ל 600 מל לימון</ManufacturerItemDescription>
      <UnitQty>מיליליטרים</UnitQty>
      <Quantity>600.00</Quantity>
      <UnitOfMeasure>100 מ"ל</UnitOfMeasure>
      <bIsWeighted>0</bIsWeighted>
      <QtyInPackage>1</QtyInPackage>
      <ItemPrice>39.90</ItemPrice>
      <UnitOfMeasurePrice>6.6500</UnitOfMeasurePrice>
      <AllowDiscount>1</AllowDiscount>
      <ItemStatus>1</ItemStatus>
      <ItemId>104786</ItemId>
    </Item>
    <Item>
      <PriceUpdateDate>2015-10-04 10:19:00</PriceUpdateDate>
      <ItemCode>7280138807860</ItemCode>
      <ItemType>1</ItemType>
      <ItemName>מדליק פחם</ItemName>
      <ManufacturerName>,</ManufacturerName>
      <ManufactureCountry>גרמניה</ManufactureCountry>
      <ManufacturerItemDescription>מדליק פחם</ManufacturerItemDescription>
      <UnitQty>מיליליטרים</UnitQty>
      <Quantity>200.00</Quantity>
      <UnitOfMeasure>100 מ"ל</UnitOfMeasure>
      <bIsWeighted>0</bIsWeighted>
      <QtyInPackage>1</QtyInPackage>
      <ItemPrice>7.80</ItemPrice>
      <UnitOfMeasurePrice>3.9000</UnitOfMeasurePrice>
      <AllowDiscount>1</AllowDiscount>
      <ItemStatus>1</ItemStatus>
      <ItemId>105026</ItemId>
    </Item>
    <Item>
      <PriceUpdateDate>2015-10-04 10:19:56</PriceUpdateDate>
      <ItemCode>4009900504218</ItemCode>
      <ItemType>1</ItemType>
      <ItemName>מסטיק אורביט בקבוקון</ItemName>
      <ManufacturerName>ריגלי</ManufacturerName>
      <ManufactureCountry>פולין</ManufactureCountry>
      <ManufacturerItemDescription>מסטיק אורביט בקבוקון תפוז</ManufacturerItemDescription>
      <UnitQty>Unknown </UnitQty>
      <Quantity>0.00</Quantity>
      <UnitOfMeasure>Unknown </UnitOfMeasure>
      <bIsWeighted>0</bIsWeighted>
      <QtyInPackage>1</QtyInPackage>
      <ItemPrice>11.80</ItemPrice>
      <UnitOfMeasurePrice>0.0000</UnitOfMeasurePrice>
      <AllowDiscount>1</AllowDiscount>
      <ItemStatus>1</ItemStatus>
      <ItemId>105138</ItemId>
    </Item>
    <Item>
      <PriceUpdateDate>2015-07-21 14:15:48</PriceUpdateDate>
      <ItemCode>7290106662964</ItemCode>
      <ItemType>1</ItemType>
      <ItemName>סוכריות נוסטלגיה גומ</ItemName>
      <ManufacturerName>שטראוס</ManufacturerName>
      <ManufactureCountry>ישראל</ManufactureCountry>
      <ManufacturerItemDescription>סוכריות נוסטלגיה גומי יין80 גר</ManufacturerItemDescription>
      <UnitQty>גרמים</UnitQty>
      <Quantity>80.00</Quantity>
      <UnitOfMeasure>100 גרם</UnitOfMeasure>
      <bIsWeighted>0</bIsWeighted>
      <QtyInPackage>1</QtyInPackage>
      <ItemPrice>6.90</ItemPrice>
      <UnitOfMeasurePrice>8.6250</UnitOfMeasurePrice>
      <AllowDiscount>1</AllowDiscount>
      <ItemStatus>1</ItemStatus>
      <ItemId>105306</ItemId>
    </Item>
    <Item>
      <PriceUpdateDate>2015-07-21 14:15:48</PriceUpdateDate>
      <ItemCode>7290106662971</ItemCode>
      <ItemType>1</ItemType>
      <ItemName>סוכריות נוסטלגיה גיל</ItemName>
      <ManufacturerName>שטראוס</ManufacturerName>
      <ManufactureCountry>ישראל</ManufactureCountry>
      <ManufacturerItemDescription>סוכריות נוסטלגיה גילית 80 גרם</ManufacturerItemDescription>
      <UnitQty>גרמים</UnitQty>
      <Quantity>80.00</Quantity>
      <UnitOfMeasure>100 גרם</UnitOfMeasure>
      <bIsWeighted>0</bIsWeighted>
      <QtyInPackage>1</QtyInPackage>
      <ItemPrice>6.90</ItemPrice>
      <UnitOfMeasurePrice>8.6250</UnitOfMeasurePrice>
      <AllowDiscount>1</AllowDiscount>
      <ItemStatus>1</ItemStatus>
      <ItemId>105307</ItemId>
    </Item>
    <Item>
      <PriceUpdateDate>2016-08-11 11:55:13</PriceUpdateDate>
      <ItemCode>7290106666788</ItemCode>
      <ItemType>1</ItemType>
      <ItemName>סוכריות נוסטלגיה דבש</ItemName>
      <ManufacturerName>שטראוס</ManufacturerName>
      <ManufactureCountry>ישראל</ManufactureCountry>
      <ManufacturerItemDescription>סוכריות נוסטלגיה דבש 80 גרם</ManufacturerItemDescription>
      <UnitQty>גרמים</UnitQty>
      <Quantity>80.00</Quantity>
      <UnitOfMeasure>100 גרם</UnitOfMeasure>
      <bIsWeighted>0</bIsWeighted>
      <QtyInPackage>1</QtyInPackage>
      <ItemPrice>6.90</ItemPrice>
      <UnitOfMeasurePrice>8.6250</UnitOfMeasurePrice>
      <AllowDiscount>1</AllowDiscount>
      <ItemStatus>1</ItemStatus>
      <ItemId>105308</ItemId>
    </Item>
    <Item>
      <PriceUpdateDate>2016-07-14 06:59:49</PriceUpdateDate>
      <ItemCode>7290106723443</ItemCode>
      <ItemType>1</ItemType>
      <ItemName>שוקולד פרה לבן במילו</ItemName>
      <ManufacturerName>שטראוס</ManufacturerName>
      <ManufactureCountry>לא ידוע</ManufactureCountry>
      <ManufacturerItemDescription>שוקולד פרה לבן במילוי תות50 גר</ManufacturerItemDescription>
      <UnitQty>גרמים</UnitQty>
      <Quantity>50.00</Quantity>
      <UnitOfMeasure>100 גרם</UnitOfMeasure>
      <bIsWeighted>0</bIsWeighted>
      <QtyInPackage>1</QtyInPackage>
      <ItemPrice>5.60</ItemPrice>
      <UnitOfMeasurePrice>11.2000</UnitOfMeasurePrice>
      <AllowDiscount>1</AllowDiscount>
      <ItemStatus>1</ItemStatus>
      <ItemId>105312</ItemId>
    </Item>
    <Item>
      <PriceUpdateDate>2015-10-04 10:16:53</PriceUpdateDate>
      <ItemCode>7290106724808</ItemCode>
      <ItemType>1</ItemType>
      <ItemName>סוכריות נוסטלגיה מנט</ItemName>
      <ManufacturerName>שטראוס</ManufacturerName>
      <ManufactureCountry>ישראל</ManufactureCountry>
      <ManufacturerItemDescription>סוכריות נוסטלגיה מנטה 80 גרם</ManufacturerItemDescription>
      <UnitQty>גרמים</UnitQty>
      <Quantity>80.00</Quantity>
      <UnitOfMeasure>100 גרם</UnitOfMeasure>
      <bIsWeighted>0</bIsWeighted>
      <QtyInPackage>1</QtyInPackage>
      <ItemPrice>6.80</ItemPrice>
      <UnitOfMeasurePrice>8.5000</UnitOfMeasurePrice>
      <AllowDiscount>1</AllowDiscount>
      <ItemStatus>1</ItemStatus>
      <ItemId>105314</ItemId>
    </Item>
    <Item>
      <PriceUpdateDate>2015-10-04 10:18:01</PriceUpdateDate>
      <ItemCode>7290013358578</ItemCode>
      <ItemType>1</ItemType>
      <ItemName>אטריות אורז רחבות אס</ItemName>
      <ManufacturerName>BHNV Trad. Pte</ManufacturerName>
      <ManufactureCountry>לא ידוע</ManufactureCountry>
      <ManufacturerItemDescription>אסיאתי אטריות אורז רחבות 400 ג</ManufacturerItemDescription>
      <UnitQty>גרמים</UnitQty>
      <Quantity>400.00</Quantity>
      <UnitOfMeasure>100 גרם</UnitOfMeasure>
      <bIsWeighted>0</bIsWeighted>
      <QtyInPackage>1</QtyInPackage>
      <ItemPrice>9.80</ItemPrice>
      <UnitOfMeasurePrice>2.4500</UnitOfMeasurePrice>
      <AllowDiscount>1</AllowDiscount>
      <ItemStatus>1</ItemStatus>
      <ItemId>105332</ItemId>
    </Item>
    <Item>
      <PriceUpdateDate>2015-10-04 10:20:04</PriceUpdateDate>
      <ItemCode>7290006714947</ItemCode>
      <ItemType>1</ItemType>
      <ItemName>גולש עגל 800 גרם במג</ItemName>
      <ManufacturerName>לאטי עזרא גלם ודגים</ManufacturerName>
      <ManufactureCountry>ישראל</ManufactureCountry>
      <ManufacturerItemDescription>גולש עגל 800 גרם במגש מוכשר</ManufacturerItemDescription>
      <UnitQty>קילוגרמים</UnitQty>
      <Quantity>1.00</Quantity>
      <UnitOfMeasure>ק"ג</UnitOfMeasure>
      <bIsWeighted>0</bIsWeighted>
      <QtyInPackage>1</QtyInPackage>
      <ItemPrice>51.40</ItemPrice>
      <UnitOfMeasurePrice>51.4000</UnitOfMeasurePrice>
      <AllowDiscount>1</AllowDiscount>
      <ItemStatus>1</ItemStatus>
      <ItemId>105460</ItemId>
    </Item>
    <Item>
      <PriceUpdateDate>2016-02-18 06:50:20</PriceUpdateDate>
      <ItemCode>8680530570581</ItemCode>
      <ItemType>1</ItemType>
      <ItemName>משקה מוגז תות בי פרש</ItemName>
      <ManufacturerName>גולסי גידא קאיסירי</ManufacturerName>
      <ManufactureCountry>טורקיה</ManufactureCountry>
      <ManufacturerItemDescription>משקה מוגז תות 250 בודד</ManufacturerItemDescription>
      <UnitQty>מיליליטרים</UnitQty>
      <Quantity>250.00</Quantity>
      <UnitOfMeasure>100 מ"ל</UnitOfMeasure>
      <bIsWeighted>0</bIsWeighted>
      <QtyInPackage>1</QtyInPackage>
      <ItemPrice>4.20</ItemPrice>
      <UnitOfMeasurePrice>1.6800</UnitOfMeasurePrice>
      <AllowDiscount>1</AllowDiscount>
      <ItemStatus>1</ItemStatus>
      <ItemId>106178</ItemId>
    </Item>
    <Item>
      <PriceUpdateDate>2015-10-04 10:17:45</PriceUpdateDate>
      <ItemCode>7290108350074</ItemCode>
      <ItemType>1</ItemType>
      <ItemName>50 כפיות קטנות סנו ס</ItemName>
      <ManufacturerName>סנו</ManufacturerName>
      <ManufactureCountry>סין</ManufactureCountry>
      <ManufacturerItemDescription>50 כפיות קטנות סנו סושי</ManufacturerItemDescription>
      <UnitQty>Unknown </UnitQty>
      <Quantity>0.00</Quantity>
      <UnitOfMeasure>Unknown </UnitOfMeasure>
      <bIsWeighted>0</bIsWeighted>
      <QtyInPackage>1</QtyInPackage>
      <ItemPrice>7.80</ItemPrice>
      <UnitOfMeasurePrice>0.0000</UnitOfMeasurePrice>
      <AllowDiscount>1</AllowDiscount>
      <ItemStatus>1</ItemStatus>
      <ItemId>106353</ItemId>
    </Item>
    <Item>
      <PriceUpdateDate>2015-10-04 10:18:21</PriceUpdateDate>
      <ItemCode>4008287763324</ItemCode>
      <ItemType>1</ItemType>
      <ItemName>קרומבאכר וואיזן</ItemName>
      <ManufacturerName>קרומבאכר</ManufacturerName>
      <ManufactureCountry>גרמניה</ManufactureCountry>
      <ManufacturerItemDescription>קרומבאכר וואיזן 330 מ"ל</ManufacturerItemDescription>
      <UnitQty>מיליליטרים</UnitQty>
      <Quantity>330.00</Quantity>
      <UnitOfMeasure>100 מ"ל</UnitOfMeasure>
      <bIsWeighted>0</bIsWeighted>
      <QtyInPackage>1</QtyInPackage>
      <ItemPrice>10.80</ItemPrice>
      <UnitOfMeasurePrice>3.2727</UnitOfMeasurePrice>
      <AllowDiscount>1</AllowDiscount>
      <ItemStatus>1</ItemStatus>
      <ItemId>106363</ItemId>
    </Item>
    <Item>
      <PriceUpdateDate>2015-10-04 10:18:21</PriceUpdateDate>
      <ItemCode>4008429951916</ItemCode>
      <ItemType>1</ItemType>
      <ItemName>ויסקס טונה 400 גרם</ItemName>
      <ManufacturerName>מרס</ManufacturerName>
      <ManufactureCountry>הונגריה</ManufactureCountry>
      <ManufacturerItemDescription>ויסקס טונה 400 גרם</ManufacturerItemDescription>
      <UnitQty>גרמים</UnitQty>
      <Quantity>400.00</Quantity>
      <UnitOfMeasure>100 גרם</UnitOfMeasure>
      <bIsWeighted>0</bIsWeighted>
      <QtyInPackage>1</QtyInPackage>
      <ItemPrice>9.20</ItemPrice>
      <UnitOfMeasurePrice>2.3000</UnitOfMeasurePrice>
      <AllowDiscount>1</AllowDiscount>
      <ItemStatus>1</ItemStatus>
      <ItemId>106366</ItemId>
    </Item>
    <Item>
      <PriceUpdateDate>2015-08-27 12:55:41</PriceUpdateDate>
      <ItemCode>5900951015830</ItemCode>
      <ItemType>1</ItemType>
      <ItemName>פדיגרי ביף 400  גרם</ItemName>
      <ManufacturerName>מרס</ManufacturerName>
      <ManufactureCountry>הונגריה</ManufactureCountry>
      <ManufacturerItemDescription>פדיגרי ביף 400  גרם</ManufacturerItemDescription>
      <UnitQty>גרמים</UnitQty>
      <Quantity>400.00</Quantity>
      <UnitOfMeasure>100 גרם</UnitOfMeasure>
      <bIsWeighted>0</bIsWeighted>
      <QtyInPackage>1</QtyInPackage>
      <ItemPrice>9.30</ItemPrice>
      <UnitOfMeasurePrice>2.3250</UnitOfMeasurePrice>
      <AllowDiscount>1</AllowDiscount>
      <ItemStatus>1</ItemStatus>
      <ItemId>106374</ItemId>
    </Item>
    <Item>
      <PriceUpdateDate>2016-03-01 11:29:03</PriceUpdateDate>
      <ItemCode>4033100064036</ItemCode>
      <ItemType>1</ItemType>
      <ItemName>טבק לגלגול וינסטון כ</ItemName>
      <ManufacturerName>JTI</ManufacturerName>
      <ManufactureCountry>אנגליה</ManufactureCountry>
      <ManufacturerItemDescription>טבק לגלגול וינסטון כחול חפיסה</ManufacturerItemDescription>
      <UnitQty>Unknown </UnitQty>
      <Quantity>0.00</Quantity>
      <UnitOfMeasure>Unknown </UnitOfMeasure>
      <bIsWeighted>0</bIsWeighted>
      <QtyInPackage>1</QtyInPackage>
      <ItemPrice>39.90</ItemPrice>
      <UnitOfMeasurePrice>0.0000</UnitOfMeasurePrice>
      <AllowDiscount>1</AllowDiscount>
      <ItemStatus>1</ItemStatus>
      <ItemId>106400</ItemId>
    </Item>
    <Item>
      <PriceUpdateDate>2016-01-04 14:43:57</PriceUpdateDate>
      <ItemCode>7290014761605</ItemCode>
      <ItemType>1</ItemType>
      <ItemName>גלי בטעם קרטיב לימון</ItemName>
      <ManufacturerName>תנובה</ManufacturerName>
      <ManufactureCountry>ישראל</ManufactureCountry>
      <ManufacturerItemDescription>גלי בטעם קרטיב לימון 125 גרם</ManufacturerItemDescription>
      <UnitQty>גרמים</UnitQty>
      <Quantity>125.00</Quantity>
      <UnitOfMeasure>100 גרם</UnitOfMeasure>
      <bIsWeighted>0</bIsWeighted>
      <QtyInPackage>1</QtyInPackage>
      <ItemPrice>2.70</ItemPrice>
      <UnitOfMeasurePrice>2.1600</UnitOfMeasurePrice>
      <AllowDiscount>1</AllowDiscount>
      <ItemStatus>1</ItemStatus>
      <ItemId>106453</ItemId>
    </Item>
    <Item>
      <PriceUpdateDate>2016-01-04 14:43:57</PriceUpdateDate>
      <ItemCode>7290014762220</ItemCode>
      <ItemType>1</ItemType>
      <ItemName>גלי בטעם ענבים 125 ג</ItemName>
      <ManufacturerName>תנובה</ManufacturerName>
      <ManufactureCountry>ישראל</ManufactureCountry>
      <ManufacturerItemDescription>גלי בטעם ענבים 125 גרם</ManufacturerItemDescription>
      <UnitQty>גרמים</UnitQty>
      <Quantity>125.00</Quantity>
      <UnitOfMeasure>100 גרם</UnitOfMeasure>
      <bIsWeighted>0</bIsWeighted>
      <QtyInPackage>1</QtyInPackage>
      <ItemPrice>2.70</ItemPrice>
      <UnitOfMeasurePrice>2.1600</UnitOfMeasurePrice>
      <AllowDiscount>1</AllowDiscount>
      <ItemStatus>1</ItemStatus>
      <ItemId>106454</ItemId>
    </Item>
    <Item>
      <PriceUpdateDate>2015-10-04 10:18:37</PriceUpdateDate>
      <ItemCode>7290014855458</ItemCode>
      <ItemType>1</ItemType>
      <ItemName>מגבונים בייביסיטר רב</ItemName>
      <ManufacturerName>די פי אל</ManufacturerName>
      <ManufactureCountry>ישראל</ManufactureCountry>
      <ManufacturerItemDescription>מגבוני בייביסיטר רביעייה לא מב</ManufacturerItemDescription>
      <UnitQty>Unknown </UnitQty>
      <Quantity>0.00</Quantity>
      <UnitOfMeasure>Unknown </UnitOfMeasure>
      <bIsWeighted>0</bIsWeighted>
      <QtyInPackage>1</QtyInPackage>
      <ItemPrice>19.70</ItemPrice>
      <UnitOfMeasurePrice>0.0000</UnitOfMeasurePrice>
      <AllowDiscount>1</AllowDiscount>
      <ItemStatus>1</ItemStatus>
      <ItemId>106559</ItemId>
    </Item>
    <Item>
      <PriceUpdateDate>2015-10-04 10:18:37</PriceUpdateDate>
      <ItemCode>7290006496225</ItemCode>
      <ItemType>1</ItemType>
      <ItemName>מי שקדים 650 מ"ל</ItemName>
      <ManufacturerName>משקד</ManufacturerName>
      <ManufactureCountry>ישראל</ManufactureCountry>
      <ManufacturerItemDescription>מי שקדים 650 מ"ל</ManufacturerItemDescription>
      <UnitQty>מיליליטרים</UnitQty>
      <Quantity>650.00</Quantity>
      <UnitOfMeasure>100 מ"ל</UnitOfMeasure>
      <bIsWeighted>0</bIsWeighted>
      <QtyInPackage>1</QtyInPackage>
      <ItemPrice>17.70</ItemPrice>
      <UnitOfMeasurePrice>2.7231</UnitOfMeasurePrice>
      <AllowDiscount>1</AllowDiscount>
      <ItemStatus>1</ItemStatus>
      <ItemId>106608</ItemId>
    </Item>
    <Item>
      <PriceUpdateDate>2015-08-26 14:45:40</PriceUpdateDate>
      <ItemCode>7290013389114</ItemCode>
      <ItemType>1</ItemType>
      <ItemName>ניוקי  תפו"א 500 גרם</ItemName>
      <ManufacturerName>Ciemme alimentari sr</ManufacturerName>
      <ManufactureCountry>איטליה</ManufactureCountry>
      <ManufacturerItemDescription>ניוקי  תפו"א 500 גרם</ManufacturerItemDescription>
      <UnitQty>גרמים</UnitQty>
      <Quantity>500.00</Quantity>
      <UnitOfMeasure>100 גרם</UnitOfMeasure>
      <bIsWeighted>0</bIsWeighted>
      <QtyInPackage>1</QtyInPackage>
      <ItemPrice>9.90</ItemPrice>
      <UnitOfMeasurePrice>1.9800</UnitOfMeasurePrice>
      <AllowDiscount>1</AllowDiscount>
      <ItemStatus>1</ItemStatus>
      <ItemId>106702</ItemId>
    </Item>
    <Item>
      <PriceUpdateDate>2015-08-31 17:15:49</PriceUpdateDate>
      <ItemCode>7290013675170</ItemCode>
      <ItemType>1</ItemType>
      <ItemName>שניצל קריספי</ItemName>
      <ManufacturerName>מאמא עוף</ManufacturerName>
      <ManufactureCountry>ישראל</ManufactureCountry>
      <ManufacturerItemDescription>שניצל קריספי שומשום</ManufacturerItemDescription>
      <UnitQty>גרמים</UnitQty>
      <Quantity>500.00</Quantity>
      <UnitOfMeasure>100 גרם</UnitOfMeasure>
      <bIsWeighted>0</bIsWeighted>
      <QtyInPackage>1</QtyInPackage>
      <ItemPrice>33.90</ItemPrice>
      <UnitOfMeasurePrice>6.7800</UnitOfMeasurePrice>
      <AllowDiscount>1</AllowDiscount>
      <ItemStatus>1</ItemStatus>
      <ItemId>106775</ItemId>
    </Item>
    <Item>
      <PriceUpdateDate>2015-09-09 14:16:02</PriceUpdateDate>
      <ItemCode>7290014534650</ItemCode>
      <ItemType>1</ItemType>
      <ItemName>לה פסטה 64 בורג 400</ItemName>
      <ManufacturerName>,</ManufacturerName>
      <ManufactureCountry>לא ידוע</ManufactureCountry>
      <ManufacturerItemDescription>לה פסטה 64 בורג 400 גר</ManufacturerItemDescription>
      <UnitQty>גרמים</UnitQty>
      <Quantity>400.00</Quantity>
      <UnitOfMeasure>100 גרם</UnitOfMeasure>
      <bIsWeighted>0</bIsWeighted>
      <QtyInPackage>1</QtyInPackage>
      <ItemPrice>4.00</ItemPrice>
      <UnitOfMeasurePrice>1.0000</UnitOfMeasurePrice>
      <AllowDiscount>1</AllowDiscount>
      <ItemStatus>1</ItemStatus>
      <ItemId>107011</ItemId>
    </Item>
    <Item>
      <PriceUpdateDate>2015-10-04 10:18:01</PriceUpdateDate>
      <ItemCode>7290013358691</ItemCode>
      <ItemType>1</ItemType>
      <ItemName>מנה קוסקוס מלא</ItemName>
      <ManufacturerName>Davidovich</ManufacturerName>
      <ManufactureCountry>ישראל</ManufactureCountry>
      <ManufacturerItemDescription>מנה קוסקוס מלא 350 גר</ManufacturerItemDescription>
      <UnitQty>גרמים</UnitQty>
      <Quantity>350.00</Quantity>
      <UnitOfMeasure>100 גרם</UnitOfMeasure>
      <bIsWeighted>0</bIsWeighted>
      <QtyInPackage>1</QtyInPackage>
      <ItemPrice>7.80</ItemPrice>
      <UnitOfMeasurePrice>2.2286</UnitOfMeasurePrice>
      <AllowDiscount>1</AllowDiscount>
      <ItemStatus>1</ItemStatus>
      <ItemId>107071</ItemId>
    </Item>
    <Item>
      <PriceUpdateDate>2015-11-29 15:20:25</PriceUpdateDate>
      <ItemCode>4015400699811</ItemCode>
      <ItemType>1</ItemType>
      <ItemName>אולוויז דואו נורמל 2</ItemName>
      <ManufacturerName>פרוקטר אנד גמבל</ManufacturerName>
      <ManufactureCountry>גרמניה</ManufactureCountry>
      <ManufacturerItemDescription>אולוויז דואו נורמל 28 +יח</ManufacturerItemDescription>
      <UnitQty>Unknown </UnitQty>
      <Quantity>0.00</Quantity>
      <UnitOfMeasure>Unknown </UnitOfMeasure>
      <bIsWeighted>0</bIsWeighted>
      <QtyInPackage>1</QtyInPackage>
      <ItemPrice>26.90</ItemPrice>
      <UnitOfMeasurePrice>0.0000</UnitOfMeasurePrice>
      <AllowDiscount>1</AllowDiscount>
      <ItemStatus>1</ItemStatus>
      <ItemId>107079</ItemId>
    </Item>
    <Item>
      <PriceUpdateDate>2015-11-17 15:10:45</PriceUpdateDate>
      <ItemCode>7290000571843</ItemCode>
      <ItemType>1</ItemType>
      <ItemName>יוגורט יוגורמה מחלב</ItemName>
      <ManufacturerName>תנובה מרכז שיתופי לש</ManufacturerName>
      <ManufactureCountry>ישראל</ManufactureCountry>
      <ManufacturerItemDescription>יוגורט יוגורמה מחלב עיזים  140 גרם</ManufacturerItemDescription>
      <UnitQty>גרמים</UnitQty>
      <Quantity>140.00</Quantity>
      <UnitOfMeasure>100 גרם</UnitOfMeasure>
      <bIsWeighted>0</bIsWeighted>
      <QtyInPackage>1</QtyInPackage>
      <ItemPrice>6.90</ItemPrice>
      <UnitOfMeasurePrice>4.9286</UnitOfMeasurePrice>
      <AllowDiscount>1</AllowDiscount>
      <ItemStatus>1</ItemStatus>
      <ItemId>107143</ItemId>
    </Item>
    <Item>
      <PriceUpdateDate>2015-11-05 14:17:57</PriceUpdateDate>
      <ItemCode>7290106662872</ItemCode>
      <ItemType>1</ItemType>
      <ItemName>מסטיק מאסט קרמל מלוח</ItemName>
      <ManufacturerName>שטראוס גרופ</ManufacturerName>
      <ManufactureCountry>ישראל</ManufactureCountry>
      <ManufacturerItemDescription>מסטיק מאסט קרמל מלוח</ManufacturerItemDescription>
      <UnitQty>גרמים</UnitQty>
      <Quantity>28.00</Quantity>
      <UnitOfMeasure>100 גרם</UnitOfMeasure>
      <bIsWeighted>0</bIsWeighted>
      <QtyInPackage>1</QtyInPackage>
      <ItemPrice>4.50</ItemPrice>
      <UnitOfMeasurePrice>16.0714</UnitOfMeasurePrice>
      <AllowDiscount>1</AllowDiscount>
      <ItemStatus>1</ItemStatus>
      <ItemId>107147</ItemId>
    </Item>
    <Item>
      <PriceUpdateDate>2016-05-26 08:00:55</PriceUpdateDate>
      <ItemCode>7290106668713</ItemCode>
      <ItemType>1</ItemType>
      <ItemName>יוגורט דנונה פירות י</ItemName>
      <ManufacturerName>שטראוס גרופ</ManufacturerName>
      <ManufactureCountry>ישראל</ManufactureCountry>
      <ManufacturerItemDescription>יוגורט דנונה פירות יער 3%</ManufacturerItemDescription>
      <UnitQty>גרמים</UnitQty>
      <Quantity>150.00</Quantity>
      <UnitOfMeasure>100 גרם</UnitOfMeasure>
      <bIsWeighted>0</bIsWeighted>
      <QtyInPackage>1</QtyInPackage>
      <ItemPrice>4.50</ItemPrice>
      <UnitOfMeasurePrice>3.0000</UnitOfMeasurePrice>
      <AllowDiscount>1</AllowDiscount>
      <ItemStatus>1</ItemStatus>
      <ItemId>107218</ItemId>
    </Item>
    <Item>
      <PriceUpdateDate>2016-05-11 08:02:24</PriceUpdateDate>
      <ItemCode>7290003130344</ItemCode>
      <ItemType>1</ItemType>
      <ItemName>קלינדה שלישיה</ItemName>
      <ManufacturerName>פיניש</ManufacturerName>
      <ManufactureCountry>ישראל</ManufactureCountry>
      <ManufacturerItemDescription>קלינדה שלישיה</ManufacturerItemDescription>
      <UnitQty>Unknown </UnitQty>
      <Quantity>0.00</Quantity>
      <UnitOfMeasure>Unknown </UnitOfMeasure>
      <bIsWeighted>0</bIsWeighted>
      <QtyInPackage>1</QtyInPackage>
      <ItemPrice>24.40</ItemPrice>
      <UnitOfMeasurePrice>0.0000</UnitOfMeasurePrice>
      <AllowDiscount>1</AllowDiscount>
      <ItemStatus>1</ItemStatus>
      <ItemId>107282</ItemId>
    </Item>
    <Item>
      <PriceUpdateDate>2015-10-18 17:16:00</PriceUpdateDate>
      <ItemCode>7290002881551</ItemCode>
      <ItemType>1</ItemType>
      <ItemName>עלי גפן ממולאים 400</ItemName>
      <ManufacturerName>אסמא קונסרב</ManufacturerName>
      <ManufactureCountry>טורקיה</ManufactureCountry>
      <ManufacturerItemDescription>עלי גפן ממולאים                     400</ManufacturerItemDescription>
      <UnitQty>גרמים</UnitQty>
      <Quantity>400.00</Quantity>
      <UnitOfMeasure>100 גרם</UnitOfMeasure>
      <bIsWeighted>0</bIsWeighted>
      <QtyInPackage>1</QtyInPackage>
      <ItemPrice>9.90</ItemPrice>
      <UnitOfMeasurePrice>2.4750</UnitOfMeasurePrice>
      <AllowDiscount>1</AllowDiscount>
      <ItemStatus>1</ItemStatus>
      <ItemId>107286</ItemId>
    </Item>
    <Item>
      <PriceUpdateDate>2016-01-01 11:54:43</PriceUpdateDate>
      <ItemCode>7290014466579</ItemCode>
      <ItemType>1</ItemType>
      <ItemName>יין גמלא סנגובזה</ItemName>
      <ManufacturerName>יקב רמת הגולן</ManufacturerName>
      <ManufactureCountry>לא ידוע</ManufactureCountry>
      <ManufacturerItemDescription>יין גמלא סנגובזה</ManufacturerItemDescription>
      <UnitQty>Unknown </UnitQty>
      <Quantity>0.00</Quantity>
      <UnitOfMeasure>Unknown </UnitOfMeasure>
      <bIsWeighted>0</bIsWeighted>
      <QtyInPackage>1</QtyInPackage>
      <ItemPrice>68.20</ItemPrice>
      <UnitOfMeasurePrice>0.0000</UnitOfMeasurePrice>
      <AllowDiscount>1</AllowDiscount>
      <ItemStatus>1</ItemStatus>
      <ItemId>107331</ItemId>
    </Item>
    <Item>
      <PriceUpdateDate>2015-10-28 18:16:00</PriceUpdateDate>
      <ItemCode>7290006424358</ItemCode>
      <ItemType>1</ItemType>
      <ItemName>מפזר חום עומד/שוכב 2</ItemName>
      <ManufacturerName>NINGBO TIANHMA</ManufacturerName>
      <ManufactureCountry>סין</ManufactureCountry>
      <ManufacturerItemDescription>מפזר חום עומד/שוכב 2000W</ManufacturerItemDescription>
      <UnitQty>Unknown </UnitQty>
      <Quantity>0.00</Quantity>
      <UnitOfMeasure>Unknown </UnitOfMeasure>
      <bIsWeighted>0</bIsWeighted>
      <QtyInPackage>1</QtyInPackage>
      <ItemPrice>79.90</ItemPrice>
      <UnitOfMeasurePrice>0.0000</UnitOfMeasurePrice>
      <AllowDiscount>1</AllowDiscount>
      <ItemStatus>1</ItemStatus>
      <ItemId>107338</ItemId>
    </Item>
    <Item>
      <PriceUpdateDate>2015-10-29 13:16:03</PriceUpdateDate>
      <ItemCode>7290010563456</ItemCode>
      <ItemType>1</ItemType>
      <ItemName>מפזר חום עומד 2000W</ItemName>
      <ManufacturerName>NINGBO TIANHMA</ManufacturerName>
      <ManufactureCountry>סין</ManufactureCountry>
      <ManufacturerItemDescription>מפזר חום עומד 2000W</ManufacturerItemDescription>
      <UnitQty>Unknown </UnitQty>
      <Quantity>0.00</Quantity>
      <UnitOfMeasure>Unknown </UnitOfMeasure>
      <bIsWeighted>0</bIsWeighted>
      <QtyInPackage>1</QtyInPackage>
      <ItemPrice>69.90</ItemPrice>
      <UnitOfMeasurePrice>0.0000</UnitOfMeasurePrice>
      <AllowDiscount>1</AllowDiscount>
      <ItemStatus>1</ItemStatus>
      <ItemId>107345</ItemId>
    </Item>
    <Item>
      <PriceUpdateDate>2015-11-03 11:16:00</PriceUpdateDate>
      <ItemCode>7290105368355</ItemCode>
      <ItemType>1</ItemType>
      <ItemName>מילקי שוקולד עשיר 13</ItemName>
      <ManufacturerName>שטראוס</ManufacturerName>
      <ManufactureCountry>לא ידוע</ManufactureCountry>
      <ManufacturerItemDescription>מילקי שוקולד עשיר</ManufacturerItemDescription>
      <UnitQty>גרמים</UnitQty>
      <Quantity>133.00</Quantity>
      <UnitOfMeasure>100 גרם</UnitOfMeasure>
      <bIsWeighted>0</bIsWeighted>
      <QtyInPackage>1</QtyInPackage>
      <ItemPrice>4.40</ItemPrice>
      <UnitOfMeasurePrice>3.3083</UnitOfMeasurePrice>
      <AllowDiscount>1</AllowDiscount>
      <ItemStatus>1</ItemStatus>
      <ItemId>107373</ItemId>
    </Item>
    <Item>
      <PriceUpdateDate>2016-01-29 08:21:42</PriceUpdateDate>
      <ItemCode>7290015858311</ItemCode>
      <ItemType>1</ItemType>
      <ItemName>ממרח פסטו ביתי 180 ג</ItemName>
      <ManufacturerName>זאביק יצור ושיווק מז</ManufacturerName>
      <ManufactureCountry>ישראל</ManufactureCountry>
      <ManufacturerItemDescription>ממרח פסטו ביתי 180 גרם</ManufacturerItemDescription>
      <UnitQty>גרמים</UnitQty>
      <Quantity>180.00</Quantity>
      <UnitOfMeasure>100 גרם</UnitOfMeasure>
      <bIsWeighted>0</bIsWeighted>
      <QtyInPackage>1</QtyInPackage>
      <ItemPrice>19.90</ItemPrice>
      <UnitOfMeasurePrice>11.0556</UnitOfMeasurePrice>
      <AllowDiscount>1</AllowDiscount>
      <ItemStatus>1</ItemStatus>
      <ItemId>107592</ItemId>
    </Item>
    <Item>
      <PriceUpdateDate>2016-01-29 08:21:42</PriceUpdateDate>
      <ItemCode>7290015858328</ItemCode>
      <ItemType>1</ItemType>
      <ItemName>ממרח עגבניות מיובשות</ItemName>
      <ManufacturerName>זאביק יצור ושיווק מז</ManufacturerName>
      <ManufactureCountry>ישראל</ManufactureCountry>
      <ManufacturerItemDescription>ממרח עגבניות מיובשות  180 גרם</ManufacturerItemDescription>
      <UnitQty>גרמים</UnitQty>
      <Quantity>180.00</Quantity>
      <UnitOfMeasure>100 גרם</UnitOfMeasure>
      <bIsWeighted>0</bIsWeighted>
      <QtyInPackage>1</QtyInPackage>
      <ItemPrice>19.90</ItemPrice>
      <UnitOfMeasurePrice>11.0556</UnitOfMeasurePrice>
      <AllowDiscount>1</AllowDiscount>
      <ItemStatus>1</ItemStatus>
      <ItemId>107593</ItemId>
    </Item>
    <Item>
      <PriceUpdateDate>2016-01-29 08:21:42</PriceUpdateDate>
      <ItemCode>7290015858359</ItemCode>
      <ItemType>1</ItemType>
      <ItemName>ממרח ארטישוק 180  גר</ItemName>
      <ManufacturerName>זאביק יצור ושיווק מז</ManufacturerName>
      <ManufactureCountry>ישראל</ManufactureCountry>
      <ManufacturerItemDescription>ממרח ארטישוק 180  גרם</ManufacturerItemDescription>
      <UnitQty>גרמים</UnitQty>
      <Quantity>180.00</Quantity>
      <UnitOfMeasure>100 גרם</UnitOfMeasure>
      <bIsWeighted>0</bIsWeighted>
      <QtyInPackage>1</QtyInPackage>
      <ItemPrice>19.90</ItemPrice>
      <UnitOfMeasurePrice>11.0556</UnitOfMeasurePrice>
      <AllowDiscount>1</AllowDiscount>
      <ItemStatus>1</ItemStatus>
      <ItemId>107594</ItemId>
    </Item>
    <Item>
      <PriceUpdateDate>2016-07-04 19:15:51</PriceUpdateDate>
      <ItemCode>7290107937603</ItemCode>
      <ItemType>1</ItemType>
      <ItemName>דנונה קוקוס 3% 150 ג</ItemName>
      <ManufacturerName>שטראוס גרופ</ManufacturerName>
      <ManufactureCountry>ישראל</ManufactureCountry>
      <ManufacturerItemDescription>דנונה קוקוס 3% 150 גרם</ManufacturerItemDescription>
      <UnitQty>גרמים</UnitQty>
      <Quantity>265.00</Quantity>
      <UnitOfMeasure>100 גרם</UnitOfMeasure>
      <bIsWeighted>0</bIsWeighted>
      <QtyInPackage>1</QtyInPackage>
      <ItemPrice>4.50</ItemPrice>
      <UnitOfMeasurePrice>1.6981</UnitOfMeasurePrice>
      <AllowDiscount>1</AllowDiscount>
      <ItemStatus>1</ItemStatus>
      <ItemId>109654</ItemId>
    </Item>
    <Item>
      <PriceUpdateDate>2016-01-29 08:21:42</PriceUpdateDate>
      <ItemCode>7290015858342</ItemCode>
      <ItemType>1</ItemType>
      <ItemName>ממרח לימון כבוש 180</ItemName>
      <ManufacturerName>זאביק יצור ושיווק מז</ManufacturerName>
      <ManufactureCountry>ישראל</ManufactureCountry>
      <ManufacturerItemDescription>ממרח לימון כבוש 180  גרם</ManufacturerItemDescription>
      <UnitQty>גרמים</UnitQty>
      <Quantity>180.00</Quantity>
      <UnitOfMeasure>100 גרם</UnitOfMeasure>
      <bIsWeighted>0</bIsWeighted>
      <QtyInPackage>1</QtyInPackage>
      <ItemPrice>19.90</ItemPrice>
      <UnitOfMeasurePrice>11.0556</UnitOfMeasurePrice>
      <AllowDiscount>1</AllowDiscount>
      <ItemStatus>1</ItemStatus>
      <ItemId>107595</ItemId>
    </Item>
    <Item>
      <PriceUpdateDate>2016-01-29 08:21:42</PriceUpdateDate>
      <ItemCode>7290015858335</ItemCode>
      <ItemType>1</ItemType>
      <ItemName>ממרח פלפלים קלויים</ItemName>
      <ManufacturerName>זאביק יצור ושיווק מז</ManufacturerName>
      <ManufactureCountry>ישראל</ManufactureCountry>
      <ManufacturerItemDescription>ממרח פלפלים קלויים  180  גרם</ManufacturerItemDescription>
      <UnitQty>גרמים</UnitQty>
      <Quantity>180.00</Quantity>
      <UnitOfMeasure>100 גרם</UnitOfMeasure>
      <bIsWeighted>0</bIsWeighted>
      <QtyInPackage>1</QtyInPackage>
      <ItemPrice>19.90</ItemPrice>
      <UnitOfMeasurePrice>11.0556</UnitOfMeasurePrice>
      <AllowDiscount>1</AllowDiscount>
      <ItemStatus>1</ItemStatus>
      <ItemId>107596</ItemId>
    </Item>
    <Item>
      <PriceUpdateDate>2016-01-29 08:21:42</PriceUpdateDate>
      <ItemCode>7290015858373</ItemCode>
      <ItemType>1</ItemType>
      <ItemName>ממרח טפנד זיתים ירוק</ItemName>
      <ManufacturerName>זאביק יצור ושיווק מז</ManufacturerName>
      <ManufactureCountry>ישראל</ManufactureCountry>
      <ManufacturerItemDescription>ממרח טפנד זיתים ירוקים  180  גרם</ManufacturerItemDescription>
      <UnitQty>גרמים</UnitQty>
      <Quantity>180.00</Quantity>
      <UnitOfMeasure>100 גרם</UnitOfMeasure>
      <bIsWeighted>0</bIsWeighted>
      <QtyInPackage>1</QtyInPackage>
      <ItemPrice>19.90</ItemPrice>
      <UnitOfMeasurePrice>11.0556</UnitOfMeasurePrice>
      <AllowDiscount>1</AllowDiscount>
      <ItemStatus>1</ItemStatus>
      <ItemId>107597</ItemId>
    </Item>
    <Item>
      <PriceUpdateDate>2016-01-29 08:21:42</PriceUpdateDate>
      <ItemCode>7290015858380</ItemCode>
      <ItemType>1</ItemType>
      <ItemName>ממרח טפנד זיתים שחור</ItemName>
      <ManufacturerName>זאביק יצור ושיווק מז</ManufacturerName>
      <ManufactureCountry>ישראל</ManufactureCountry>
      <ManufacturerItemDescription>ממרח טפנד זיתים שחורים 180  גרם</ManufacturerItemDescription>
      <UnitQty>גרמים</UnitQty>
      <Quantity>180.00</Quantity>
      <UnitOfMeasure>100 גרם</UnitOfMeasure>
      <bIsWeighted>0</bIsWeighted>
      <QtyInPackage>1</QtyInPackage>
      <ItemPrice>19.90</ItemPrice>
      <UnitOfMeasurePrice>11.0556</UnitOfMeasurePrice>
      <AllowDiscount>1</AllowDiscount>
      <ItemStatus>1</ItemStatus>
      <ItemId>107598</ItemId>
    </Item>
    <Item>
      <PriceUpdateDate>2016-01-29 08:21:42</PriceUpdateDate>
      <ItemCode>7290015858458</ItemCode>
      <ItemType>1</ItemType>
      <ItemName>ממרח אריסה ביתי 180</ItemName>
      <ManufacturerName>זאביק יצור ושיווק מז</ManufacturerName>
      <ManufactureCountry>ישראל</ManufactureCountry>
      <ManufacturerItemDescription>ממרח אריסה ביתי 180  גרם</ManufacturerItemDescription>
      <UnitQty>גרמים</UnitQty>
      <Quantity>180.00</Quantity>
      <UnitOfMeasure>100 גרם</UnitOfMeasure>
      <bIsWeighted>0</bIsWeighted>
      <QtyInPackage>1</QtyInPackage>
      <ItemPrice>19.90</ItemPrice>
      <UnitOfMeasurePrice>11.0556</UnitOfMeasurePrice>
      <AllowDiscount>1</AllowDiscount>
      <ItemStatus>1</ItemStatus>
      <ItemId>107599</ItemId>
    </Item>
    <Item>
      <PriceUpdateDate>2016-01-29 08:21:42</PriceUpdateDate>
      <ItemCode>7290015858397</ItemCode>
      <ItemType>1</ItemType>
      <ItemName>ממרח חזרת  180  גרם</ItemName>
      <ManufacturerName>זאביק יצור ושיווק מז</ManufacturerName>
      <ManufactureCountry>ישראל</ManufactureCountry>
      <ManufacturerItemDescription>ממרח חזרת  180  גרם</ManufacturerItemDescription>
      <UnitQty>גרמים</UnitQty>
      <Quantity>180.00</Quantity>
      <UnitOfMeasure>100 גרם</UnitOfMeasure>
      <bIsWeighted>0</bIsWeighted>
      <QtyInPackage>1</QtyInPackage>
      <ItemPrice>19.90</ItemPrice>
      <UnitOfMeasurePrice>11.0556</UnitOfMeasurePrice>
      <AllowDiscount>1</AllowDiscount>
      <ItemStatus>1</ItemStatus>
      <ItemId>107600</ItemId>
    </Item>
    <Item>
      <PriceUpdateDate>2016-01-21 14:02:11</PriceUpdateDate>
      <ItemCode>8076809545457</ItemCode>
      <ItemType>1</ItemType>
      <ItemName>פסטה צינורות ללא גלו</ItemName>
      <ManufacturerName>BARILLA G.E.R.</ManufacturerName>
      <ManufactureCountry>איטליה</ManufactureCountry>
      <ManufacturerItemDescription>פסטה צינורות ללא גלוטן ברילה 400 גרם</ManufacturerItemDescription>
      <UnitQty>גרמים</UnitQty>
      <Quantity>400.00</Quantity>
      <UnitOfMeasure>100 גרם</UnitOfMeasure>
      <bIsWeighted>0</bIsWeighted>
      <QtyInPackage>1</QtyInPackage>
      <ItemPrice>12.90</ItemPrice>
      <UnitOfMeasurePrice>3.2250</UnitOfMeasurePrice>
      <AllowDiscount>1</AllowDiscount>
      <ItemStatus>1</ItemStatus>
      <ItemId>107640</ItemId>
    </Item>
    <Item>
      <PriceUpdateDate>2016-01-14 14:48:01</PriceUpdateDate>
      <ItemCode>5908234806694</ItemCode>
      <ItemType>1</ItemType>
      <ItemName>פליס הפי נרו כדורי ו</ItemName>
      <ManufacturerName>פליס ז.פ.א</ManufacturerName>
      <ManufactureCountry>פולין</ManufactureCountry>
      <ManufacturerItemDescription>פליס הפי נרו כדורי וופל במילוי ק.אגוז</ManufacturerItemDescription>
      <UnitQty>גרמים</UnitQty>
      <Quantity>140.00</Quantity>
      <UnitOfMeasure>100 גרם</UnitOfMeasure>
      <bIsWeighted>0</bIsWeighted>
      <QtyInPackage>1</QtyInPackage>
      <ItemPrice>10.90</ItemPrice>
      <UnitOfMeasurePrice>7.7857</UnitOfMeasurePrice>
      <AllowDiscount>1</AllowDiscount>
      <ItemStatus>1</ItemStatus>
      <ItemId>107732</ItemId>
    </Item>
    <Item>
      <PriceUpdateDate>2016-07-03 07:34:29</PriceUpdateDate>
      <ItemCode>7290106669505</ItemCode>
      <ItemType>1</ItemType>
      <ItemName>עוגיות שוקולד צאנקס</ItemName>
      <ManufacturerName>שטראוס</ManufacturerName>
      <ManufactureCountry>ישראל</ManufactureCountry>
      <ManufacturerItemDescription>עוגיות שוקולד צאנק לבן 162 גרם</ManufacturerItemDescription>
      <UnitQty>גרמים</UnitQty>
      <Quantity>162.00</Quantity>
      <UnitOfMeasure>100 גרם</UnitOfMeasure>
      <bIsWeighted>0</bIsWeighted>
      <QtyInPackage>1</QtyInPackage>
      <ItemPrice>12.90</ItemPrice>
      <UnitOfMeasurePrice>7.9630</UnitOfMeasurePrice>
      <AllowDiscount>1</AllowDiscount>
      <ItemStatus>1</ItemStatus>
      <ItemId>109619</ItemId>
    </Item>
    <Item>
      <PriceUpdateDate>2016-01-28 07:36:14</PriceUpdateDate>
      <ItemCode>8015997000911</ItemCode>
      <ItemType>1</ItemType>
      <ItemName>מאריני בישקוטים 200</ItemName>
      <ManufacturerName>ביסקוטיפיציו ורונה</ManufacturerName>
      <ManufactureCountry>איטליה</ManufactureCountry>
      <ManufacturerItemDescription>מאריני בישקוטים 200  גרם</ManufacturerItemDescription>
      <UnitQty>גרמים</UnitQty>
      <Quantity>200.00</Quantity>
      <UnitOfMeasure>100 גרם</UnitOfMeasure>
      <bIsWeighted>0</bIsWeighted>
      <QtyInPackage>1</QtyInPackage>
      <ItemPrice>6.90</ItemPrice>
      <UnitOfMeasurePrice>3.4500</UnitOfMeasurePrice>
      <AllowDiscount>1</AllowDiscount>
      <ItemStatus>1</ItemStatus>
      <ItemId>107733</ItemId>
    </Item>
    <Item>
      <PriceUpdateDate>2015-12-22 15:28:27</PriceUpdateDate>
      <ItemCode>30100211488</ItemCode>
      <ItemType>1</ItemType>
      <ItemName>קרקר גבינה במילוי צד</ItemName>
      <ManufacturerName>קיבלר</ManufacturerName>
      <ManufactureCountry>ארצות הברית</ManufactureCountry>
      <ManufacturerItemDescription>קרקר גבינה במילוי צדר כתום</ManufacturerItemDescription>
      <UnitQty>גרמים</UnitQty>
      <Quantity>51.00</Quantity>
      <UnitOfMeasure>100 גרם</UnitOfMeasure>
      <bIsWeighted>0</bIsWeighted>
      <QtyInPackage>1</QtyInPackage>
      <ItemPrice>5.30</ItemPrice>
      <UnitOfMeasurePrice>10.3922</UnitOfMeasurePrice>
      <AllowDiscount>1</AllowDiscount>
      <ItemStatus>1</ItemStatus>
      <ItemId>107759</ItemId>
    </Item>
    <Item>
      <PriceUpdateDate>2015-12-22 15:28:27</PriceUpdateDate>
      <ItemCode>30100125211</ItemCode>
      <ItemType>1</ItemType>
      <ItemName>קרקר גבינה במילוי צד</ItemName>
      <ManufacturerName>קיבלר</ManufacturerName>
      <ManufactureCountry>ארצות הברית</ManufactureCountry>
      <ManufacturerItemDescription>קרקר גבינה במילוי צדר לבן</ManufacturerItemDescription>
      <UnitQty>גרמים</UnitQty>
      <Quantity>51.00</Quantity>
      <UnitOfMeasure>100 גרם</UnitOfMeasure>
      <bIsWeighted>0</bIsWeighted>
      <QtyInPackage>1</QtyInPackage>
      <ItemPrice>5.30</ItemPrice>
      <UnitOfMeasurePrice>10.3922</UnitOfMeasurePrice>
      <AllowDiscount>1</AllowDiscount>
      <ItemStatus>1</ItemStatus>
      <ItemId>107760</ItemId>
    </Item>
    <Item>
      <PriceUpdateDate>2015-12-21 16:45:08</PriceUpdateDate>
      <ItemCode>7290107876803</ItemCode>
      <ItemType>1</ItemType>
      <ItemName>זית חרוזית ירוק  בית</ItemName>
      <ManufacturerName>בית השיטה</ManufacturerName>
      <ManufactureCountry>ישראל</ManufactureCountry>
      <ManufacturerItemDescription>זית חרוזית ירוק  בית השיטה 560 גר</ManufacturerItemDescription>
      <UnitQty>גרמים</UnitQty>
      <Quantity>560.00</Quantity>
      <UnitOfMeasure>100 גרם</UnitOfMeasure>
      <bIsWeighted>0</bIsWeighted>
      <QtyInPackage>1</QtyInPackage>
      <ItemPrice>9.90</ItemPrice>
      <UnitOfMeasurePrice>1.7679</UnitOfMeasurePrice>
      <AllowDiscount>1</AllowDiscount>
      <ItemStatus>1</ItemStatus>
      <ItemId>107796</ItemId>
    </Item>
    <Item>
      <PriceUpdateDate>2016-05-08 14:16:02</PriceUpdateDate>
      <ItemCode>7290014525290</ItemCode>
      <ItemType>1</ItemType>
      <ItemName>מרבה סלים דליס קריספ</ItemName>
      <ManufacturerName>הלמה הלום בי.וי</ManufacturerName>
      <ManufactureCountry>הולנד</ManufactureCountry>
      <ManufacturerItemDescription>עוגיות מרבה סלים דליס קריספי 125 גר</ManufacturerItemDescription>
      <UnitQty>גרמים</UnitQty>
      <Quantity>125.00</Quantity>
      <UnitOfMeasure>100 גרם</UnitOfMeasure>
      <bIsWeighted>0</bIsWeighted>
      <QtyInPackage>1</QtyInPackage>
      <ItemPrice>14.90</ItemPrice>
      <UnitOfMeasurePrice>11.9200</UnitOfMeasurePrice>
      <AllowDiscount>1</AllowDiscount>
      <ItemStatus>1</ItemStatus>
      <ItemId>109255</ItemId>
    </Item>
    <Item>
      <PriceUpdateDate>2016-03-09 13:49:24</PriceUpdateDate>
      <ItemCode>7290014256910</ItemCode>
      <ItemType>1</ItemType>
      <ItemName>יין מוסקטו 750 BUZZ</ItemName>
      <ManufacturerName>יקבי כרמל</ManufacturerName>
      <ManufactureCountry>ישראל</ManufactureCountry>
      <ManufacturerItemDescription>יין מוסקטו 750 BUZZ מ"ל</ManufacturerItemDescription>
      <UnitQty>מיליליטרים</UnitQty>
      <Quantity>750.00</Quantity>
      <UnitOfMeasure>100 מ"ל</UnitOfMeasure>
      <bIsWeighted>0</bIsWeighted>
      <QtyInPackage>1</QtyInPackage>
      <ItemPrice>35.00</ItemPrice>
      <UnitOfMeasurePrice>4.6667</UnitOfMeasurePrice>
      <AllowDiscount>1</AllowDiscount>
      <ItemStatus>1</ItemStatus>
      <ItemId>107856</ItemId>
    </Item>
    <Item>
      <PriceUpdateDate>2016-02-26 06:52:44</PriceUpdateDate>
      <ItemCode>7290014256897</ItemCode>
      <ItemType>1</ItemType>
      <ItemName>יין קריניאנו 750 BUZ</ItemName>
      <ManufacturerName>יקבי כרמל</ManufacturerName>
      <ManufactureCountry>ישראל</ManufactureCountry>
      <ManufacturerItemDescription>יין קריניאנו 750 BUZZ מ"ל</ManufacturerItemDescription>
      <UnitQty>Unknown </UnitQty>
      <Quantity>0.00</Quantity>
      <UnitOfMeasure>Unknown </UnitOfMeasure>
      <bIsWeighted>0</bIsWeighted>
      <QtyInPackage>1</QtyInPackage>
      <ItemPrice>35.00</ItemPrice>
      <UnitOfMeasurePrice>0.0000</UnitOfMeasurePrice>
      <AllowDiscount>1</AllowDiscount>
      <ItemStatus>1</ItemStatus>
      <ItemId>107857</ItemId>
    </Item>
    <Item>
      <PriceUpdateDate>2015-12-27 12:16:09</PriceUpdateDate>
      <ItemCode>7290000542041</ItemCode>
      <ItemType>1</ItemType>
      <ItemName>לחם כפרי ארוך</ItemName>
      <ManufacturerName>מאפית אורנים</ManufacturerName>
      <ManufactureCountry>ישראל</ManufactureCountry>
      <ManufacturerItemDescription>לחם כפרי ארוך</ManufacturerItemDescription>
      <UnitQty>גרמים</UnitQty>
      <Quantity>750.00</Quantity>
      <UnitOfMeasure>100 גרם</UnitOfMeasure>
      <bIsWeighted>0</bIsWeighted>
      <QtyInPackage>1</QtyInPackage>
      <ItemPrice>2.90</ItemPrice>
      <UnitOfMeasurePrice>0.3867</UnitOfMeasurePrice>
      <AllowDiscount>1</AllowDiscount>
      <ItemStatus>1</ItemStatus>
      <ItemId>107858</ItemId>
    </Item>
    <Item>
      <PriceUpdateDate>2015-12-27 12:16:09</PriceUpdateDate>
      <ItemCode>7290000379593</ItemCode>
      <ItemType>1</ItemType>
      <ItemName>לחמניה קלועה מיוחדת</ItemName>
      <ManufacturerName>מאפיית אנג'ל</ManufacturerName>
      <ManufactureCountry>ישראל</ManufactureCountry>
      <ManufacturerItemDescription>לחמניה קלועה מיוחדת 125 גר             .</ManufacturerItemDescription>
      <UnitQty>גרמים</UnitQty>
      <Quantity>125.00</Quantity>
      <UnitOfMeasure>100 גרם</UnitOfMeasure>
      <bIsWeighted>0</bIsWeighted>
      <QtyInPackage>1</QtyInPackage>
      <ItemPrice>3.90</ItemPrice>
      <UnitOfMeasurePrice>3.1200</UnitOfMeasurePrice>
      <AllowDiscount>1</AllowDiscount>
      <ItemStatus>1</ItemStatus>
      <ItemId>107859</ItemId>
    </Item>
    <Item>
      <PriceUpdateDate>2015-12-27 12:16:09</PriceUpdateDate>
      <ItemCode>7290000379609</ItemCode>
      <ItemType>1</ItemType>
      <ItemName>לחמניה קלועה מיוחדת</ItemName>
      <ManufacturerName>מאפיית אנג'ל</ManufacturerName>
      <ManufactureCountry>ישראל</ManufactureCountry>
      <ManufacturerItemDescription>לחמניה קלועה מיוחדת 125 גר             .</ManufacturerItemDescription>
      <UnitQty>גרמים</UnitQty>
      <Quantity>125.00</Quantity>
      <UnitOfMeasure>100 גרם</UnitOfMeasure>
      <bIsWeighted>0</bIsWeighted>
      <QtyInPackage>1</QtyInPackage>
      <ItemPrice>3.90</ItemPrice>
      <UnitOfMeasurePrice>3.1200</UnitOfMeasurePrice>
      <AllowDiscount>1</AllowDiscount>
      <ItemStatus>1</ItemStatus>
      <ItemId>107860</ItemId>
    </Item>
    <Item>
      <PriceUpdateDate>2016-02-19 07:24:47</PriceUpdateDate>
      <ItemCode>7290015597418</ItemCode>
      <ItemType>1</ItemType>
      <ItemName>טילון קליק  בטעם וני</ItemName>
      <ManufacturerName>שטראוס גלידות</ManufacturerName>
      <ManufactureCountry>ישראל</ManufactureCountry>
      <ManufacturerItemDescription>טילון קליק  בטעם וניל</ManufacturerItemDescription>
      <UnitQty>גרמים</UnitQty>
      <Quantity>70.00</Quantity>
      <UnitOfMeasure>100 גרם</UnitOfMeasure>
      <bIsWeighted>0</bIsWeighted>
      <QtyInPackage>1</QtyInPackage>
      <ItemPrice>6.80</ItemPrice>
      <UnitOfMeasurePrice>9.7143</UnitOfMeasurePrice>
      <AllowDiscount>1</AllowDiscount>
      <ItemStatus>1</ItemStatus>
      <ItemId>108148</ItemId>
    </Item>
    <Item>
      <PriceUpdateDate>2015-12-29 18:16:03</PriceUpdateDate>
      <ItemCode>7290002881766</ItemCode>
      <ItemType>1</ItemType>
      <ItemName>פטריות שלישייה 290 ג</ItemName>
      <ManufacturerName>פרוצאמפ</ManufacturerName>
      <ManufactureCountry>הולנד</ManufactureCountry>
      <ManufacturerItemDescription>פטריות שלישייה 290 גרם</ManufacturerItemDescription>
      <UnitQty>גרמים</UnitQty>
      <Quantity>290.00</Quantity>
      <UnitOfMeasure>100 גרם</UnitOfMeasure>
      <bIsWeighted>0</bIsWeighted>
      <QtyInPackage>1</QtyInPackage>
      <ItemPrice>15.90</ItemPrice>
      <UnitOfMeasurePrice>5.4828</UnitOfMeasurePrice>
      <AllowDiscount>1</AllowDiscount>
      <ItemStatus>1</ItemStatus>
      <ItemId>107889</ItemId>
    </Item>
    <Item>
      <PriceUpdateDate>2015-12-29 18:16:03</PriceUpdateDate>
      <ItemCode>7290015804080</ItemCode>
      <ItemType>1</ItemType>
      <ItemName>רסק עגבניות 100 גר B</ItemName>
      <ManufacturerName>פרי גליל</ManufacturerName>
      <ManufactureCountry>ישראל</ManufactureCountry>
      <ManufacturerItemDescription>רסק עגבניות 100 גר B22</ManufacturerItemDescription>
      <UnitQty>גרמים</UnitQty>
      <Quantity>100.00</Quantity>
      <UnitOfMeasure>100 גרם</UnitOfMeasure>
      <bIsWeighted>0</bIsWeighted>
      <QtyInPackage>1</QtyInPackage>
      <ItemPrice>2.30</ItemPrice>
      <UnitOfMeasurePrice>2.3000</UnitOfMeasurePrice>
      <AllowDiscount>1</AllowDiscount>
      <ItemStatus>1</ItemStatus>
      <ItemId>107894</ItemId>
    </Item>
    <Item>
      <PriceUpdateDate>2016-01-03 11:11:15</PriceUpdateDate>
      <ItemCode>7290107932127</ItemCode>
      <ItemType>1</ItemType>
      <ItemName>חלב בקבוק 2% מעושר</ItemName>
      <ManufacturerName>שטראוס גרופ</ManufacturerName>
      <ManufactureCountry>ישראל</ManufactureCountry>
      <ManufacturerItemDescription>חלב בקבוק 2% מעושר</ManufacturerItemDescription>
      <UnitQty>ליטרים</UnitQty>
      <Quantity>1.00</Quantity>
      <UnitOfMeasure>ליטר</UnitOfMeasure>
      <bIsWeighted>0</bIsWeighted>
      <QtyInPackage>1</QtyInPackage>
      <ItemPrice>8.00</ItemPrice>
      <UnitOfMeasurePrice>8.0000</UnitOfMeasurePrice>
      <AllowDiscount>1</AllowDiscount>
      <ItemStatus>1</ItemStatus>
      <ItemId>107902</ItemId>
    </Item>
    <Item>
      <PriceUpdateDate>2016-01-03 11:11:15</PriceUpdateDate>
      <ItemCode>7290107932080</ItemCode>
      <ItemType>1</ItemType>
      <ItemName>חלב בקבוק 3% מעושר</ItemName>
      <ManufacturerName>שטראוס גרופ</ManufacturerName>
      <ManufactureCountry>ישראל</ManufactureCountry>
      <ManufacturerItemDescription>חלב בקבוק 3% מעושר</ManufacturerItemDescription>
      <UnitQty>ליטרים</UnitQty>
      <Quantity>1.00</Quantity>
      <UnitOfMeasure>ליטר</UnitOfMeasure>
      <bIsWeighted>0</bIsWeighted>
      <QtyInPackage>1</QtyInPackage>
      <ItemPrice>8.00</ItemPrice>
      <UnitOfMeasurePrice>8.0000</UnitOfMeasurePrice>
      <AllowDiscount>1</AllowDiscount>
      <ItemStatus>1</ItemStatus>
      <ItemId>107903</ItemId>
    </Item>
    <Item>
      <PriceUpdateDate>2016-01-03 11:11:15</PriceUpdateDate>
      <ItemCode>7290107932134</ItemCode>
      <ItemType>1</ItemType>
      <ItemName>חלב בקבוק 1% מעושר</ItemName>
      <ManufacturerName>שטראוס גרופ</ManufacturerName>
      <ManufactureCountry>ישראל</ManufactureCountry>
      <ManufacturerItemDescription>חלב בקבוק 1% מעושר</ManufacturerItemDescription>
      <UnitQty>ליטרים</UnitQty>
      <Quantity>1.00</Quantity>
      <UnitOfMeasure>ליטר</UnitOfMeasure>
      <bIsWeighted>0</bIsWeighted>
      <QtyInPackage>1</QtyInPackage>
      <ItemPrice>8.00</ItemPrice>
      <UnitOfMeasurePrice>8.0000</UnitOfMeasurePrice>
      <AllowDiscount>1</AllowDiscount>
      <ItemStatus>1</ItemStatus>
      <ItemId>107904</ItemId>
    </Item>
    <Item>
      <PriceUpdateDate>2016-01-03 11:11:15</PriceUpdateDate>
      <ItemCode>7290107933315</ItemCode>
      <ItemType>1</ItemType>
      <ItemName>חלבבקבוק דל לקטוז 2%</ItemName>
      <ManufacturerName>שטראוס גרופ</ManufacturerName>
      <ManufactureCountry>ישראל</ManufactureCountry>
      <ManufacturerItemDescription>חלבבקבוק דל לקטוז 2%</ManufacturerItemDescription>
      <UnitQty>ליטרים</UnitQty>
      <Quantity>1.00</Quantity>
      <UnitOfMeasure>ליטר</UnitOfMeasure>
      <bIsWeighted>0</bIsWeighted>
      <QtyInPackage>1</QtyInPackage>
      <ItemPrice>8.00</ItemPrice>
      <UnitOfMeasurePrice>8.0000</UnitOfMeasurePrice>
      <AllowDiscount>1</AllowDiscount>
      <ItemStatus>1</ItemStatus>
      <ItemId>107906</ItemId>
    </Item>
    <Item>
      <PriceUpdateDate>2016-01-06 15:16:05</PriceUpdateDate>
      <ItemCode>7290107930963</ItemCode>
      <ItemType>1</ItemType>
      <ItemName>שוקולד פרה חלב אוריג</ItemName>
      <ManufacturerName>שטראוס גרופ</ManufacturerName>
      <ManufactureCountry>ישראל</ManufactureCountry>
      <ManufacturerItemDescription>שוקולד פרה חלב אוריגמי</ManufacturerItemDescription>
      <UnitQty>גרמים</UnitQty>
      <Quantity>100.00</Quantity>
      <UnitOfMeasure>100 גרם</UnitOfMeasure>
      <bIsWeighted>0</bIsWeighted>
      <QtyInPackage>1</QtyInPackage>
      <ItemPrice>6.40</ItemPrice>
      <UnitOfMeasurePrice>6.4000</UnitOfMeasurePrice>
      <AllowDiscount>1</AllowDiscount>
      <ItemStatus>1</ItemStatus>
      <ItemId>107924</ItemId>
    </Item>
    <Item>
      <PriceUpdateDate>2016-01-22 08:12:39</PriceUpdateDate>
      <ItemCode>7290015597333</ItemCode>
      <ItemType>1</ItemType>
      <ItemName>מאגדת מגנום אגוזי לו</ItemName>
      <ManufacturerName>גלידות שטראוס</ManufacturerName>
      <ManufactureCountry>ישראל</ManufactureCountry>
      <ManufacturerItemDescription>מאגדת מגנום אגוזי לוז</ManufacturerItemDescription>
      <UnitQty>גרמים</UnitQty>
      <Quantity>260.00</Quantity>
      <UnitOfMeasure>100 גרם</UnitOfMeasure>
      <bIsWeighted>0</bIsWeighted>
      <QtyInPackage>1</QtyInPackage>
      <ItemPrice>29.90</ItemPrice>
      <UnitOfMeasurePrice>11.5000</UnitOfMeasurePrice>
      <AllowDiscount>1</AllowDiscount>
      <ItemStatus>1</ItemStatus>
      <ItemId>107933</ItemId>
    </Item>
    <Item>
      <PriceUpdateDate>2016-01-22 08:12:39</PriceUpdateDate>
      <ItemCode>7290015597326</ItemCode>
      <ItemType>1</ItemType>
      <ItemName>מאגדת אייס לייט</ItemName>
      <ManufacturerName>גלידות שטראוס</ManufacturerName>
      <ManufactureCountry>ישראל</ManufactureCountry>
      <ManufacturerItemDescription>מאגדת קרחוני שרבט אייס לייט</ManufacturerItemDescription>
      <UnitQty>גרמים</UnitQty>
      <Quantity>710.00</Quantity>
      <UnitOfMeasure>100 גרם</UnitOfMeasure>
      <bIsWeighted>0</bIsWeighted>
      <QtyInPackage>1</QtyInPackage>
      <ItemPrice>27.90</ItemPrice>
      <UnitOfMeasurePrice>3.9296</UnitOfMeasurePrice>
      <AllowDiscount>1</AllowDiscount>
      <ItemStatus>1</ItemStatus>
      <ItemId>107934</ItemId>
    </Item>
    <Item>
      <PriceUpdateDate>2016-04-25 11:32:17</PriceUpdateDate>
      <ItemCode>8690770322079</ItemCode>
      <ItemType>1</ItemType>
      <ItemName>שמרים יבשים 450 גרם</ItemName>
      <ManufacturerName>פוליבה</ManufacturerName>
      <ManufactureCountry>ישראל</ManufactureCountry>
      <ManufacturerItemDescription>שמרים יבשים 450 גרם</ManufacturerItemDescription>
      <UnitQty>גרמים</UnitQty>
      <Quantity>450.00</Quantity>
      <UnitOfMeasure>100 גרם</UnitOfMeasure>
      <bIsWeighted>0</bIsWeighted>
      <QtyInPackage>1</QtyInPackage>
      <ItemPrice>17.90</ItemPrice>
      <UnitOfMeasurePrice>3.9778</UnitOfMeasurePrice>
      <AllowDiscount>1</AllowDiscount>
      <ItemStatus>1</ItemStatus>
      <ItemId>107938</ItemId>
    </Item>
    <Item>
      <PriceUpdateDate>2016-01-07 16:16:00</PriceUpdateDate>
      <ItemCode>7290106727045</ItemCode>
      <ItemType>1</ItemType>
      <ItemName>יוגורט דנונה פרו אננ</ItemName>
      <ManufacturerName>שטראוס גרופ</ManufacturerName>
      <ManufactureCountry>לא ידוע</ManufactureCountry>
      <ManufacturerItemDescription>יוגורט דנונה פרו אננס</ManufacturerItemDescription>
      <UnitQty>גרמים</UnitQty>
      <Quantity>150.00</Quantity>
      <UnitOfMeasure>100 גרם</UnitOfMeasure>
      <bIsWeighted>0</bIsWeighted>
      <QtyInPackage>1</QtyInPackage>
      <ItemPrice>5.00</ItemPrice>
      <UnitOfMeasurePrice>3.3333</UnitOfMeasurePrice>
      <AllowDiscount>1</AllowDiscount>
      <ItemStatus>1</ItemStatus>
      <ItemId>107956</ItemId>
    </Item>
    <Item>
      <PriceUpdateDate>2016-01-07 16:16:00</PriceUpdateDate>
      <ItemCode>7290106520295</ItemCode>
      <ItemType>1</ItemType>
      <ItemName>יוגורט דנונה פרו לבן</ItemName>
      <ManufacturerName>שטראוס גרופ</ManufacturerName>
      <ManufactureCountry>לא ידוע</ManufactureCountry>
      <ManufacturerItemDescription>יוגורט דנונה פרו לבן</ManufacturerItemDescription>
      <UnitQty>גרמים</UnitQty>
      <Quantity>150.00</Quantity>
      <UnitOfMeasure>100 גרם</UnitOfMeasure>
      <bIsWeighted>0</bIsWeighted>
      <QtyInPackage>1</QtyInPackage>
      <ItemPrice>5.00</ItemPrice>
      <UnitOfMeasurePrice>3.3333</UnitOfMeasurePrice>
      <AllowDiscount>1</AllowDiscount>
      <ItemStatus>1</ItemStatus>
      <ItemId>107957</ItemId>
    </Item>
    <Item>
      <PriceUpdateDate>2016-01-07 16:16:00</PriceUpdateDate>
      <ItemCode>7290106726178</ItemCode>
      <ItemType>1</ItemType>
      <ItemName>יוגורט דנונה פרו פיר</ItemName>
      <ManufacturerName>שטראוס גרופ</ManufacturerName>
      <ManufactureCountry>ישראל</ManufactureCountry>
      <ManufacturerItemDescription>יוגורט דנונה פרו פירות יער</ManufacturerItemDescription>
      <UnitQty>גרמים</UnitQty>
      <Quantity>150.00</Quantity>
      <UnitOfMeasure>100 גרם</UnitOfMeasure>
      <bIsWeighted>0</bIsWeighted>
      <QtyInPackage>1</QtyInPackage>
      <ItemPrice>5.00</ItemPrice>
      <UnitOfMeasurePrice>3.3333</UnitOfMeasurePrice>
      <AllowDiscount>1</AllowDiscount>
      <ItemStatus>1</ItemStatus>
      <ItemId>107958</ItemId>
    </Item>
    <Item>
      <PriceUpdateDate>2016-01-07 16:16:00</PriceUpdateDate>
      <ItemCode>7290106664067</ItemCode>
      <ItemType>1</ItemType>
      <ItemName>לאבנה שמן זית וזעתר</ItemName>
      <ManufacturerName>שטראוס גרופ</ManufacturerName>
      <ManufactureCountry>לא ידוע</ManufactureCountry>
      <ManufacturerItemDescription>לאבנה שמן זית וזעתר 10%שומן</ManufacturerItemDescription>
      <UnitQty>גרמים</UnitQty>
      <Quantity>400.00</Quantity>
      <UnitOfMeasure>100 גרם</UnitOfMeasure>
      <bIsWeighted>0</bIsWeighted>
      <QtyInPackage>1</QtyInPackage>
      <ItemPrice>17.90</ItemPrice>
      <UnitOfMeasurePrice>4.4750</UnitOfMeasurePrice>
      <AllowDiscount>1</AllowDiscount>
      <ItemStatus>1</ItemStatus>
      <ItemId>107967</ItemId>
    </Item>
    <Item>
      <PriceUpdateDate>2016-01-07 16:16:00</PriceUpdateDate>
      <ItemCode>7290106663091</ItemCode>
      <ItemType>1</ItemType>
      <ItemName>לאבנה 9%שומן</ItemName>
      <ManufacturerName>שטראוס גרופ</ManufacturerName>
      <ManufactureCountry>לא ידוע</ManufactureCountry>
      <ManufacturerItemDescription>לאבנה 9%שומן</ManufacturerItemDescription>
      <UnitQty>גרמים</UnitQty>
      <Quantity>500.00</Quantity>
      <UnitOfMeasure>100 גרם</UnitOfMeasure>
      <bIsWeighted>0</bIsWeighted>
      <QtyInPackage>1</QtyInPackage>
      <ItemPrice>21.90</ItemPrice>
      <UnitOfMeasurePrice>4.3800</UnitOfMeasurePrice>
      <AllowDiscount>1</AllowDiscount>
      <ItemStatus>1</ItemStatus>
      <ItemId>107968</ItemId>
    </Item>
    <Item>
      <PriceUpdateDate>2016-01-28 11:44:32</PriceUpdateDate>
      <ItemCode>7290106662216</ItemCode>
      <ItemType>1</ItemType>
      <ItemName>בפל שוקולד מוקצף בוד</ItemName>
      <ManufacturerName>שטראוס גרופ</ManufacturerName>
      <ManufactureCountry>לא ידוע</ManufactureCountry>
      <ManufacturerItemDescription>בפל שוקולד מוקצף בודד</ManufacturerItemDescription>
      <UnitQty>גרמים</UnitQty>
      <Quantity>100.00</Quantity>
      <UnitOfMeasure>100 גרם</UnitOfMeasure>
      <bIsWeighted>0</bIsWeighted>
      <QtyInPackage>1</QtyInPackage>
      <ItemPrice>4.90</ItemPrice>
      <UnitOfMeasurePrice>4.9000</UnitOfMeasurePrice>
      <AllowDiscount>1</AllowDiscount>
      <ItemStatus>1</ItemStatus>
      <ItemId>107977</ItemId>
    </Item>
    <Item>
      <PriceUpdateDate>2016-01-28 11:44:32</PriceUpdateDate>
      <ItemCode>7290106669154</ItemCode>
      <ItemType>1</ItemType>
      <ItemName>חטיף שוקולד רבע לשבע</ItemName>
      <ManufacturerName>שטראוס גרופ</ManufacturerName>
      <ManufactureCountry>לא ידוע</ManufactureCountry>
      <ManufacturerItemDescription>מאגדת 4 רבע לשבע</ManufacturerItemDescription>
      <UnitQty>גרמים</UnitQty>
      <Quantity>100.00</Quantity>
      <UnitOfMeasure>100 גרם</UnitOfMeasure>
      <bIsWeighted>0</bIsWeighted>
      <QtyInPackage>1</QtyInPackage>
      <ItemPrice>11.90</ItemPrice>
      <UnitOfMeasurePrice>11.9000</UnitOfMeasurePrice>
      <AllowDiscount>1</AllowDiscount>
      <ItemStatus>1</ItemStatus>
      <ItemId>107981</ItemId>
    </Item>
    <Item>
      <PriceUpdateDate>2016-01-10 12:41:52</PriceUpdateDate>
      <ItemCode>7290015652629</ItemCode>
      <ItemType>1</ItemType>
      <ItemName>מיקס טרופי 150 גרם</ItemName>
      <ManufacturerName>דין שיווק וקליה בע"מ</ManufacturerName>
      <ManufactureCountry>ישראל</ManufactureCountry>
      <ManufacturerItemDescription>מיקס טרופי 150 גרם</ManufacturerItemDescription>
      <UnitQty>גרמים</UnitQty>
      <Quantity>200.00</Quantity>
      <UnitOfMeasure>100 גרם</UnitOfMeasure>
      <bIsWeighted>0</bIsWeighted>
      <QtyInPackage>1</QtyInPackage>
      <ItemPrice>19.90</ItemPrice>
      <UnitOfMeasurePrice>9.9500</UnitOfMeasurePrice>
      <AllowDiscount>1</AllowDiscount>
      <ItemStatus>1</ItemStatus>
      <ItemId>107983</ItemId>
    </Item>
    <Item>
      <PriceUpdateDate>2016-01-07 16:16:00</PriceUpdateDate>
      <ItemCode>7290015652636</ItemCode>
      <ItemType>1</ItemType>
      <ItemName>מיקס חם 150 גרם</ItemName>
      <ManufacturerName>דין שיווק וקליה בע"מ</ManufacturerName>
      <ManufactureCountry>ישראל</ManufactureCountry>
      <ManufacturerItemDescription>מיקס חם 150 גרם</ManufacturerItemDescription>
      <UnitQty>גרמים</UnitQty>
      <Quantity>200.00</Quantity>
      <UnitOfMeasure>100 גרם</UnitOfMeasure>
      <bIsWeighted>0</bIsWeighted>
      <QtyInPackage>1</QtyInPackage>
      <ItemPrice>19.90</ItemPrice>
      <UnitOfMeasurePrice>9.9500</UnitOfMeasurePrice>
      <AllowDiscount>1</AllowDiscount>
      <ItemStatus>1</ItemStatus>
      <ItemId>107984</ItemId>
    </Item>
    <Item>
      <PriceUpdateDate>2016-07-20 06:58:28</PriceUpdateDate>
      <ItemCode>7290107642422</ItemCode>
      <ItemType>1</ItemType>
      <ItemName>קליק קראנץ קרם אגוזי</ItemName>
      <ManufacturerName>יוניליוור</ManufacturerName>
      <ManufactureCountry>ישראל</ManufactureCountry>
      <ManufacturerItemDescription>קליק  טופי</ManufacturerItemDescription>
      <UnitQty>גרמים</UnitQty>
      <Quantity>40.00</Quantity>
      <UnitOfMeasure>100 גרם</UnitOfMeasure>
      <bIsWeighted>0</bIsWeighted>
      <QtyInPackage>1</QtyInPackage>
      <ItemPrice>4.90</ItemPrice>
      <UnitOfMeasurePrice>12.2500</UnitOfMeasurePrice>
      <AllowDiscount>1</AllowDiscount>
      <ItemStatus>1</ItemStatus>
      <ItemId>108001</ItemId>
    </Item>
    <Item>
      <PriceUpdateDate>2016-01-28 11:45:46</PriceUpdateDate>
      <ItemCode>7290013585554</ItemCode>
      <ItemType>1</ItemType>
      <ItemName>סודה קינלי 1.5 ליטר</ItemName>
      <ManufacturerName>החברה המרכזית למשקאו</ManufacturerName>
      <ManufactureCountry>ישראל</ManufactureCountry>
      <ManufacturerItemDescription>סודה קינלי 1.5 ליטר  שישייה</ManufacturerItemDescription>
      <UnitQty>ליטרים</UnitQty>
      <Quantity>9.00</Quantity>
      <UnitOfMeasure>ליטר</UnitOfMeasure>
      <bIsWeighted>0</bIsWeighted>
      <QtyInPackage>1</QtyInPackage>
      <ItemPrice>19.90</ItemPrice>
      <UnitOfMeasurePrice>2.2111</UnitOfMeasurePrice>
      <AllowDiscount>1</AllowDiscount>
      <ItemStatus>1</ItemStatus>
      <ItemId>108238</ItemId>
    </Item>
    <Item>
      <PriceUpdateDate>2016-02-26 06:52:44</PriceUpdateDate>
      <ItemCode>7290014256927</ItemCode>
      <ItemType>1</ItemType>
      <ItemName>יין סלקטד אמרלד ריזל</ItemName>
      <ManufacturerName>יקבי כרמל</ManufacturerName>
      <ManufactureCountry>ישראל</ManufactureCountry>
      <ManufacturerItemDescription>יין סלקטד אמרלד ריזלינג 750 מל</ManufacturerItemDescription>
      <UnitQty>מיליליטרים</UnitQty>
      <Quantity>750.00</Quantity>
      <UnitOfMeasure>100 מ"ל</UnitOfMeasure>
      <bIsWeighted>0</bIsWeighted>
      <QtyInPackage>1</QtyInPackage>
      <ItemPrice>35.00</ItemPrice>
      <UnitOfMeasurePrice>4.6667</UnitOfMeasurePrice>
      <AllowDiscount>1</AllowDiscount>
      <ItemStatus>1</ItemStatus>
      <ItemId>108042</ItemId>
    </Item>
    <Item>
      <PriceUpdateDate>2016-01-20 12:16:03</PriceUpdateDate>
      <ItemCode>7290012871061</ItemCode>
      <ItemType>1</ItemType>
      <ItemName>חטיף תירס מתוק 150 ג</ItemName>
      <ManufacturerName>מפעלי דגן</ManufacturerName>
      <ManufactureCountry>ישראל</ManufactureCountry>
      <ManufacturerItemDescription>חטיף תירס מתוק 150 גרם</ManufacturerItemDescription>
      <UnitQty>גרמים</UnitQty>
      <Quantity>150.00</Quantity>
      <UnitOfMeasure>100 גרם</UnitOfMeasure>
      <bIsWeighted>0</bIsWeighted>
      <QtyInPackage>1</QtyInPackage>
      <ItemPrice>8.00</ItemPrice>
      <UnitOfMeasurePrice>5.3333</UnitOfMeasurePrice>
      <AllowDiscount>1</AllowDiscount>
      <ItemStatus>1</ItemStatus>
      <ItemId>108152</ItemId>
    </Item>
    <Item>
      <PriceUpdateDate>2016-02-10 07:21:15</PriceUpdateDate>
      <ItemCode>7290015597371</ItemCode>
      <ItemType>1</ItemType>
      <ItemName>שלגון מגנום פיסטוק ב</ItemName>
      <ManufacturerName>שטראוס גלידות</ManufacturerName>
      <ManufactureCountry>ישראל</ManufactureCountry>
      <ManufacturerItemDescription>שלגון מגנום פיסטוק בציפוי</ManufacturerItemDescription>
      <UnitQty>גרמים</UnitQty>
      <Quantity>93.00</Quantity>
      <UnitOfMeasure>100 גרם</UnitOfMeasure>
      <bIsWeighted>0</bIsWeighted>
      <QtyInPackage>1</QtyInPackage>
      <ItemPrice>11.80</ItemPrice>
      <UnitOfMeasurePrice>12.6882</UnitOfMeasurePrice>
      <AllowDiscount>1</AllowDiscount>
      <ItemStatus>1</ItemStatus>
      <ItemId>108190</ItemId>
    </Item>
    <Item>
      <PriceUpdateDate>2016-02-21 15:44:53</PriceUpdateDate>
      <ItemCode>7290015597388</ItemCode>
      <ItemType>1</ItemType>
      <ItemName>שלגון מגנום אגוז לוז</ItemName>
      <ManufacturerName>שטראוס גלידות</ManufacturerName>
      <ManufactureCountry>ישראל</ManufactureCountry>
      <ManufacturerItemDescription>שלגון מגנום אגוז לוז</ManufacturerItemDescription>
      <UnitQty>גרמים</UnitQty>
      <Quantity>93.00</Quantity>
      <UnitOfMeasure>100 גרם</UnitOfMeasure>
      <bIsWeighted>0</bIsWeighted>
      <QtyInPackage>1</QtyInPackage>
      <ItemPrice>11.80</ItemPrice>
      <UnitOfMeasurePrice>12.6882</UnitOfMeasurePrice>
      <AllowDiscount>1</AllowDiscount>
      <ItemStatus>1</ItemStatus>
      <ItemId>108191</ItemId>
    </Item>
    <Item>
      <PriceUpdateDate>2016-07-03 17:15:58</PriceUpdateDate>
      <ItemCode>7613035619050</ItemCode>
      <ItemType>1</ItemType>
      <ItemName>חמשושים מצופים 80 גר</ItemName>
      <ManufacturerName>נגה גלידות</ManufacturerName>
      <ManufactureCountry>לא ידוע</ManufactureCountry>
      <ManufacturerItemDescription>חמשושים מצופים</ManufacturerItemDescription>
      <UnitQty>גרמים</UnitQty>
      <Quantity>220.00</Quantity>
      <UnitOfMeasure>100 גרם</UnitOfMeasure>
      <bIsWeighted>0</bIsWeighted>
      <QtyInPackage>1</QtyInPackage>
      <ItemPrice>9.80</ItemPrice>
      <UnitOfMeasurePrice>4.4545</UnitOfMeasurePrice>
      <AllowDiscount>1</AllowDiscount>
      <ItemStatus>1</ItemStatus>
      <ItemId>109645</ItemId>
    </Item>
    <Item>
      <PriceUpdateDate>2016-01-27 13:52:19</PriceUpdateDate>
      <ItemCode>7290109351025</ItemCode>
      <ItemType>1</ItemType>
      <ItemName>מלך החומוס חומוס וטח</ItemName>
      <ManufacturerName>סלטי צבר</ManufacturerName>
      <ManufactureCountry>לא ידוע</ManufactureCountry>
      <ManufacturerItemDescription>מלך החומוס חומוס וטחינה צבר</ManufacturerItemDescription>
      <UnitQty>גרמים</UnitQty>
      <Quantity>400.00</Quantity>
      <UnitOfMeasure>100 גרם</UnitOfMeasure>
      <bIsWeighted>0</bIsWeighted>
      <QtyInPackage>1</QtyInPackage>
      <ItemPrice>14.90</ItemPrice>
      <UnitOfMeasurePrice>3.7250</UnitOfMeasurePrice>
      <AllowDiscount>1</AllowDiscount>
      <ItemStatus>1</ItemStatus>
      <ItemId>108213</ItemId>
    </Item>
    <Item>
      <PriceUpdateDate>2016-01-29 08:23:31</PriceUpdateDate>
      <ItemCode>7290000466101</ItemCode>
      <ItemType>1</ItemType>
      <ItemName>מלך החומוס חומוס טחי</ItemName>
      <ManufacturerName>סלטי צבר</ManufacturerName>
      <ManufactureCountry>לא ידוע</ManufactureCountry>
      <ManufacturerItemDescription>מלך החומוס חומוס טחינה וחריף צבר</ManufacturerItemDescription>
      <UnitQty>גרמים</UnitQty>
      <Quantity>400.00</Quantity>
      <UnitOfMeasure>100 גרם</UnitOfMeasure>
      <bIsWeighted>0</bIsWeighted>
      <QtyInPackage>1</QtyInPackage>
      <ItemPrice>14.90</ItemPrice>
      <UnitOfMeasurePrice>3.7250</UnitOfMeasurePrice>
      <AllowDiscount>1</AllowDiscount>
      <ItemStatus>1</ItemStatus>
      <ItemId>108214</ItemId>
    </Item>
    <Item>
      <PriceUpdateDate>2016-01-28 11:45:46</PriceUpdateDate>
      <ItemCode>7290004014407</ItemCode>
      <ItemType>1</ItemType>
      <ItemName>סוכריות שוקולד פינאט</ItemName>
      <ManufacturerName>מרס</ManufacturerName>
      <ManufactureCountry>לא ידוע</ManufactureCountry>
      <ManufacturerItemDescription>חטיף בוטנים 47 M&amp;M גרם</ManufacturerItemDescription>
      <UnitQty>גרמים</UnitQty>
      <Quantity>46.00</Quantity>
      <UnitOfMeasure>100 גרם</UnitOfMeasure>
      <bIsWeighted>0</bIsWeighted>
      <QtyInPackage>1</QtyInPackage>
      <ItemPrice>5.80</ItemPrice>
      <UnitOfMeasurePrice>12.6087</UnitOfMeasurePrice>
      <AllowDiscount>1</AllowDiscount>
      <ItemStatus>1</ItemStatus>
      <ItemId>108236</ItemId>
    </Item>
    <Item>
      <PriceUpdateDate>2016-01-28 11:44:33</PriceUpdateDate>
      <ItemCode>7290107641920</ItemCode>
      <ItemType>1</ItemType>
      <ItemName>פינוק לגבר גל רחצה 7</ItemName>
      <ManufacturerName>יוניליוור</ManufacturerName>
      <ManufactureCountry>לא ידוע</ManufactureCountry>
      <ManufacturerItemDescription>פינוק לגבר גל רחצה 700 מ"ל</ManufacturerItemDescription>
      <UnitQty>מיליליטרים</UnitQty>
      <Quantity>700.00</Quantity>
      <UnitOfMeasure>100 מ"ל</UnitOfMeasure>
      <bIsWeighted>0</bIsWeighted>
      <QtyInPackage>1</QtyInPackage>
      <ItemPrice>14.90</ItemPrice>
      <UnitOfMeasurePrice>2.1286</UnitOfMeasurePrice>
      <AllowDiscount>1</AllowDiscount>
      <ItemStatus>1</ItemStatus>
      <ItemId>108239</ItemId>
    </Item>
    <Item>
      <PriceUpdateDate>2016-07-20 06:58:28</PriceUpdateDate>
      <ItemCode>7290107641906</ItemCode>
      <ItemType>1</ItemType>
      <ItemName>פינוק לגבר 3 ב 1  70</ItemName>
      <ManufacturerName>יוניליוור</ManufacturerName>
      <ManufactureCountry>ישראל</ManufactureCountry>
      <ManufacturerItemDescription>פינוק גל 3 ב 1  700 מ"ל</ManufacturerItemDescription>
      <UnitQty>מיליליטרים</UnitQty>
      <Quantity>700.00</Quantity>
      <UnitOfMeasure>100 מ"ל</UnitOfMeasure>
      <bIsWeighted>0</bIsWeighted>
      <QtyInPackage>1</QtyInPackage>
      <ItemPrice>15.90</ItemPrice>
      <UnitOfMeasurePrice>2.2714</UnitOfMeasurePrice>
      <AllowDiscount>1</AllowDiscount>
      <ItemStatus>1</ItemStatus>
      <ItemId>108241</ItemId>
    </Item>
    <Item>
      <PriceUpdateDate>2016-07-20 06:58:28</PriceUpdateDate>
      <ItemCode>7290107642675</ItemCode>
      <ItemType>1</ItemType>
      <ItemName>פינוק שמפו ומרכך לגב</ItemName>
      <ManufacturerName>יוניליוור</ManufacturerName>
      <ManufactureCountry>לא ידוע</ManufactureCountry>
      <ManufacturerItemDescription>פינוק שמפו ומרכך לגבר 2IN1</ManufacturerItemDescription>
      <UnitQty>מיליליטרים</UnitQty>
      <Quantity>700.00</Quantity>
      <UnitOfMeasure>100 מ"ל</UnitOfMeasure>
      <bIsWeighted>0</bIsWeighted>
      <QtyInPackage>1</QtyInPackage>
      <ItemPrice>15.90</ItemPrice>
      <UnitOfMeasurePrice>2.2714</UnitOfMeasurePrice>
      <AllowDiscount>1</AllowDiscount>
      <ItemStatus>1</ItemStatus>
      <ItemId>108242</ItemId>
    </Item>
    <Item>
      <PriceUpdateDate>2016-01-26 14:15:58</PriceUpdateDate>
      <ItemCode>8004030022010</ItemCode>
      <ItemType>1</ItemType>
      <ItemName>טונה ריו מארה טונה א</ItemName>
      <ManufacturerName>BOLTON ALIMENTARI SP</ManufacturerName>
      <ManufactureCountry>איטליה</ManufactureCountry>
      <ManufacturerItemDescription>טונה ריו מארה טונה אינסלטיסימי ירקות</ManufacturerItemDescription>
      <UnitQty>גרמים</UnitQty>
      <Quantity>160.00</Quantity>
      <UnitOfMeasure>100 גרם</UnitOfMeasure>
      <bIsWeighted>0</bIsWeighted>
      <QtyInPackage>1</QtyInPackage>
      <ItemPrice>18.50</ItemPrice>
      <UnitOfMeasurePrice>11.5625</UnitOfMeasurePrice>
      <AllowDiscount>1</AllowDiscount>
      <ItemStatus>1</ItemStatus>
      <ItemId>108248</ItemId>
    </Item>
    <Item>
      <PriceUpdateDate>2016-05-10 14:40:08</PriceUpdateDate>
      <ItemCode>7290107641937</ItemCode>
      <ItemType>1</ItemType>
      <ItemName>חטיף פתית דבש  70 גר</ItemName>
      <ManufacturerName>יוניליוור</ManufacturerName>
      <ManufactureCountry>ישראל</ManufactureCountry>
      <ManufacturerItemDescription>חטיף פתית דבש 70 גרם</ManufacturerItemDescription>
      <UnitQty>גרמים</UnitQty>
      <Quantity>70.00</Quantity>
      <UnitOfMeasure>100 גרם</UnitOfMeasure>
      <bIsWeighted>0</bIsWeighted>
      <QtyInPackage>1</QtyInPackage>
      <ItemPrice>7.90</ItemPrice>
      <UnitOfMeasurePrice>11.2857</UnitOfMeasurePrice>
      <AllowDiscount>1</AllowDiscount>
      <ItemStatus>1</ItemStatus>
      <ItemId>108250</ItemId>
    </Item>
    <Item>
      <PriceUpdateDate>2016-06-02 11:28:27</PriceUpdateDate>
      <ItemCode>7290107641944</ItemCode>
      <ItemType>1</ItemType>
      <ItemName>חטיף פתית שמנת בצל 7</ItemName>
      <ManufacturerName>יוניליוור</ManufacturerName>
      <ManufactureCountry>ישראל</ManufactureCountry>
      <ManufacturerItemDescription>חטיף פתית שמנת בצל 70 גרם</ManufacturerItemDescription>
      <UnitQty>גרמים</UnitQty>
      <Quantity>70.00</Quantity>
      <UnitOfMeasure>100 גרם</UnitOfMeasure>
      <bIsWeighted>0</bIsWeighted>
      <QtyInPackage>1</QtyInPackage>
      <ItemPrice>7.90</ItemPrice>
      <UnitOfMeasurePrice>11.2857</UnitOfMeasurePrice>
      <AllowDiscount>1</AllowDiscount>
      <ItemStatus>1</ItemStatus>
      <ItemId>108251</ItemId>
    </Item>
    <Item>
      <PriceUpdateDate>2016-05-10 14:40:08</PriceUpdateDate>
      <ItemCode>7290107641951</ItemCode>
      <ItemType>1</ItemType>
      <ItemName>חטיף פתית שוודי 70 ג</ItemName>
      <ManufacturerName>יוניליוור</ManufacturerName>
      <ManufactureCountry>ישראל</ManufactureCountry>
      <ManufacturerItemDescription>חטיף פתית שוודי 70 גרם</ManufacturerItemDescription>
      <UnitQty>גרמים</UnitQty>
      <Quantity>70.00</Quantity>
      <UnitOfMeasure>100 גרם</UnitOfMeasure>
      <bIsWeighted>0</bIsWeighted>
      <QtyInPackage>1</QtyInPackage>
      <ItemPrice>7.90</ItemPrice>
      <UnitOfMeasurePrice>11.2857</UnitOfMeasurePrice>
      <AllowDiscount>1</AllowDiscount>
      <ItemStatus>1</ItemStatus>
      <ItemId>108252</ItemId>
    </Item>
    <Item>
      <PriceUpdateDate>2016-01-31 17:15:50</PriceUpdateDate>
      <ItemCode>4902430403900</ItemCode>
      <ItemType>1</ItemType>
      <ItemName>שלישית מברשות שיניים</ItemName>
      <ManufacturerName>פרוקטר &amp; גמבל</ManufacturerName>
      <ManufactureCountry>וייטנאם</ManufactureCountry>
      <ManufacturerItemDescription>שלישית מברשות שיניים אורל B מדיום</ManufacturerItemDescription>
      <UnitQty>Unknown </UnitQty>
      <Quantity>0.00</Quantity>
      <UnitOfMeasure>Unknown </UnitOfMeasure>
      <bIsWeighted>0</bIsWeighted>
      <QtyInPackage>1</QtyInPackage>
      <ItemPrice>14.90</ItemPrice>
      <UnitOfMeasurePrice>0.0000</UnitOfMeasurePrice>
      <AllowDiscount>1</AllowDiscount>
      <ItemStatus>1</ItemStatus>
      <ItemId>108325</ItemId>
    </Item>
    <Item>
      <PriceUpdateDate>2016-02-29 14:52:29</PriceUpdateDate>
      <ItemCode>7290015597432</ItemCode>
      <ItemType>1</ItemType>
      <ItemName>גלידת קרמבו 1 ליטר</ItemName>
      <ManufacturerName>גלידות שטראוס</ManufacturerName>
      <ManufactureCountry>ישראל</ManufactureCountry>
      <ManufacturerItemDescription>גלידת קרמבו 1 ליטר</ManufacturerItemDescription>
      <UnitQty>ליטרים</UnitQty>
      <Quantity>1.00</Quantity>
      <UnitOfMeasure>ליטר</UnitOfMeasure>
      <bIsWeighted>0</bIsWeighted>
      <QtyInPackage>1</QtyInPackage>
      <ItemPrice>22.90</ItemPrice>
      <UnitOfMeasurePrice>22.9000</UnitOfMeasurePrice>
      <AllowDiscount>1</AllowDiscount>
      <ItemStatus>1</ItemStatus>
      <ItemId>108451</ItemId>
    </Item>
    <Item>
      <PriceUpdateDate>2016-02-16 17:16:39</PriceUpdateDate>
      <ItemCode>7290107872768</ItemCode>
      <ItemType>1</ItemType>
      <ItemName>קרחון מיניונים</ItemName>
      <ManufacturerName>נגה גלידות</ManufacturerName>
      <ManufactureCountry>ישראל</ManufactureCountry>
      <ManufacturerItemDescription>קרחון מיניונים</ManufacturerItemDescription>
      <UnitQty>גרמים</UnitQty>
      <Quantity>468.00</Quantity>
      <UnitOfMeasure>100 גרם</UnitOfMeasure>
      <bIsWeighted>0</bIsWeighted>
      <QtyInPackage>1</QtyInPackage>
      <ItemPrice>8.80</ItemPrice>
      <UnitOfMeasurePrice>1.8803</UnitOfMeasurePrice>
      <AllowDiscount>1</AllowDiscount>
      <ItemStatus>1</ItemStatus>
      <ItemId>108552</ItemId>
    </Item>
    <Item>
      <PriceUpdateDate>2016-02-16 17:16:39</PriceUpdateDate>
      <ItemCode>7290107878135</ItemCode>
      <ItemType>1</ItemType>
      <ItemName>גויה קולקשיין פיסטוק</ItemName>
      <ManufacturerName>נגה גלידות</ManufacturerName>
      <ManufactureCountry>ישראל</ManufactureCountry>
      <ManufacturerItemDescription>גויה קולקשיין פיסטוק וקוקוס קלוי</ManufacturerItemDescription>
      <UnitQty>גרמים</UnitQty>
      <Quantity>468.00</Quantity>
      <UnitOfMeasure>100 גרם</UnitOfMeasure>
      <bIsWeighted>0</bIsWeighted>
      <QtyInPackage>1</QtyInPackage>
      <ItemPrice>8.80</ItemPrice>
      <UnitOfMeasurePrice>1.8803</UnitOfMeasurePrice>
      <AllowDiscount>1</AllowDiscount>
      <ItemStatus>1</ItemStatus>
      <ItemId>108553</ItemId>
    </Item>
    <Item>
      <PriceUpdateDate>2016-02-16 17:16:39</PriceUpdateDate>
      <ItemCode>7290107878203</ItemCode>
      <ItemType>1</ItemType>
      <ItemName>גויה קולקשיין טופי כ</ItemName>
      <ManufacturerName>נגה גלידות</ManufacturerName>
      <ManufactureCountry>ישראל</ManufactureCountry>
      <ManufacturerItemDescription>גויה קולקשיין טופי כרמל מלוח</ManufacturerItemDescription>
      <UnitQty>גרמים</UnitQty>
      <Quantity>468.00</Quantity>
      <UnitOfMeasure>100 גרם</UnitOfMeasure>
      <bIsWeighted>0</bIsWeighted>
      <QtyInPackage>1</QtyInPackage>
      <ItemPrice>8.80</ItemPrice>
      <UnitOfMeasurePrice>1.8803</UnitOfMeasurePrice>
      <AllowDiscount>1</AllowDiscount>
      <ItemStatus>1</ItemStatus>
      <ItemId>108555</ItemId>
    </Item>
    <Item>
      <PriceUpdateDate>2016-02-16 17:16:39</PriceUpdateDate>
      <ItemCode>7290107878180</ItemCode>
      <ItemType>1</ItemType>
      <ItemName>גויה קולקשיין ויסקי</ItemName>
      <ManufacturerName>נגה גלידות</ManufacturerName>
      <ManufactureCountry>ישראל</ManufactureCountry>
      <ManufacturerItemDescription>גויה קולקשיין ויסקי אספרסו</ManufacturerItemDescription>
      <UnitQty>גרמים</UnitQty>
      <Quantity>468.00</Quantity>
      <UnitOfMeasure>100 גרם</UnitOfMeasure>
      <bIsWeighted>0</bIsWeighted>
      <QtyInPackage>1</QtyInPackage>
      <ItemPrice>8.80</ItemPrice>
      <UnitOfMeasurePrice>1.8803</UnitOfMeasurePrice>
      <AllowDiscount>1</AllowDiscount>
      <ItemStatus>1</ItemStatus>
      <ItemId>108556</ItemId>
    </Item>
    <Item>
      <PriceUpdateDate>2016-02-16 17:16:39</PriceUpdateDate>
      <ItemCode>7290109350059</ItemCode>
      <ItemType>1</ItemType>
      <ItemName>גלידה גויה קולקשיין</ItemName>
      <ManufacturerName>נגה גלידות</ManufacturerName>
      <ManufactureCountry>לא ידוע</ManufactureCountry>
      <ManufacturerItemDescription>גויה קולקשיין וניל בראוניז</ManufacturerItemDescription>
      <UnitQty>גרמים</UnitQty>
      <Quantity>468.00</Quantity>
      <UnitOfMeasure>100 גרם</UnitOfMeasure>
      <bIsWeighted>0</bIsWeighted>
      <QtyInPackage>1</QtyInPackage>
      <ItemPrice>8.80</ItemPrice>
      <UnitOfMeasurePrice>1.8803</UnitOfMeasurePrice>
      <AllowDiscount>1</AllowDiscount>
      <ItemStatus>1</ItemStatus>
      <ItemId>108559</ItemId>
    </Item>
    <Item>
      <PriceUpdateDate>2016-03-10 10:50:32</PriceUpdateDate>
      <ItemCode>8680530570116</ItemCode>
      <ItemType>1</ItemType>
      <ItemName>משקה מוגז לימון בי פ</ItemName>
      <ManufacturerName>גולסי גידא קאיסירי</ManufacturerName>
      <ManufactureCountry>טורקיה</ManufactureCountry>
      <ManufacturerItemDescription>משקה מוגז לימון 250 בודד</ManufacturerItemDescription>
      <UnitQty>מיליליטרים</UnitQty>
      <Quantity>250.00</Quantity>
      <UnitOfMeasure>100 מ"ל</UnitOfMeasure>
      <bIsWeighted>0</bIsWeighted>
      <QtyInPackage>1</QtyInPackage>
      <ItemPrice>4.20</ItemPrice>
      <UnitOfMeasurePrice>1.6800</UnitOfMeasurePrice>
      <AllowDiscount>1</AllowDiscount>
      <ItemStatus>1</ItemStatus>
      <ItemId>108570</ItemId>
    </Item>
    <Item>
      <PriceUpdateDate>2016-02-16 17:16:40</PriceUpdateDate>
      <ItemCode>7891024131077</ItemCode>
      <ItemType>1</ItemType>
      <ItemName>מי פה קומפליט קייר</ItemName>
      <ManufacturerName>Colgate (Euro)-Palmo</ManufacturerName>
      <ManufactureCountry>ברזיל</ManufactureCountry>
      <ManufacturerItemDescription>מי פה קומפליט קייר</ManufacturerItemDescription>
      <UnitQty>מיליליטרים</UnitQty>
      <Quantity>400.00</Quantity>
      <UnitOfMeasure>100 מ"ל</UnitOfMeasure>
      <bIsWeighted>0</bIsWeighted>
      <QtyInPackage>1</QtyInPackage>
      <ItemPrice>14.90</ItemPrice>
      <UnitOfMeasurePrice>3.7250</UnitOfMeasurePrice>
      <AllowDiscount>1</AllowDiscount>
      <ItemStatus>1</ItemStatus>
      <ItemId>108574</ItemId>
    </Item>
    <Item>
      <PriceUpdateDate>2016-05-02 09:17:51</PriceUpdateDate>
      <ItemCode>7290107879668</ItemCode>
      <ItemType>1</ItemType>
      <ItemName>לה פרוטה תות</ItemName>
      <ManufacturerName>נגה גלידות</ManufacturerName>
      <ManufactureCountry>ישראל</ManufactureCountry>
      <ManufacturerItemDescription>לה פרוטה תות</ManufacturerItemDescription>
      <UnitQty>גרמים</UnitQty>
      <Quantity>36.00</Quantity>
      <UnitOfMeasure>100 גרם</UnitOfMeasure>
      <bIsWeighted>0</bIsWeighted>
      <QtyInPackage>1</QtyInPackage>
      <ItemPrice>6.80</ItemPrice>
      <UnitOfMeasurePrice>18.8889</UnitOfMeasurePrice>
      <AllowDiscount>1</AllowDiscount>
      <ItemStatus>1</ItemStatus>
      <ItemId>108683</ItemId>
    </Item>
    <Item>
      <PriceUpdateDate>2016-05-02 09:17:51</PriceUpdateDate>
      <ItemCode>7290107879699</ItemCode>
      <ItemType>1</ItemType>
      <ItemName>לה פרוטה מנגו</ItemName>
      <ManufacturerName>נגה גלידות</ManufacturerName>
      <ManufactureCountry>ישראל</ManufactureCountry>
      <ManufacturerItemDescription>לה פרוטה מנגו</ManufacturerItemDescription>
      <UnitQty>גרמים</UnitQty>
      <Quantity>36.00</Quantity>
      <UnitOfMeasure>100 גרם</UnitOfMeasure>
      <bIsWeighted>0</bIsWeighted>
      <QtyInPackage>1</QtyInPackage>
      <ItemPrice>6.80</ItemPrice>
      <UnitOfMeasurePrice>18.8889</UnitOfMeasurePrice>
      <AllowDiscount>1</AllowDiscount>
      <ItemStatus>1</ItemStatus>
      <ItemId>108684</ItemId>
    </Item>
    <Item>
      <PriceUpdateDate>2016-05-02 09:17:51</PriceUpdateDate>
      <ItemCode>7290107879644</ItemCode>
      <ItemType>1</ItemType>
      <ItemName>לה פרוטה בננה תמר פק</ItemName>
      <ManufacturerName>נגה גלידות</ManufacturerName>
      <ManufactureCountry>לא ידוע</ManufactureCountry>
      <ManufacturerItemDescription>לה פרוטה בננה תמר פקאן</ManufacturerItemDescription>
      <UnitQty>גרמים</UnitQty>
      <Quantity>36.00</Quantity>
      <UnitOfMeasure>100 גרם</UnitOfMeasure>
      <bIsWeighted>0</bIsWeighted>
      <QtyInPackage>1</QtyInPackage>
      <ItemPrice>6.80</ItemPrice>
      <UnitOfMeasurePrice>18.8889</UnitOfMeasurePrice>
      <AllowDiscount>1</AllowDiscount>
      <ItemStatus>1</ItemStatus>
      <ItemId>108685</ItemId>
    </Item>
    <Item>
      <PriceUpdateDate>2016-05-02 09:17:51</PriceUpdateDate>
      <ItemCode>7290107879712</ItemCode>
      <ItemType>1</ItemType>
      <ItemName>לה פרוטה פירות אדומי</ItemName>
      <ManufacturerName>נגה גלידות</ManufacturerName>
      <ManufactureCountry>ישראל</ManufactureCountry>
      <ManufacturerItemDescription>לה פרוטה פירות אדומים</ManufacturerItemDescription>
      <UnitQty>גרמים</UnitQty>
      <Quantity>36.00</Quantity>
      <UnitOfMeasure>100 גרם</UnitOfMeasure>
      <bIsWeighted>0</bIsWeighted>
      <QtyInPackage>1</QtyInPackage>
      <ItemPrice>6.80</ItemPrice>
      <UnitOfMeasurePrice>18.8889</UnitOfMeasurePrice>
      <AllowDiscount>1</AllowDiscount>
      <ItemStatus>1</ItemStatus>
      <ItemId>108687</ItemId>
    </Item>
    <Item>
      <PriceUpdateDate>2016-03-07 12:56:57</PriceUpdateDate>
      <ItemCode>7290015858441</ItemCode>
      <ItemType>1</ItemType>
      <ItemName>ממרח שום  180  גרם</ItemName>
      <ManufacturerName>זאביק יצור ושיווק מז</ManufacturerName>
      <ManufactureCountry>ישראל</ManufactureCountry>
      <ManufacturerItemDescription>ממרח שום  180  גרם</ManufacturerItemDescription>
      <UnitQty>גרמים</UnitQty>
      <Quantity>180.00</Quantity>
      <UnitOfMeasure>100 גרם</UnitOfMeasure>
      <bIsWeighted>0</bIsWeighted>
      <QtyInPackage>1</QtyInPackage>
      <ItemPrice>19.90</ItemPrice>
      <UnitOfMeasurePrice>11.0556</UnitOfMeasurePrice>
      <AllowDiscount>1</AllowDiscount>
      <ItemStatus>1</ItemStatus>
      <ItemId>108704</ItemId>
    </Item>
    <Item>
      <PriceUpdateDate>2016-03-08 12:16:17</PriceUpdateDate>
      <ItemCode>7290106520288</ItemCode>
      <ItemType>1</ItemType>
      <ItemName>דנונה פרו תות 150 מ"</ItemName>
      <ManufacturerName>שטראוס</ManufacturerName>
      <ManufactureCountry>ישראל</ManufactureCountry>
      <ManufacturerItemDescription>דנונה פרו תות 150 מ"ל</ManufacturerItemDescription>
      <UnitQty>לא מנהל יחידת מידה</UnitQty>
      <Quantity>0.00</Quantity>
      <UnitOfMeasure>לא מנהל יחידת מידה</UnitOfMeasure>
      <bIsWeighted>0</bIsWeighted>
      <QtyInPackage>1</QtyInPackage>
      <ItemPrice>5.00</ItemPrice>
      <UnitOfMeasurePrice>0.0000</UnitOfMeasurePrice>
      <AllowDiscount>1</AllowDiscount>
      <ItemStatus>1</ItemStatus>
      <ItemId>108726</ItemId>
    </Item>
    <Item>
      <PriceUpdateDate>2016-02-29 14:49:12</PriceUpdateDate>
      <ItemCode>7290107931465</ItemCode>
      <ItemType>1</ItemType>
      <ItemName>פריכיות אנרגי תחתית</ItemName>
      <ManufacturerName>שטראוס גרופ</ManufacturerName>
      <ManufactureCountry>ישראל</ManufactureCountry>
      <ManufacturerItemDescription>פריכיות כשלפ אנרגי שוקולד לבן 70 ג</ManufacturerItemDescription>
      <UnitQty>גרמים</UnitQty>
      <Quantity>70.00</Quantity>
      <UnitOfMeasure>100 גרם</UnitOfMeasure>
      <bIsWeighted>0</bIsWeighted>
      <QtyInPackage>1</QtyInPackage>
      <ItemPrice>8.80</ItemPrice>
      <UnitOfMeasurePrice>12.5714</UnitOfMeasurePrice>
      <AllowDiscount>1</AllowDiscount>
      <ItemStatus>1</ItemStatus>
      <ItemId>108729</ItemId>
    </Item>
    <Item>
      <PriceUpdateDate>2016-02-23 13:18:39</PriceUpdateDate>
      <ItemCode>7290106728820</ItemCode>
      <ItemType>1</ItemType>
      <ItemName>מארז קפה נמס 200 גר+</ItemName>
      <ManufacturerName>שטראוס גרופ</ManufacturerName>
      <ManufactureCountry>ישראל</ManufactureCountry>
      <ManufacturerItemDescription>קפה נמס עלית פחית 200 גר</ManufacturerItemDescription>
      <UnitQty>גרמים</UnitQty>
      <Quantity>200.00</Quantity>
      <UnitOfMeasure>100 גרם</UnitOfMeasure>
      <bIsWeighted>0</bIsWeighted>
      <QtyInPackage>1</QtyInPackage>
      <ItemPrice>21.90</ItemPrice>
      <UnitOfMeasurePrice>10.9500</UnitOfMeasurePrice>
      <AllowDiscount>1</AllowDiscount>
      <ItemStatus>1</ItemStatus>
      <ItemId>108730</ItemId>
    </Item>
    <Item>
      <PriceUpdateDate>2016-05-03 13:44:59</PriceUpdateDate>
      <ItemCode>9310072028750</ItemCode>
      <ItemType>1</ItemType>
      <ItemName>חטיף טים טם דאבל   2</ItemName>
      <ManufacturerName>ארנולטס</ManufacturerName>
      <ManufactureCountry>לא ידוע</ManufactureCountry>
      <ManufacturerItemDescription>חטיף טים טם דאבל   200 גרם</ManufacturerItemDescription>
      <UnitQty>גרמים</UnitQty>
      <Quantity>200.00</Quantity>
      <UnitOfMeasure>100 גרם</UnitOfMeasure>
      <bIsWeighted>0</bIsWeighted>
      <QtyInPackage>1</QtyInPackage>
      <ItemPrice>21.30</ItemPrice>
      <UnitOfMeasurePrice>10.6500</UnitOfMeasurePrice>
      <AllowDiscount>1</AllowDiscount>
      <ItemStatus>1</ItemStatus>
      <ItemId>108774</ItemId>
    </Item>
    <Item>
      <PriceUpdateDate>2016-02-29 13:16:00</PriceUpdateDate>
      <ItemCode>7290015150750</ItemCode>
      <ItemType>1</ItemType>
      <ItemName>תה קר לימונית לואיזה</ItemName>
      <ManufacturerName>ויסוצקי</ManufacturerName>
      <ManufactureCountry>ישראל</ManufactureCountry>
      <ManufacturerItemDescription>תה קר לימונית לואיזה</ManufacturerItemDescription>
      <UnitQty>גרמים</UnitQty>
      <Quantity>37.00</Quantity>
      <UnitOfMeasure>100 גרם</UnitOfMeasure>
      <bIsWeighted>0</bIsWeighted>
      <QtyInPackage>1</QtyInPackage>
      <ItemPrice>18.70</ItemPrice>
      <UnitOfMeasurePrice>50.5405</UnitOfMeasurePrice>
      <AllowDiscount>1</AllowDiscount>
      <ItemStatus>1</ItemStatus>
      <ItemId>108783</ItemId>
    </Item>
    <Item>
      <PriceUpdateDate>2016-05-15 12:57:24</PriceUpdateDate>
      <ItemCode>7290003318131</ItemCode>
      <ItemType>1</ItemType>
      <ItemName>ופל מנעמים אגוז 200</ItemName>
      <ManufacturerName>מנעמים תעשיות מזון ב</ManufacturerName>
      <ManufactureCountry>ישראל</ManufactureCountry>
      <ManufacturerItemDescription>ופל מנעמים אגוז 200 גר</ManufacturerItemDescription>
      <UnitQty>גרמים</UnitQty>
      <Quantity>200.00</Quantity>
      <UnitOfMeasure>100 גרם</UnitOfMeasure>
      <bIsWeighted>0</bIsWeighted>
      <QtyInPackage>1</QtyInPackage>
      <ItemPrice>3.60</ItemPrice>
      <UnitOfMeasurePrice>1.8000</UnitOfMeasurePrice>
      <AllowDiscount>1</AllowDiscount>
      <ItemStatus>1</ItemStatus>
      <ItemId>108837</ItemId>
    </Item>
    <Item>
      <PriceUpdateDate>2016-06-07 07:39:53</PriceUpdateDate>
      <ItemCode>42212119</ItemCode>
      <ItemType>1</ItemType>
      <ItemName>אורביט באריזת מעטפה</ItemName>
      <ManufacturerName>ריגלי</ManufacturerName>
      <ManufactureCountry>לא ידוע</ManufactureCountry>
      <ManufacturerItemDescription>אורביט באריזת מעטפה פפרמינט</ManufacturerItemDescription>
      <UnitQty>Unknown </UnitQty>
      <Quantity>0.00</Quantity>
      <UnitOfMeasure>Unknown </UnitOfMeasure>
      <bIsWeighted>0</bIsWeighted>
      <QtyInPackage>1</QtyInPackage>
      <ItemPrice>6.00</ItemPrice>
      <UnitOfMeasurePrice>0.0000</UnitOfMeasurePrice>
      <AllowDiscount>1</AllowDiscount>
      <ItemStatus>1</ItemStatus>
      <ItemId>108922</ItemId>
    </Item>
    <Item>
      <PriceUpdateDate>2016-05-10 14:41:30</PriceUpdateDate>
      <ItemCode>7290015597449</ItemCode>
      <ItemType>1</ItemType>
      <ItemName>טילון קורנטו ריבת חל</ItemName>
      <ManufacturerName>שטראוס גלידות</ManufacturerName>
      <ManufactureCountry>ישראל</ManufactureCountry>
      <ManufacturerItemDescription>טילון קורנטו ריבת חלב</ManufacturerItemDescription>
      <UnitQty>גרמים</UnitQty>
      <Quantity>70.00</Quantity>
      <UnitOfMeasure>100 גרם</UnitOfMeasure>
      <bIsWeighted>0</bIsWeighted>
      <QtyInPackage>1</QtyInPackage>
      <ItemPrice>6.80</ItemPrice>
      <UnitOfMeasurePrice>9.7143</UnitOfMeasurePrice>
      <AllowDiscount>1</AllowDiscount>
      <ItemStatus>1</ItemStatus>
      <ItemId>108977</ItemId>
    </Item>
    <Item>
      <PriceUpdateDate>2016-03-27 13:15:59</PriceUpdateDate>
      <ItemCode>7290015597456</ItemCode>
      <ItemType>1</ItemType>
      <ItemName>שלגון גיבורי על</ItemName>
      <ManufacturerName>גלידת שטראוס בע"מ</ManufacturerName>
      <ManufactureCountry>ישראל</ManufactureCountry>
      <ManufacturerItemDescription>שלגון גיבורי על</ManufacturerItemDescription>
      <UnitQty>Unknown </UnitQty>
      <Quantity>0.00</Quantity>
      <UnitOfMeasure>Unknown </UnitOfMeasure>
      <bIsWeighted>0</bIsWeighted>
      <QtyInPackage>1</QtyInPackage>
      <ItemPrice>7.80</ItemPrice>
      <UnitOfMeasurePrice>0.0000</UnitOfMeasurePrice>
      <AllowDiscount>1</AllowDiscount>
      <ItemStatus>1</ItemStatus>
      <ItemId>108978</ItemId>
    </Item>
    <Item>
      <PriceUpdateDate>2016-06-14 12:02:41</PriceUpdateDate>
      <ItemCode>7290015597463</ItemCode>
      <ItemType>1</ItemType>
      <ItemName>שלגון בוב ספוג</ItemName>
      <ManufacturerName>גלידת שטראוס בע"מ</ManufacturerName>
      <ManufactureCountry>ישראל</ManufactureCountry>
      <ManufacturerItemDescription>שלגון בוב ספוג</ManufacturerItemDescription>
      <UnitQty>Unknown </UnitQty>
      <Quantity>0.00</Quantity>
      <UnitOfMeasure>Unknown </UnitOfMeasure>
      <bIsWeighted>0</bIsWeighted>
      <QtyInPackage>1</QtyInPackage>
      <ItemPrice>4.90</ItemPrice>
      <UnitOfMeasurePrice>0.0000</UnitOfMeasurePrice>
      <AllowDiscount>1</AllowDiscount>
      <ItemStatus>1</ItemStatus>
      <ItemId>108979</ItemId>
    </Item>
    <Item>
      <PriceUpdateDate>2016-04-14 07:58:37</PriceUpdateDate>
      <ItemCode>42247739</ItemCode>
      <ItemType>1</ItemType>
      <ItemName>מסטיק FIVE  בטעם ספי</ItemName>
      <ManufacturerName>ריגלי</ManufacturerName>
      <ManufactureCountry>ישראל</ManufactureCountry>
      <ManufacturerItemDescription>מסטיק פייב</ManufacturerItemDescription>
      <UnitQty>גרמים</UnitQty>
      <Quantity>31.00</Quantity>
      <UnitOfMeasure>100 גרם</UnitOfMeasure>
      <bIsWeighted>0</bIsWeighted>
      <QtyInPackage>1</QtyInPackage>
      <ItemPrice>4.90</ItemPrice>
      <UnitOfMeasurePrice>15.8065</UnitOfMeasurePrice>
      <AllowDiscount>1</AllowDiscount>
      <ItemStatus>1</ItemStatus>
      <ItemId>109038</ItemId>
    </Item>
    <Item>
      <PriceUpdateDate>2016-05-26 08:00:57</PriceUpdateDate>
      <ItemCode>7290107936248</ItemCode>
      <ItemType>1</ItemType>
      <ItemName>מילקי קצפת קפוצינו 1</ItemName>
      <ManufacturerName>שטראוס גרופ</ManufacturerName>
      <ManufactureCountry>ישראל</ManufactureCountry>
      <ManufacturerItemDescription>מילקי קצפת קפוצינו 133 גר</ManufacturerItemDescription>
      <UnitQty>גרמים</UnitQty>
      <Quantity>140.00</Quantity>
      <UnitOfMeasure>100 גרם</UnitOfMeasure>
      <bIsWeighted>0</bIsWeighted>
      <QtyInPackage>1</QtyInPackage>
      <ItemPrice>4.40</ItemPrice>
      <UnitOfMeasurePrice>3.1429</UnitOfMeasurePrice>
      <AllowDiscount>1</AllowDiscount>
      <ItemStatus>1</ItemStatus>
      <ItemId>109047</ItemId>
    </Item>
    <Item>
      <PriceUpdateDate>2016-04-14 07:58:37</PriceUpdateDate>
      <ItemCode>42268413</ItemCode>
      <ItemType>1</ItemType>
      <ItemName>מסטיק FIVE  בטעם פיר</ItemName>
      <ManufacturerName>ריגלי</ManufacturerName>
      <ManufactureCountry>ישראל</ManufactureCountry>
      <ManufacturerItemDescription>מסטיק פייב בטעם פירות טרופיים 8 יח</ManufacturerItemDescription>
      <UnitQty>גרמים</UnitQty>
      <Quantity>31.00</Quantity>
      <UnitOfMeasure>100 גרם</UnitOfMeasure>
      <bIsWeighted>0</bIsWeighted>
      <QtyInPackage>1</QtyInPackage>
      <ItemPrice>4.90</ItemPrice>
      <UnitOfMeasurePrice>15.8065</UnitOfMeasurePrice>
      <AllowDiscount>1</AllowDiscount>
      <ItemStatus>1</ItemStatus>
      <ItemId>109062</ItemId>
    </Item>
    <Item>
      <PriceUpdateDate>2016-04-10 16:16:01</PriceUpdateDate>
      <ItemCode>7622010001858</ItemCode>
      <ItemType>1</ItemType>
      <ItemName>עוגיות אוראו ממולאות</ItemName>
      <ManufacturerName>מונדלייז</ManufacturerName>
      <ManufactureCountry>צ'כיה</ManufactureCountry>
      <ManufacturerItemDescription>עוגיות אוראו ממולאות קרם וניל 176</ManufacturerItemDescription>
      <UnitQty>גרמים</UnitQty>
      <Quantity>176.00</Quantity>
      <UnitOfMeasure>100 גרם</UnitOfMeasure>
      <bIsWeighted>0</bIsWeighted>
      <QtyInPackage>1</QtyInPackage>
      <ItemPrice>10.90</ItemPrice>
      <UnitOfMeasurePrice>6.1932</UnitOfMeasurePrice>
      <AllowDiscount>1</AllowDiscount>
      <ItemStatus>1</ItemStatus>
      <ItemId>109070</ItemId>
    </Item>
    <Item>
      <PriceUpdateDate>2016-04-13 16:15:57</PriceUpdateDate>
      <ItemCode>42247746</ItemCode>
      <ItemType>1</ItemType>
      <ItemName>מסטיק FIVE אגס וליים</ItemName>
      <ManufacturerName>ריגלי</ManufacturerName>
      <ManufactureCountry>צרפת</ManufactureCountry>
      <ManufacturerItemDescription>מסטיק FIVE אגס וליים 8 יח</ManufacturerItemDescription>
      <UnitQty>גרמים</UnitQty>
      <Quantity>31.00</Quantity>
      <UnitOfMeasure>100 גרם</UnitOfMeasure>
      <bIsWeighted>0</bIsWeighted>
      <QtyInPackage>1</QtyInPackage>
      <ItemPrice>4.90</ItemPrice>
      <UnitOfMeasurePrice>15.8065</UnitOfMeasurePrice>
      <AllowDiscount>1</AllowDiscount>
      <ItemStatus>1</ItemStatus>
      <ItemId>109117</ItemId>
    </Item>
    <Item>
      <PriceUpdateDate>2016-04-20 12:16:03</PriceUpdateDate>
      <ItemCode>7290107971584</ItemCode>
      <ItemType>1</ItemType>
      <ItemName>מרשמלו ורוד לבן 150</ItemName>
      <ManufacturerName>תות ממתקי איכות</ManufacturerName>
      <ManufactureCountry>ישראל</ManufactureCountry>
      <ManufacturerItemDescription>מרשמלו ורוד לבן 150 גרם</ManufacturerItemDescription>
      <UnitQty>גרמים</UnitQty>
      <Quantity>150.00</Quantity>
      <UnitOfMeasure>100 גרם</UnitOfMeasure>
      <bIsWeighted>0</bIsWeighted>
      <QtyInPackage>1</QtyInPackage>
      <ItemPrice>6.90</ItemPrice>
      <UnitOfMeasurePrice>4.6000</UnitOfMeasurePrice>
      <AllowDiscount>1</AllowDiscount>
      <ItemStatus>1</ItemStatus>
      <ItemId>109142</ItemId>
    </Item>
    <Item>
      <PriceUpdateDate>2016-04-20 12:16:03</PriceUpdateDate>
      <ItemCode>7290107971591</ItemCode>
      <ItemType>1</ItemType>
      <ItemName>מרשמלו מסולסל 150 גר</ItemName>
      <ManufacturerName>תות ממתקי איכות</ManufacturerName>
      <ManufactureCountry>ישראל</ManufactureCountry>
      <ManufacturerItemDescription>מרשמלו מסולסל 150 גרם</ManufacturerItemDescription>
      <UnitQty>גרמים</UnitQty>
      <Quantity>150.00</Quantity>
      <UnitOfMeasure>100 גרם</UnitOfMeasure>
      <bIsWeighted>0</bIsWeighted>
      <QtyInPackage>1</QtyInPackage>
      <ItemPrice>6.90</ItemPrice>
      <UnitOfMeasurePrice>4.6000</UnitOfMeasurePrice>
      <AllowDiscount>1</AllowDiscount>
      <ItemStatus>1</ItemStatus>
      <ItemId>109143</ItemId>
    </Item>
    <Item>
      <PriceUpdateDate>2016-05-27 08:59:09</PriceUpdateDate>
      <ItemCode>8710908148293</ItemCode>
      <ItemType>1</ItemType>
      <ItemName>אקס ספריי גוף בלאק נ</ItemName>
      <ManufacturerName>יוניליוור גרמניה (בו</ManufacturerName>
      <ManufactureCountry>גרמניה</ManufactureCountry>
      <ManufacturerItemDescription>אקס ספריי גוף בלאק נייט</ManufacturerItemDescription>
      <UnitQty>מיליליטרים</UnitQty>
      <Quantity>150.00</Quantity>
      <UnitOfMeasure>100 מ"ל</UnitOfMeasure>
      <bIsWeighted>0</bIsWeighted>
      <QtyInPackage>1</QtyInPackage>
      <ItemPrice>22.70</ItemPrice>
      <UnitOfMeasurePrice>15.1333</UnitOfMeasurePrice>
      <AllowDiscount>1</AllowDiscount>
      <ItemStatus>1</ItemStatus>
      <ItemId>109181</ItemId>
    </Item>
    <Item>
      <PriceUpdateDate>2016-05-05 09:15:59</PriceUpdateDate>
      <ItemCode>7290003220465</ItemCode>
      <ItemType>1</ItemType>
      <ItemName>פתיבר שוקו מעדני מלך</ItemName>
      <ManufacturerName>אפיפית</ManufacturerName>
      <ManufactureCountry>ישראל</ManufactureCountry>
      <ManufacturerItemDescription>פתיבר שוקו מעדני המלך 500 גר           .</ManufacturerItemDescription>
      <UnitQty>גרמים</UnitQty>
      <Quantity>500.00</Quantity>
      <UnitOfMeasure>100 גרם</UnitOfMeasure>
      <bIsWeighted>0</bIsWeighted>
      <QtyInPackage>1</QtyInPackage>
      <ItemPrice>8.60</ItemPrice>
      <UnitOfMeasurePrice>1.7200</UnitOfMeasurePrice>
      <AllowDiscount>1</AllowDiscount>
      <ItemStatus>1</ItemStatus>
      <ItemId>109208</ItemId>
    </Item>
    <Item>
      <PriceUpdateDate>2016-05-05 09:15:59</PriceUpdateDate>
      <ItemCode>7290003220403</ItemCode>
      <ItemType>1</ItemType>
      <ItemName>קרקר מלח מעדני המלך</ItemName>
      <ManufacturerName>אפיפית</ManufacturerName>
      <ManufactureCountry>ישראל</ManufactureCountry>
      <ManufacturerItemDescription>קרקר מלח מעדני המלך 110 גר             .</ManufacturerItemDescription>
      <UnitQty>גרמים</UnitQty>
      <Quantity>110.00</Quantity>
      <UnitOfMeasure>100 גרם</UnitOfMeasure>
      <bIsWeighted>0</bIsWeighted>
      <QtyInPackage>1</QtyInPackage>
      <ItemPrice>2.90</ItemPrice>
      <UnitOfMeasurePrice>2.6364</UnitOfMeasurePrice>
      <AllowDiscount>1</AllowDiscount>
      <ItemStatus>1</ItemStatus>
      <ItemId>109209</ItemId>
    </Item>
    <Item>
      <PriceUpdateDate>2016-05-05 09:16:00</PriceUpdateDate>
      <ItemCode>7290003220410</ItemCode>
      <ItemType>1</ItemType>
      <ItemName>קרקר שומשום מעדני</ItemName>
      <ManufacturerName>אפיפית</ManufacturerName>
      <ManufactureCountry>ישראל</ManufactureCountry>
      <ManufacturerItemDescription>קרקר שומשום מעדני המלך110 גר           .</ManufacturerItemDescription>
      <UnitQty>גרמים</UnitQty>
      <Quantity>110.00</Quantity>
      <UnitOfMeasure>100 גרם</UnitOfMeasure>
      <bIsWeighted>0</bIsWeighted>
      <QtyInPackage>1</QtyInPackage>
      <ItemPrice>2.90</ItemPrice>
      <UnitOfMeasurePrice>2.6364</UnitOfMeasurePrice>
      <AllowDiscount>1</AllowDiscount>
      <ItemStatus>1</ItemStatus>
      <ItemId>109210</ItemId>
    </Item>
    <Item>
      <PriceUpdateDate>2016-05-05 09:15:59</PriceUpdateDate>
      <ItemCode>7290003220434</ItemCode>
      <ItemType>1</ItemType>
      <ItemName>פתיבר וניל מעדני מלך</ItemName>
      <ManufacturerName>אפיפית</ManufacturerName>
      <ManufactureCountry>ישראל</ManufactureCountry>
      <ManufacturerItemDescription>פתיבר וניל מעדני המלך 110 גר           .</ManufacturerItemDescription>
      <UnitQty>גרמים</UnitQty>
      <Quantity>110.00</Quantity>
      <UnitOfMeasure>100 גרם</UnitOfMeasure>
      <bIsWeighted>0</bIsWeighted>
      <QtyInPackage>1</QtyInPackage>
      <ItemPrice>2.90</ItemPrice>
      <UnitOfMeasurePrice>2.6364</UnitOfMeasurePrice>
      <AllowDiscount>1</AllowDiscount>
      <ItemStatus>1</ItemStatus>
      <ItemId>109211</ItemId>
    </Item>
    <Item>
      <PriceUpdateDate>2016-05-05 09:15:59</PriceUpdateDate>
      <ItemCode>7290003220441</ItemCode>
      <ItemType>1</ItemType>
      <ItemName>פתיבר שוקו מעדני מלך</ItemName>
      <ManufacturerName>אפיפית</ManufacturerName>
      <ManufactureCountry>לא ידוע</ManufactureCountry>
      <ManufacturerItemDescription>פתיבר שוקו מעדני המלך 110 גר</ManufacturerItemDescription>
      <UnitQty>גרמים</UnitQty>
      <Quantity>110.00</Quantity>
      <UnitOfMeasure>100 גרם</UnitOfMeasure>
      <bIsWeighted>0</bIsWeighted>
      <QtyInPackage>1</QtyInPackage>
      <ItemPrice>2.90</ItemPrice>
      <UnitOfMeasurePrice>2.6364</UnitOfMeasurePrice>
      <AllowDiscount>1</AllowDiscount>
      <ItemStatus>1</ItemStatus>
      <ItemId>109212</ItemId>
    </Item>
    <Item>
      <PriceUpdateDate>2016-05-27 08:59:09</PriceUpdateDate>
      <ItemCode>7290107643832</ItemCode>
      <ItemType>1</ItemType>
      <ItemName>רוטב פאד תאי בסגנון</ItemName>
      <ManufacturerName>יוניליוור</ManufacturerName>
      <ManufactureCountry>ישראל</ManufactureCountry>
      <ManufacturerItemDescription>רוטב פאד תאי בסגנון תאילנדי</ManufacturerItemDescription>
      <UnitQty>לא מנהל יחידת מידה</UnitQty>
      <Quantity>0.00</Quantity>
      <UnitOfMeasure>לא מנהל יחידת מידה</UnitOfMeasure>
      <bIsWeighted>0</bIsWeighted>
      <QtyInPackage>1</QtyInPackage>
      <ItemPrice>12.70</ItemPrice>
      <UnitOfMeasurePrice>0.0000</UnitOfMeasurePrice>
      <AllowDiscount>1</AllowDiscount>
      <ItemStatus>1</ItemStatus>
      <ItemId>109226</ItemId>
    </Item>
    <Item>
      <PriceUpdateDate>2016-05-05 13:15:59</PriceUpdateDate>
      <ItemCode>7290107643306</ItemCode>
      <ItemType>1</ItemType>
      <ItemName>דגני כריות במילוי קר</ItemName>
      <ManufacturerName>יוניליוור</ManufacturerName>
      <ManufactureCountry>ישראל</ManufactureCountry>
      <ManufacturerItemDescription>דגני כריות במילוי קרם בטעם קפה מעודן 750</ManufacturerItemDescription>
      <UnitQty>גרמים</UnitQty>
      <Quantity>750.00</Quantity>
      <UnitOfMeasure>100 גרם</UnitOfMeasure>
      <bIsWeighted>0</bIsWeighted>
      <QtyInPackage>1</QtyInPackage>
      <ItemPrice>29.90</ItemPrice>
      <UnitOfMeasurePrice>3.9867</UnitOfMeasurePrice>
      <AllowDiscount>1</AllowDiscount>
      <ItemStatus>1</ItemStatus>
      <ItemId>109227</ItemId>
    </Item>
    <Item>
      <PriceUpdateDate>2016-05-17 08:35:21</PriceUpdateDate>
      <ItemCode>7290107640459</ItemCode>
      <ItemType>1</ItemType>
      <ItemName>דגני בוקר דליקשיו 40</ItemName>
      <ManufacturerName>יוניליוור</ManufacturerName>
      <ManufactureCountry>ישראל</ManufactureCountry>
      <ManufacturerItemDescription>דגני בוקר דליקשיו 400 גרם בדצ</ManufacturerItemDescription>
      <UnitQty>גרמים</UnitQty>
      <Quantity>400.00</Quantity>
      <UnitOfMeasure>100 גרם</UnitOfMeasure>
      <bIsWeighted>0</bIsWeighted>
      <QtyInPackage>1</QtyInPackage>
      <ItemPrice>24.50</ItemPrice>
      <UnitOfMeasurePrice>6.1250</UnitOfMeasurePrice>
      <AllowDiscount>1</AllowDiscount>
      <ItemStatus>1</ItemStatus>
      <ItemId>109228</ItemId>
    </Item>
    <Item>
      <PriceUpdateDate>2016-05-05 13:15:59</PriceUpdateDate>
      <ItemCode>7290015193382</ItemCode>
      <ItemType>1</ItemType>
      <ItemName>אננס פרוסות 850 גרם</ItemName>
      <ManufacturerName>מיי אנדוור</ManufacturerName>
      <ManufactureCountry>תאילנד</ManufactureCountry>
      <ManufacturerItemDescription>אננס פרוסות 850 גרם WOK</ManufacturerItemDescription>
      <UnitQty>גרמים</UnitQty>
      <Quantity>850.00</Quantity>
      <UnitOfMeasure>100 גרם</UnitOfMeasure>
      <bIsWeighted>0</bIsWeighted>
      <QtyInPackage>1</QtyInPackage>
      <ItemPrice>11.90</ItemPrice>
      <UnitOfMeasurePrice>1.4000</UnitOfMeasurePrice>
      <AllowDiscount>1</AllowDiscount>
      <ItemStatus>1</ItemStatus>
      <ItemId>109230</ItemId>
    </Item>
    <Item>
      <PriceUpdateDate>2016-05-17 08:38:44</PriceUpdateDate>
      <ItemCode>7290015193412</ItemCode>
      <ItemType>1</ItemType>
      <ItemName>קוקטייל פירות 850 גר</ItemName>
      <ManufacturerName>מיי אנדוור</ManufacturerName>
      <ManufactureCountry>תאילנד</ManufactureCountry>
      <ManufacturerItemDescription>אננס פרוסות 565 גרם WOK</ManufacturerItemDescription>
      <UnitQty>גרמים</UnitQty>
      <Quantity>850.00</Quantity>
      <UnitOfMeasure>100 גרם</UnitOfMeasure>
      <bIsWeighted>0</bIsWeighted>
      <QtyInPackage>1</QtyInPackage>
      <ItemPrice>9.90</ItemPrice>
      <UnitOfMeasurePrice>1.1647</UnitOfMeasurePrice>
      <AllowDiscount>1</AllowDiscount>
      <ItemStatus>1</ItemStatus>
      <ItemId>109231</ItemId>
    </Item>
    <Item>
      <PriceUpdateDate>2016-05-16 09:21:15</PriceUpdateDate>
      <ItemCode>7290107933650</ItemCode>
      <ItemType>1</ItemType>
      <ItemName>משקה חלב עם דגנים ות</ItemName>
      <ManufacturerName>יטבתה</ManufacturerName>
      <ManufactureCountry>לא ידוע</ManufactureCountry>
      <ManufacturerItemDescription>משקה חלב עם דגנים ותות  250 מ"ל</ManufacturerItemDescription>
      <UnitQty>מיליליטרים</UnitQty>
      <Quantity>250.00</Quantity>
      <UnitOfMeasure>100 מ"ל</UnitOfMeasure>
      <bIsWeighted>0</bIsWeighted>
      <QtyInPackage>1</QtyInPackage>
      <ItemPrice>5.00</ItemPrice>
      <UnitOfMeasurePrice>2.0000</UnitOfMeasurePrice>
      <AllowDiscount>1</AllowDiscount>
      <ItemStatus>1</ItemStatus>
      <ItemId>109236</ItemId>
    </Item>
    <Item>
      <PriceUpdateDate>2016-05-16 09:21:15</PriceUpdateDate>
      <ItemCode>7290107933643</ItemCode>
      <ItemType>1</ItemType>
      <ItemName>משקה חלב עם דגנים וב</ItemName>
      <ManufacturerName>יטבתה</ManufacturerName>
      <ManufactureCountry>ישראל</ManufactureCountry>
      <ManufacturerItemDescription>משקה חלב עם דגנים ותות 250 מ"ל</ManufacturerItemDescription>
      <UnitQty>מיליליטרים</UnitQty>
      <Quantity>250.00</Quantity>
      <UnitOfMeasure>100 מ"ל</UnitOfMeasure>
      <bIsWeighted>0</bIsWeighted>
      <QtyInPackage>1</QtyInPackage>
      <ItemPrice>5.00</ItemPrice>
      <UnitOfMeasurePrice>2.0000</UnitOfMeasurePrice>
      <AllowDiscount>1</AllowDiscount>
      <ItemStatus>1</ItemStatus>
      <ItemId>109237</ItemId>
    </Item>
    <Item>
      <PriceUpdateDate>2016-05-17 08:38:44</PriceUpdateDate>
      <ItemCode>7290106667266</ItemCode>
      <ItemType>1</ItemType>
      <ItemName>דוריטוס חמוץ חריף 18</ItemName>
      <ManufacturerName>שטראוס פריטוליי</ManufacturerName>
      <ManufactureCountry>לא ידוע</ManufactureCountry>
      <ManufacturerItemDescription>דוריטוס חמוץ חריף 185 גרם</ManufacturerItemDescription>
      <UnitQty>גרמים</UnitQty>
      <Quantity>185.00</Quantity>
      <UnitOfMeasure>100 גרם</UnitOfMeasure>
      <bIsWeighted>0</bIsWeighted>
      <QtyInPackage>1</QtyInPackage>
      <ItemPrice>8.00</ItemPrice>
      <UnitOfMeasurePrice>4.3243</UnitOfMeasurePrice>
      <AllowDiscount>1</AllowDiscount>
      <ItemStatus>1</ItemStatus>
      <ItemId>109246</ItemId>
    </Item>
    <Item>
      <PriceUpdateDate>2016-06-02 11:28:27</PriceUpdateDate>
      <ItemCode>7290014762893</ItemCode>
      <ItemType>1</ItemType>
      <ItemName>קרם פרש 30% השף הלבן</ItemName>
      <ManufacturerName>תנובה</ManufacturerName>
      <ManufactureCountry>ישראל</ManufactureCountry>
      <ManufacturerItemDescription>קרם פרש 30% השף הלבן 200 גרם</ManufacturerItemDescription>
      <UnitQty>גרמים</UnitQty>
      <Quantity>200.00</Quantity>
      <UnitOfMeasure>100 גרם</UnitOfMeasure>
      <bIsWeighted>0</bIsWeighted>
      <QtyInPackage>1</QtyInPackage>
      <ItemPrice>6.90</ItemPrice>
      <UnitOfMeasurePrice>3.4500</UnitOfMeasurePrice>
      <AllowDiscount>1</AllowDiscount>
      <ItemStatus>1</ItemStatus>
      <ItemId>109331</ItemId>
    </Item>
    <Item>
      <PriceUpdateDate>2016-07-03 07:34:29</PriceUpdateDate>
      <ItemCode>7290107936910</ItemCode>
      <ItemType>1</ItemType>
      <ItemName>עוגיות שוקולד צאנקס</ItemName>
      <ManufacturerName>שטראוס</ManufacturerName>
      <ManufactureCountry>ישראל</ManufactureCountry>
      <ManufacturerItemDescription>עוגיות שוקולד צאנקס ושוקלד חלב 162 גרם</ManufacturerItemDescription>
      <UnitQty>גרמים</UnitQty>
      <Quantity>162.00</Quantity>
      <UnitOfMeasure>100 גרם</UnitOfMeasure>
      <bIsWeighted>0</bIsWeighted>
      <QtyInPackage>1</QtyInPackage>
      <ItemPrice>12.90</ItemPrice>
      <UnitOfMeasurePrice>7.9630</UnitOfMeasurePrice>
      <AllowDiscount>1</AllowDiscount>
      <ItemStatus>1</ItemStatus>
      <ItemId>109620</ItemId>
    </Item>
    <Item>
      <PriceUpdateDate>2016-05-17 08:35:20</PriceUpdateDate>
      <ItemCode>7290107936453</ItemCode>
      <ItemType>1</ItemType>
      <ItemName>קרקר קראנצ טבעי 300</ItemName>
      <ManufacturerName>שטראוס</ManufacturerName>
      <ManufactureCountry>ישראל</ManufactureCountry>
      <ManufacturerItemDescription>קרקר קראנצ טבעי 300 גרם</ManufacturerItemDescription>
      <UnitQty>גרמים</UnitQty>
      <Quantity>300.00</Quantity>
      <UnitOfMeasure>100 גרם</UnitOfMeasure>
      <bIsWeighted>0</bIsWeighted>
      <QtyInPackage>1</QtyInPackage>
      <ItemPrice>14.70</ItemPrice>
      <UnitOfMeasurePrice>4.9000</UnitOfMeasurePrice>
      <AllowDiscount>1</AllowDiscount>
      <ItemStatus>1</ItemStatus>
      <ItemId>109252</ItemId>
    </Item>
    <Item>
      <PriceUpdateDate>2016-05-17 08:35:20</PriceUpdateDate>
      <ItemCode>7290107936477</ItemCode>
      <ItemType>1</ItemType>
      <ItemName>קרקר קראנצ בטעם גבינ</ItemName>
      <ManufacturerName>שטראוס</ManufacturerName>
      <ManufactureCountry>ישראל</ManufactureCountry>
      <ManufacturerItemDescription>קרקר קראנצ בטעם גבינה 300 גרם</ManufacturerItemDescription>
      <UnitQty>גרמים</UnitQty>
      <Quantity>300.00</Quantity>
      <UnitOfMeasure>100 גרם</UnitOfMeasure>
      <bIsWeighted>0</bIsWeighted>
      <QtyInPackage>1</QtyInPackage>
      <ItemPrice>14.70</ItemPrice>
      <UnitOfMeasurePrice>4.9000</UnitOfMeasurePrice>
      <AllowDiscount>1</AllowDiscount>
      <ItemStatus>1</ItemStatus>
      <ItemId>109253</ItemId>
    </Item>
    <Item>
      <PriceUpdateDate>2016-05-17 08:35:20</PriceUpdateDate>
      <ItemCode>5411188120544</ItemCode>
      <ItemType>1</ItemType>
      <ItemName>מעדן עם קוקוס וסויה</ItemName>
      <ManufacturerName>אלפרו</ManufacturerName>
      <ManufactureCountry>בלגיה</ManufactureCountry>
      <ManufacturerItemDescription>מעדן עם קוקוס וסויה 4*125 גר</ManufacturerItemDescription>
      <UnitQty>גרמים</UnitQty>
      <Quantity>125.00</Quantity>
      <UnitOfMeasure>100 גרם</UnitOfMeasure>
      <bIsWeighted>0</bIsWeighted>
      <QtyInPackage>1</QtyInPackage>
      <ItemPrice>19.90</ItemPrice>
      <UnitOfMeasurePrice>15.9200</UnitOfMeasurePrice>
      <AllowDiscount>1</AllowDiscount>
      <ItemStatus>1</ItemStatus>
      <ItemId>109258</ItemId>
    </Item>
    <Item>
      <PriceUpdateDate>2016-05-08 16:16:02</PriceUpdateDate>
      <ItemCode>7290000453996</ItemCode>
      <ItemType>1</ItemType>
      <ItemName>קמח שמרים לעוגות ומא</ItemName>
      <ManufacturerName>פאקא תעשיות בע"מ</ManufacturerName>
      <ManufactureCountry>ישראל</ManufactureCountry>
      <ManufacturerItemDescription>קמח שמרים לעוגות ומאפים 1 ק"ג</ManufacturerItemDescription>
      <UnitQty>קילוגרמים</UnitQty>
      <Quantity>1.00</Quantity>
      <UnitOfMeasure>ק"ג</UnitOfMeasure>
      <bIsWeighted>0</bIsWeighted>
      <QtyInPackage>1</QtyInPackage>
      <ItemPrice>10.90</ItemPrice>
      <UnitOfMeasurePrice>10.9000</UnitOfMeasurePrice>
      <AllowDiscount>1</AllowDiscount>
      <ItemStatus>1</ItemStatus>
      <ItemId>109263</ItemId>
    </Item>
    <Item>
      <PriceUpdateDate>2016-05-17 08:38:44</PriceUpdateDate>
      <ItemCode>7290106667952</ItemCode>
      <ItemType>1</ItemType>
      <ItemName>מאגדת 4 עוגה אישית ס</ItemName>
      <ManufacturerName>שטראוס</ManufacturerName>
      <ManufactureCountry>ישראל</ManufactureCountry>
      <ManufacturerItemDescription>מאגדת 4 עוגה אישית סוכריות צבעוניות 140*</ManufacturerItemDescription>
      <UnitQty>גרמים</UnitQty>
      <Quantity>140.00</Quantity>
      <UnitOfMeasure>100 גרם</UnitOfMeasure>
      <bIsWeighted>0</bIsWeighted>
      <QtyInPackage>4</QtyInPackage>
      <ItemPrice>10.50</ItemPrice>
      <UnitOfMeasurePrice>7.5000</UnitOfMeasurePrice>
      <AllowDiscount>1</AllowDiscount>
      <ItemStatus>1</ItemStatus>
      <ItemId>109269</ItemId>
    </Item>
    <Item>
      <PriceUpdateDate>2016-05-17 08:38:44</PriceUpdateDate>
      <ItemCode>7290000453897</ItemCode>
      <ItemType>1</ItemType>
      <ItemName>מרגרינה בטעם חמאה 20</ItemName>
      <ManufacturerName>פאקא תעשיות בע"מ</ManufacturerName>
      <ManufactureCountry>ישראל</ManufactureCountry>
      <ManufacturerItemDescription>מרגרינה בטעם חמאה 200 גר</ManufacturerItemDescription>
      <UnitQty>גרמים</UnitQty>
      <Quantity>200.00</Quantity>
      <UnitOfMeasure>100 גרם</UnitOfMeasure>
      <bIsWeighted>0</bIsWeighted>
      <QtyInPackage>4</QtyInPackage>
      <ItemPrice>5.30</ItemPrice>
      <UnitOfMeasurePrice>2.6500</UnitOfMeasurePrice>
      <AllowDiscount>1</AllowDiscount>
      <ItemStatus>1</ItemStatus>
      <ItemId>109271</ItemId>
    </Item>
    <Item>
      <PriceUpdateDate>2016-05-17 08:38:44</PriceUpdateDate>
      <ItemCode>7290107936262</ItemCode>
      <ItemType>1</ItemType>
      <ItemName>דנונה בר בננה עם פצפ</ItemName>
      <ManufacturerName>שטראוס</ManufacturerName>
      <ManufactureCountry>ישראל</ManufactureCountry>
      <ManufacturerItemDescription>דנונה בר בננה עם פצפוצים 173 גר</ManufacturerItemDescription>
      <UnitQty>גרמים</UnitQty>
      <Quantity>173.00</Quantity>
      <UnitOfMeasure>100 גרם</UnitOfMeasure>
      <bIsWeighted>0</bIsWeighted>
      <QtyInPackage>1</QtyInPackage>
      <ItemPrice>5.00</ItemPrice>
      <UnitOfMeasurePrice>2.8902</UnitOfMeasurePrice>
      <AllowDiscount>1</AllowDiscount>
      <ItemStatus>1</ItemStatus>
      <ItemId>109278</ItemId>
    </Item>
    <Item>
      <PriceUpdateDate>2016-05-17 08:35:20</PriceUpdateDate>
      <ItemCode>7290014763098</ItemCode>
      <ItemType>1</ItemType>
      <ItemName>קרם גבינה שמנת 5% טו</ItemName>
      <ManufacturerName>תנובה</ManufacturerName>
      <ManufactureCountry>ישראל</ManufactureCountry>
      <ManufacturerItemDescription>קרם גבינה שמנת 5% טוסקנה</ManufacturerItemDescription>
      <UnitQty>גרמים</UnitQty>
      <Quantity>200.00</Quantity>
      <UnitOfMeasure>100 גרם</UnitOfMeasure>
      <bIsWeighted>0</bIsWeighted>
      <QtyInPackage>1</QtyInPackage>
      <ItemPrice>11.90</ItemPrice>
      <UnitOfMeasurePrice>5.9500</UnitOfMeasurePrice>
      <AllowDiscount>1</AllowDiscount>
      <ItemStatus>1</ItemStatus>
      <ItemId>109280</ItemId>
    </Item>
    <Item>
      <PriceUpdateDate>2016-05-17 08:37:23</PriceUpdateDate>
      <ItemCode>7290014762961</ItemCode>
      <ItemType>1</ItemType>
      <ItemName>מעדן YOLO שוקולד 130</ItemName>
      <ManufacturerName>תנובה מרכז שיתופי לש</ManufacturerName>
      <ManufactureCountry>ישראל</ManufactureCountry>
      <ManufacturerItemDescription>מעדן YOLO שוקולד מריר בתוספת פקאן מצפוה</ManufacturerItemDescription>
      <UnitQty>גרמים</UnitQty>
      <Quantity>130.00</Quantity>
      <UnitOfMeasure>100 גרם</UnitOfMeasure>
      <bIsWeighted>0</bIsWeighted>
      <QtyInPackage>1</QtyInPackage>
      <ItemPrice>4.80</ItemPrice>
      <UnitOfMeasurePrice>3.6923</UnitOfMeasurePrice>
      <AllowDiscount>1</AllowDiscount>
      <ItemStatus>1</ItemStatus>
      <ItemId>109281</ItemId>
    </Item>
    <Item>
      <PriceUpdateDate>2016-05-09 11:16:01</PriceUpdateDate>
      <ItemCode>7290014762282</ItemCode>
      <ItemType>1</ItemType>
      <ItemName>יופלה דיאט 0% אוכמני</ItemName>
      <ManufacturerName>תנובה</ManufacturerName>
      <ManufactureCountry>ישראל</ManufactureCountry>
      <ManufacturerItemDescription>יופלה דיאט 0% אוכמניות בתחתית</ManufacturerItemDescription>
      <UnitQty>גרמים</UnitQty>
      <Quantity>150.00</Quantity>
      <UnitOfMeasure>100 גרם</UnitOfMeasure>
      <bIsWeighted>0</bIsWeighted>
      <QtyInPackage>1</QtyInPackage>
      <ItemPrice>5.10</ItemPrice>
      <UnitOfMeasurePrice>3.4000</UnitOfMeasurePrice>
      <AllowDiscount>1</AllowDiscount>
      <ItemStatus>1</ItemStatus>
      <ItemId>109282</ItemId>
    </Item>
    <Item>
      <PriceUpdateDate>2016-05-09 15:16:01</PriceUpdateDate>
      <ItemCode>7290016188301</ItemCode>
      <ItemType>1</ItemType>
      <ItemName>יין קונקורד קינג דיו</ItemName>
      <ManufacturerName>יקבי כרמל</ManufacturerName>
      <ManufactureCountry>לא ידוע</ManufactureCountry>
      <ManufacturerItemDescription>יין קונקורד קינג דיויד 750 מ"ל</ManufacturerItemDescription>
      <UnitQty>Unknown </UnitQty>
      <Quantity>0.00</Quantity>
      <UnitOfMeasure>Unknown </UnitOfMeasure>
      <bIsWeighted>0</bIsWeighted>
      <QtyInPackage>1</QtyInPackage>
      <ItemPrice>32.00</ItemPrice>
      <UnitOfMeasurePrice>0.0000</UnitOfMeasurePrice>
      <AllowDiscount>1</AllowDiscount>
      <ItemStatus>1</ItemStatus>
      <ItemId>109301</ItemId>
    </Item>
    <Item>
      <PriceUpdateDate>2016-05-16 10:58:34</PriceUpdateDate>
      <ItemCode>7290016188288</ItemCode>
      <ItemType>1</ItemType>
      <ItemName>יין היובל ישן נושן 6</ItemName>
      <ManufacturerName>יקבי כרמל</ManufacturerName>
      <ManufactureCountry>ישראל</ManufactureCountry>
      <ManufacturerItemDescription>יין היובל ישן נושן 650 מ"ל</ManufacturerItemDescription>
      <UnitQty>מיליליטרים</UnitQty>
      <Quantity>650.00</Quantity>
      <UnitOfMeasure>100 מ"ל</UnitOfMeasure>
      <bIsWeighted>0</bIsWeighted>
      <QtyInPackage>1</QtyInPackage>
      <ItemPrice>22.00</ItemPrice>
      <UnitOfMeasurePrice>3.3846</UnitOfMeasurePrice>
      <AllowDiscount>1</AllowDiscount>
      <ItemStatus>1</ItemStatus>
      <ItemId>109302</ItemId>
    </Item>
    <Item>
      <PriceUpdateDate>2016-06-02 11:28:27</PriceUpdateDate>
      <ItemCode>8690637789472</ItemCode>
      <ItemType>1</ItemType>
      <ItemName>מרכך כביסה בדין אקסט</ItemName>
      <ManufacturerName>יונילוור - תורכיה</ManufacturerName>
      <ManufactureCountry>לא ידוע</ManufactureCountry>
      <ManufacturerItemDescription>בדין אקסטרא מרוכז ורד 960 מ"ל</ManufacturerItemDescription>
      <UnitQty>מיליליטרים</UnitQty>
      <Quantity>960.00</Quantity>
      <UnitOfMeasure>100 מ"ל</UnitOfMeasure>
      <bIsWeighted>0</bIsWeighted>
      <QtyInPackage>1</QtyInPackage>
      <ItemPrice>21.70</ItemPrice>
      <UnitOfMeasurePrice>2.2604</UnitOfMeasurePrice>
      <AllowDiscount>1</AllowDiscount>
      <ItemStatus>1</ItemStatus>
      <ItemId>109366</ItemId>
    </Item>
    <Item>
      <PriceUpdateDate>2016-06-02 11:28:27</PriceUpdateDate>
      <ItemCode>7290107643672</ItemCode>
      <ItemType>1</ItemType>
      <ItemName>קליק פופקורן חלב 65</ItemName>
      <ManufacturerName>יוניליוור</ManufacturerName>
      <ManufactureCountry>ישראל</ManufactureCountry>
      <ManufacturerItemDescription>קליק פופקורן חלב 65 גרם</ManufacturerItemDescription>
      <UnitQty>גרמים</UnitQty>
      <Quantity>65.00</Quantity>
      <UnitOfMeasure>100 גרם</UnitOfMeasure>
      <bIsWeighted>0</bIsWeighted>
      <QtyInPackage>1</QtyInPackage>
      <ItemPrice>7.30</ItemPrice>
      <UnitOfMeasurePrice>11.2308</UnitOfMeasurePrice>
      <AllowDiscount>1</AllowDiscount>
      <ItemStatus>1</ItemStatus>
      <ItemId>109368</ItemId>
    </Item>
    <Item>
      <PriceUpdateDate>2016-05-26 17:16:00</PriceUpdateDate>
      <ItemCode>7290106721937</ItemCode>
      <ItemType>1</ItemType>
      <ItemName>סוכריות גומי בננה מס</ItemName>
      <ManufacturerName>טופגם</ManufacturerName>
      <ManufactureCountry>לא ידוע</ManufactureCountry>
      <ManufacturerItemDescription>סוכריות גומי בננה מסוכר 80 גר</ManufacturerItemDescription>
      <UnitQty>גרמים</UnitQty>
      <Quantity>80.00</Quantity>
      <UnitOfMeasure>100 גרם</UnitOfMeasure>
      <bIsWeighted>0</bIsWeighted>
      <QtyInPackage>1</QtyInPackage>
      <ItemPrice>5.90</ItemPrice>
      <UnitOfMeasurePrice>7.3750</UnitOfMeasurePrice>
      <AllowDiscount>1</AllowDiscount>
      <ItemStatus>1</ItemStatus>
      <ItemId>109490</ItemId>
    </Item>
    <Item>
      <PriceUpdateDate>2016-05-26 17:16:00</PriceUpdateDate>
      <ItemCode>7290106721944</ItemCode>
      <ItemType>1</ItemType>
      <ItemName>סוכריות גומי נחש מוב</ItemName>
      <ManufacturerName>טופגם</ManufacturerName>
      <ManufactureCountry>ישראל</ManufactureCountry>
      <ManufacturerItemDescription>סוכריות גומי נחש מוברק 80 גר</ManufacturerItemDescription>
      <UnitQty>גרמים</UnitQty>
      <Quantity>80.00</Quantity>
      <UnitOfMeasure>100 גרם</UnitOfMeasure>
      <bIsWeighted>0</bIsWeighted>
      <QtyInPackage>1</QtyInPackage>
      <ItemPrice>5.90</ItemPrice>
      <UnitOfMeasurePrice>7.3750</UnitOfMeasurePrice>
      <AllowDiscount>1</AllowDiscount>
      <ItemStatus>1</ItemStatus>
      <ItemId>109493</ItemId>
    </Item>
    <Item>
      <PriceUpdateDate>2016-05-26 17:16:00</PriceUpdateDate>
      <ItemCode>7290107932387</ItemCode>
      <ItemType>1</ItemType>
      <ItemName>סוכריות מיקס מבריק 2</ItemName>
      <ManufacturerName>טופגם</ManufacturerName>
      <ManufactureCountry>ישראל</ManufactureCountry>
      <ManufacturerItemDescription>סוכריות מיקס מבריק 200 גר</ManufacturerItemDescription>
      <UnitQty>גרמים</UnitQty>
      <Quantity>200.00</Quantity>
      <UnitOfMeasure>100 גרם</UnitOfMeasure>
      <bIsWeighted>0</bIsWeighted>
      <QtyInPackage>1</QtyInPackage>
      <ItemPrice>11.90</ItemPrice>
      <UnitOfMeasurePrice>5.9500</UnitOfMeasurePrice>
      <AllowDiscount>1</AllowDiscount>
      <ItemStatus>1</ItemStatus>
      <ItemId>109494</ItemId>
    </Item>
    <Item>
      <PriceUpdateDate>2016-05-26 17:16:00</PriceUpdateDate>
      <ItemCode>7290106663398</ItemCode>
      <ItemType>1</ItemType>
      <ItemName>סוכריות מיקס חמוץ 20</ItemName>
      <ManufacturerName>טופגם</ManufacturerName>
      <ManufactureCountry>ישראל</ManufactureCountry>
      <ManufacturerItemDescription>סוכריות מיקס חמוץ 200 גר</ManufacturerItemDescription>
      <UnitQty>גרמים</UnitQty>
      <Quantity>200.00</Quantity>
      <UnitOfMeasure>100 גרם</UnitOfMeasure>
      <bIsWeighted>0</bIsWeighted>
      <QtyInPackage>1</QtyInPackage>
      <ItemPrice>11.90</ItemPrice>
      <UnitOfMeasurePrice>5.9500</UnitOfMeasurePrice>
      <AllowDiscount>1</AllowDiscount>
      <ItemStatus>1</ItemStatus>
      <ItemId>109496</ItemId>
    </Item>
    <Item>
      <PriceUpdateDate>2016-05-30 12:16:07</PriceUpdateDate>
      <ItemCode>7290107933117</ItemCode>
      <ItemType>1</ItemType>
      <ItemName>פריכיות 3 דגנים אנרג</ItemName>
      <ManufacturerName>שטראוס</ManufacturerName>
      <ManufactureCountry>לא ידוע</ManufactureCountry>
      <ManufacturerItemDescription>פריכיות גדולות 3 דגנים 135 גרם</ManufacturerItemDescription>
      <UnitQty>גרמים</UnitQty>
      <Quantity>135.00</Quantity>
      <UnitOfMeasure>100 גרם</UnitOfMeasure>
      <bIsWeighted>0</bIsWeighted>
      <QtyInPackage>1</QtyInPackage>
      <ItemPrice>14.90</ItemPrice>
      <UnitOfMeasurePrice>11.0370</UnitOfMeasurePrice>
      <AllowDiscount>1</AllowDiscount>
      <ItemStatus>1</ItemStatus>
      <ItemId>109506</ItemId>
    </Item>
    <Item>
      <PriceUpdateDate>2016-05-30 12:16:07</PriceUpdateDate>
      <ItemCode>7290107933100</ItemCode>
      <ItemType>1</ItemType>
      <ItemName>פריכיות גדולות קצח ו</ItemName>
      <ManufacturerName>שטראוס</ManufacturerName>
      <ManufactureCountry>ישראל</ManufactureCountry>
      <ManufacturerItemDescription>פריכיות גדולות קצח ודגנים 135 גרם</ManufacturerItemDescription>
      <UnitQty>גרמים</UnitQty>
      <Quantity>135.00</Quantity>
      <UnitOfMeasure>100 גרם</UnitOfMeasure>
      <bIsWeighted>0</bIsWeighted>
      <QtyInPackage>1</QtyInPackage>
      <ItemPrice>14.90</ItemPrice>
      <UnitOfMeasurePrice>11.0370</UnitOfMeasurePrice>
      <AllowDiscount>1</AllowDiscount>
      <ItemStatus>1</ItemStatus>
      <ItemId>109507</ItemId>
    </Item>
    <Item>
      <PriceUpdateDate>2016-05-31 13:16:00</PriceUpdateDate>
      <ItemCode>7290107933612</ItemCode>
      <ItemType>1</ItemType>
      <ItemName>מילקשייק תותים ושמנת</ItemName>
      <ManufacturerName>שטראוס</ManufacturerName>
      <ManufactureCountry>ישראל</ManufactureCountry>
      <ManufacturerItemDescription>מילקשייק תותים ושמנת 300 מ"ל</ManufacturerItemDescription>
      <UnitQty>מיליליטרים</UnitQty>
      <Quantity>300.00</Quantity>
      <UnitOfMeasure>100 מ"ל</UnitOfMeasure>
      <bIsWeighted>0</bIsWeighted>
      <QtyInPackage>1</QtyInPackage>
      <ItemPrice>7.20</ItemPrice>
      <UnitOfMeasurePrice>2.4000</UnitOfMeasurePrice>
      <AllowDiscount>1</AllowDiscount>
      <ItemStatus>1</ItemStatus>
      <ItemId>109508</ItemId>
    </Item>
    <Item>
      <PriceUpdateDate>2016-05-31 13:16:00</PriceUpdateDate>
      <ItemCode>7290107933629</ItemCode>
      <ItemType>1</ItemType>
      <ItemName>מילקשייק בננה פאדג ש</ItemName>
      <ManufacturerName>שטראוס</ManufacturerName>
      <ManufactureCountry>ישראל</ManufactureCountry>
      <ManufacturerItemDescription>מילקשייק בננה פאדג שוקולד 300 מ"ל</ManufacturerItemDescription>
      <UnitQty>מיליליטרים</UnitQty>
      <Quantity>300.00</Quantity>
      <UnitOfMeasure>100 מ"ל</UnitOfMeasure>
      <bIsWeighted>0</bIsWeighted>
      <QtyInPackage>1</QtyInPackage>
      <ItemPrice>7.20</ItemPrice>
      <UnitOfMeasurePrice>2.4000</UnitOfMeasurePrice>
      <AllowDiscount>1</AllowDiscount>
      <ItemStatus>1</ItemStatus>
      <ItemId>109509</ItemId>
    </Item>
    <Item>
      <PriceUpdateDate>2016-05-31 13:16:00</PriceUpdateDate>
      <ItemCode>7290107940252</ItemCode>
      <ItemType>1</ItemType>
      <ItemName>השוקו שלי שוקו ללא ת</ItemName>
      <ManufacturerName>שטראוס</ManufacturerName>
      <ManufactureCountry>לא ידוע</ManufactureCountry>
      <ManufacturerItemDescription>השוקו שלי שוקו ללא תוספת סוכר 1 ליטר</ManufacturerItemDescription>
      <UnitQty>ליטרים</UnitQty>
      <Quantity>1.00</Quantity>
      <UnitOfMeasure>ליטר</UnitOfMeasure>
      <bIsWeighted>0</bIsWeighted>
      <QtyInPackage>1</QtyInPackage>
      <ItemPrice>12.80</ItemPrice>
      <UnitOfMeasurePrice>12.8000</UnitOfMeasurePrice>
      <AllowDiscount>1</AllowDiscount>
      <ItemStatus>1</ItemStatus>
      <ItemId>109512</ItemId>
    </Item>
    <Item>
      <PriceUpdateDate>2016-05-31 13:16:01</PriceUpdateDate>
      <ItemCode>7290014762879</ItemCode>
      <ItemType>1</ItemType>
      <ItemName>יופלה 3.9% בטעם פיסט</ItemName>
      <ManufacturerName>פסטה נונה</ManufacturerName>
      <ManufactureCountry>ישראל</ManufactureCountry>
      <ManufacturerItemDescription>יופלה 3.9% בטעם פיסטוק 150 מ"ל</ManufacturerItemDescription>
      <UnitQty>מיליליטרים</UnitQty>
      <Quantity>150.00</Quantity>
      <UnitOfMeasure>100 מ"ל</UnitOfMeasure>
      <bIsWeighted>0</bIsWeighted>
      <QtyInPackage>1</QtyInPackage>
      <ItemPrice>5.10</ItemPrice>
      <UnitOfMeasurePrice>3.4000</UnitOfMeasurePrice>
      <AllowDiscount>1</AllowDiscount>
      <ItemStatus>1</ItemStatus>
      <ItemId>109520</ItemId>
    </Item>
    <Item>
      <PriceUpdateDate>2016-05-31 13:16:01</PriceUpdateDate>
      <ItemCode>7290107643924</ItemCode>
      <ItemType>1</ItemType>
      <ItemName>ריבועי ברנפלקס דבש 4</ItemName>
      <ManufacturerName>יוניליוור</ManufacturerName>
      <ManufactureCountry>ישראל</ManufactureCountry>
      <ManufacturerItemDescription>ריבועי ברנפלקס דבשבדצ 400 גרם</ManufacturerItemDescription>
      <UnitQty>גרמים</UnitQty>
      <Quantity>400.00</Quantity>
      <UnitOfMeasure>100 גרם</UnitOfMeasure>
      <bIsWeighted>0</bIsWeighted>
      <QtyInPackage>1</QtyInPackage>
      <ItemPrice>27.00</ItemPrice>
      <UnitOfMeasurePrice>6.7500</UnitOfMeasurePrice>
      <AllowDiscount>1</AllowDiscount>
      <ItemStatus>1</ItemStatus>
      <ItemId>109525</ItemId>
    </Item>
    <Item>
      <PriceUpdateDate>2016-05-31 13:16:01</PriceUpdateDate>
      <ItemCode>7290107644174</ItemCode>
      <ItemType>1</ItemType>
      <ItemName>נשנושים MIX 200 גרם</ItemName>
      <ManufacturerName>יוניליוור</ManufacturerName>
      <ManufactureCountry>לא ידוע</ManufactureCountry>
      <ManufacturerItemDescription>נשנושים MIX 200 גרם</ManufacturerItemDescription>
      <UnitQty>גרמים</UnitQty>
      <Quantity>200.00</Quantity>
      <UnitOfMeasure>100 גרם</UnitOfMeasure>
      <bIsWeighted>0</bIsWeighted>
      <QtyInPackage>1</QtyInPackage>
      <ItemPrice>8.50</ItemPrice>
      <UnitOfMeasurePrice>4.2500</UnitOfMeasurePrice>
      <AllowDiscount>1</AllowDiscount>
      <ItemStatus>1</ItemStatus>
      <ItemId>109527</ItemId>
    </Item>
    <Item>
      <PriceUpdateDate>2016-06-07 07:39:53</PriceUpdateDate>
      <ItemCode>7290107931007</ItemCode>
      <ItemType>1</ItemType>
      <ItemName>שוקולד פרה שייק שוקו</ItemName>
      <ManufacturerName>שטראוס</ManufacturerName>
      <ManufactureCountry>לא ידוע</ManufactureCountry>
      <ManufacturerItemDescription>שוקולד פרה שייק שוקו וניל 95 גרם</ManufacturerItemDescription>
      <UnitQty>גרמים</UnitQty>
      <Quantity>95.00</Quantity>
      <UnitOfMeasure>100 גרם</UnitOfMeasure>
      <bIsWeighted>0</bIsWeighted>
      <QtyInPackage>1</QtyInPackage>
      <ItemPrice>7.90</ItemPrice>
      <UnitOfMeasurePrice>8.3158</UnitOfMeasurePrice>
      <AllowDiscount>1</AllowDiscount>
      <ItemStatus>1</ItemStatus>
      <ItemId>109542</ItemId>
    </Item>
    <Item>
      <PriceUpdateDate>2016-07-21 16:16:01</PriceUpdateDate>
      <ItemCode>8902335006189</ItemCode>
      <ItemType>1</ItemType>
      <ItemName>עוגיות בטעם חמאה 114</ItemName>
      <ManufacturerName>ג'אנוש צ'וז'קי</ManufacturerName>
      <ManufactureCountry>לא ידוע</ManufactureCountry>
      <ManufacturerItemDescription>עוגיות בטעם חמאה 114 גר</ManufacturerItemDescription>
      <UnitQty>גרמים</UnitQty>
      <Quantity>114.00</Quantity>
      <UnitOfMeasure>100 גרם</UnitOfMeasure>
      <bIsWeighted>0</bIsWeighted>
      <QtyInPackage>1</QtyInPackage>
      <ItemPrice>5.50</ItemPrice>
      <UnitOfMeasurePrice>4.8246</UnitOfMeasurePrice>
      <AllowDiscount>1</AllowDiscount>
      <ItemStatus>1</ItemStatus>
      <ItemId>109714</ItemId>
    </Item>
    <Item>
      <PriceUpdateDate>2016-06-07 07:39:53</PriceUpdateDate>
      <ItemCode>7290107930994</ItemCode>
      <ItemType>1</ItemType>
      <ItemName>שוקולד פרה שייק שוקו</ItemName>
      <ManufacturerName>שטראוס</ManufacturerName>
      <ManufactureCountry>לא ידוע</ManufactureCountry>
      <ManufacturerItemDescription>שוקולד פרה שייק שוקו בננה 95 גרם</ManufacturerItemDescription>
      <UnitQty>גרמים</UnitQty>
      <Quantity>95.00</Quantity>
      <UnitOfMeasure>100 גרם</UnitOfMeasure>
      <bIsWeighted>0</bIsWeighted>
      <QtyInPackage>1</QtyInPackage>
      <ItemPrice>7.90</ItemPrice>
      <UnitOfMeasurePrice>8.3158</UnitOfMeasurePrice>
      <AllowDiscount>1</AllowDiscount>
      <ItemStatus>1</ItemStatus>
      <ItemId>109544</ItemId>
    </Item>
    <Item>
      <PriceUpdateDate>2016-06-06 08:20:42</PriceUpdateDate>
      <ItemCode>7290107931014</ItemCode>
      <ItemType>1</ItemType>
      <ItemName>שוקולד פרה שייק תות</ItemName>
      <ManufacturerName>שטראוס</ManufacturerName>
      <ManufactureCountry>ישראל</ManufactureCountry>
      <ManufacturerItemDescription>שוקולד פרה שייק תות בננה 95 גרם</ManufacturerItemDescription>
      <UnitQty>גרמים</UnitQty>
      <Quantity>95.00</Quantity>
      <UnitOfMeasure>100 גרם</UnitOfMeasure>
      <bIsWeighted>0</bIsWeighted>
      <QtyInPackage>1</QtyInPackage>
      <ItemPrice>7.90</ItemPrice>
      <UnitOfMeasurePrice>8.3158</UnitOfMeasurePrice>
      <AllowDiscount>1</AllowDiscount>
      <ItemStatus>1</ItemStatus>
      <ItemId>109545</ItemId>
    </Item>
    <Item>
      <PriceUpdateDate>2016-06-07 07:39:53</PriceUpdateDate>
      <ItemCode>7290106662193</ItemCode>
      <ItemType>1</ItemType>
      <ItemName>רולדה טויסט 350 גרם</ItemName>
      <ManufacturerName>שטראוס</ManufacturerName>
      <ManufactureCountry>לא ידוע</ManufactureCountry>
      <ManufacturerItemDescription>רולדה ויסט 350 גרם</ManufacturerItemDescription>
      <UnitQty>גרמים</UnitQty>
      <Quantity>350.00</Quantity>
      <UnitOfMeasure>100 גרם</UnitOfMeasure>
      <bIsWeighted>0</bIsWeighted>
      <QtyInPackage>1</QtyInPackage>
      <ItemPrice>18.50</ItemPrice>
      <UnitOfMeasurePrice>5.2857</UnitOfMeasurePrice>
      <AllowDiscount>1</AllowDiscount>
      <ItemStatus>1</ItemStatus>
      <ItemId>109547</ItemId>
    </Item>
    <Item>
      <PriceUpdateDate>2016-06-06 08:20:42</PriceUpdateDate>
      <ItemCode>7290107931397</ItemCode>
      <ItemType>1</ItemType>
      <ItemName>חטיף כיף כף פצפצים 4</ItemName>
      <ManufacturerName>שולן ציקולטה</ManufacturerName>
      <ManufactureCountry>לא ידוע</ManufactureCountry>
      <ManufacturerItemDescription>חטיף כיף כף פצפצים 40 גרם</ManufacturerItemDescription>
      <UnitQty>גרמים</UnitQty>
      <Quantity>40.00</Quantity>
      <UnitOfMeasure>100 גרם</UnitOfMeasure>
      <bIsWeighted>0</bIsWeighted>
      <QtyInPackage>1</QtyInPackage>
      <ItemPrice>5.40</ItemPrice>
      <UnitOfMeasurePrice>13.5000</UnitOfMeasurePrice>
      <AllowDiscount>1</AllowDiscount>
      <ItemStatus>1</ItemStatus>
      <ItemId>109548</ItemId>
    </Item>
    <Item>
      <PriceUpdateDate>2016-06-06 08:20:42</PriceUpdateDate>
      <ItemCode>7290106729155</ItemCode>
      <ItemType>1</ItemType>
      <ItemName>רבע לשבע אייס קפה קר</ItemName>
      <ManufacturerName>שטראוס גרופ</ManufacturerName>
      <ManufactureCountry>ישראל</ManufactureCountry>
      <ManufacturerItemDescription>רבע לשבע אייס קפה קרמל 120 גרם</ManufacturerItemDescription>
      <UnitQty>גרמים</UnitQty>
      <Quantity>120.00</Quantity>
      <UnitOfMeasure>100 גרם</UnitOfMeasure>
      <bIsWeighted>0</bIsWeighted>
      <QtyInPackage>1</QtyInPackage>
      <ItemPrice>13.70</ItemPrice>
      <UnitOfMeasurePrice>11.4167</UnitOfMeasurePrice>
      <AllowDiscount>1</AllowDiscount>
      <ItemStatus>1</ItemStatus>
      <ItemId>109549</ItemId>
    </Item>
    <Item>
      <PriceUpdateDate>2016-06-06 08:20:42</PriceUpdateDate>
      <ItemCode>7290106729148</ItemCode>
      <ItemType>1</ItemType>
      <ItemName>רבע לשבע וניל  עוגיו</ItemName>
      <ManufacturerName>שטראוס גרופ</ManufacturerName>
      <ManufactureCountry>ישראל</ManufactureCountry>
      <ManufacturerItemDescription>רבע לשבע וניל  עוגיות 120 גרם</ManufacturerItemDescription>
      <UnitQty>גרמים</UnitQty>
      <Quantity>120.00</Quantity>
      <UnitOfMeasure>100 גרם</UnitOfMeasure>
      <bIsWeighted>0</bIsWeighted>
      <QtyInPackage>1</QtyInPackage>
      <ItemPrice>13.70</ItemPrice>
      <UnitOfMeasurePrice>11.4167</UnitOfMeasurePrice>
      <AllowDiscount>1</AllowDiscount>
      <ItemStatus>1</ItemStatus>
      <ItemId>109550</ItemId>
    </Item>
    <Item>
      <PriceUpdateDate>2016-05-30 14:16:06</PriceUpdateDate>
      <ItemCode>7290106729186</ItemCode>
      <ItemType>1</ItemType>
      <ItemName>עד חצות+שוקולד חלב א</ItemName>
      <ManufacturerName>שטראוס</ManufacturerName>
      <ManufactureCountry>ישראל</ManufactureCountry>
      <ManufacturerItemDescription>עד חצות+שוקולד חלב אגוז 180 גרם</ManufacturerItemDescription>
      <UnitQty>גרמים</UnitQty>
      <Quantity>180.00</Quantity>
      <UnitOfMeasure>100 גרם</UnitOfMeasure>
      <bIsWeighted>0</bIsWeighted>
      <QtyInPackage>1</QtyInPackage>
      <ItemPrice>15.20</ItemPrice>
      <UnitOfMeasurePrice>8.4444</UnitOfMeasurePrice>
      <AllowDiscount>1</AllowDiscount>
      <ItemStatus>1</ItemStatus>
      <ItemId>109555</ItemId>
    </Item>
    <Item>
      <PriceUpdateDate>2016-05-31 16:16:07</PriceUpdateDate>
      <ItemCode>7290107875493</ItemCode>
      <ItemType>1</ItemType>
      <ItemName>סירופ ויטמינציק תות</ItemName>
      <ManufacturerName>אסם</ManufacturerName>
      <ManufactureCountry>לא ידוע</ManufactureCountry>
      <ManufacturerItemDescription>סירופ ויטמינציק תות בננה 1 ליטר</ManufacturerItemDescription>
      <UnitQty>ליטרים</UnitQty>
      <Quantity>1.00</Quantity>
      <UnitOfMeasure>ליטר</UnitOfMeasure>
      <bIsWeighted>0</bIsWeighted>
      <QtyInPackage>1</QtyInPackage>
      <ItemPrice>14.90</ItemPrice>
      <UnitOfMeasurePrice>14.9000</UnitOfMeasurePrice>
      <AllowDiscount>1</AllowDiscount>
      <ItemStatus>1</ItemStatus>
      <ItemId>109557</ItemId>
    </Item>
    <Item>
      <PriceUpdateDate>2016-06-07 07:37:04</PriceUpdateDate>
      <ItemCode>7290107641371</ItemCode>
      <ItemType>1</ItemType>
      <ItemName>קוקומן כדורים 20% פח</ItemName>
      <ManufacturerName>אתר שפע - Food</ManufacturerName>
      <ManufactureCountry>לא ידוע</ManufactureCountry>
      <ManufacturerItemDescription>קוקומן כדורים 20% פחות סוכר</ManufacturerItemDescription>
      <UnitQty>גרמים</UnitQty>
      <Quantity>500.00</Quantity>
      <UnitOfMeasure>100 גרם</UnitOfMeasure>
      <bIsWeighted>0</bIsWeighted>
      <QtyInPackage>1</QtyInPackage>
      <ItemPrice>25.70</ItemPrice>
      <UnitOfMeasurePrice>5.1400</UnitOfMeasurePrice>
      <AllowDiscount>1</AllowDiscount>
      <ItemStatus>1</ItemStatus>
      <ItemId>109559</ItemId>
    </Item>
    <Item>
      <PriceUpdateDate>2016-06-15 13:15:58</PriceUpdateDate>
      <ItemCode>7290107877725</ItemCode>
      <ItemType>1</ItemType>
      <ItemName>שייק ובייק פנקייק אס</ItemName>
      <ManufacturerName>אסם</ManufacturerName>
      <ManufactureCountry>ישראל</ManufactureCountry>
      <ManufacturerItemDescription>שייק ובייק פנקייק אסם</ManufacturerItemDescription>
      <UnitQty>גרמים</UnitQty>
      <Quantity>220.00</Quantity>
      <UnitOfMeasure>100 גרם</UnitOfMeasure>
      <bIsWeighted>0</bIsWeighted>
      <QtyInPackage>1</QtyInPackage>
      <ItemPrice>14.90</ItemPrice>
      <UnitOfMeasurePrice>6.7727</UnitOfMeasurePrice>
      <AllowDiscount>1</AllowDiscount>
      <ItemStatus>1</ItemStatus>
      <ItemId>109601</ItemId>
    </Item>
    <Item>
      <PriceUpdateDate>2016-06-28 12:16:01</PriceUpdateDate>
      <ItemCode>5900020026552</ItemCode>
      <ItemType>1</ItemType>
      <ItemName>האני נאט ציריוס עידן</ItemName>
      <ManufacturerName>אסם</ManufacturerName>
      <ManufactureCountry>פולין</ManufactureCountry>
      <ManufacturerItemDescription>האני נאט ציריוס עידן הקרח 625 גרם</ManufacturerItemDescription>
      <UnitQty>גרמים</UnitQty>
      <Quantity>625.00</Quantity>
      <UnitOfMeasure>100 גרם</UnitOfMeasure>
      <bIsWeighted>0</bIsWeighted>
      <QtyInPackage>1</QtyInPackage>
      <ItemPrice>29.70</ItemPrice>
      <UnitOfMeasurePrice>4.7520</UnitOfMeasurePrice>
      <AllowDiscount>1</AllowDiscount>
      <ItemStatus>1</ItemStatus>
      <ItemId>109634</ItemId>
    </Item>
    <Item>
      <PriceUpdateDate>2016-07-04 13:16:03</PriceUpdateDate>
      <ItemCode>7290014763272</ItemCode>
      <ItemType>1</ItemType>
      <ItemName>משקה סויה ביו עם תות</ItemName>
      <ManufacturerName>תנובה</ManufacturerName>
      <ManufactureCountry>ישראל</ManufactureCountry>
      <ManufacturerItemDescription>משקה סויה ביו עם תות ובננה 250 גרם</ManufacturerItemDescription>
      <UnitQty>מיליליטרים</UnitQty>
      <Quantity>250.00</Quantity>
      <UnitOfMeasure>100 מ"ל</UnitOfMeasure>
      <bIsWeighted>0</bIsWeighted>
      <QtyInPackage>1</QtyInPackage>
      <ItemPrice>6.00</ItemPrice>
      <UnitOfMeasurePrice>2.4000</UnitOfMeasurePrice>
      <AllowDiscount>1</AllowDiscount>
      <ItemStatus>1</ItemStatus>
      <ItemId>109648</ItemId>
    </Item>
    <Item>
      <PriceUpdateDate>2016-07-04 13:16:03</PriceUpdateDate>
      <ItemCode>7290014763401</ItemCode>
      <ItemType>1</ItemType>
      <ItemName>משקה סויה ביו עם אפר</ItemName>
      <ManufacturerName>תנובה</ManufacturerName>
      <ManufactureCountry>ישראל</ManufactureCountry>
      <ManufacturerItemDescription>משקה סויה ביו עם אפרסק 250 גרם</ManufacturerItemDescription>
      <UnitQty>מיליליטרים</UnitQty>
      <Quantity>250.00</Quantity>
      <UnitOfMeasure>100 מ"ל</UnitOfMeasure>
      <bIsWeighted>0</bIsWeighted>
      <QtyInPackage>1</QtyInPackage>
      <ItemPrice>6.00</ItemPrice>
      <UnitOfMeasurePrice>2.4000</UnitOfMeasurePrice>
      <AllowDiscount>1</AllowDiscount>
      <ItemStatus>1</ItemStatus>
      <ItemId>109650</ItemId>
    </Item>
    <Item>
      <PriceUpdateDate>2016-07-04 13:16:03</PriceUpdateDate>
      <ItemCode>7290014762046</ItemCode>
      <ItemType>1</ItemType>
      <ItemName>מוס עם שוקולד לבן מע</ItemName>
      <ManufacturerName>תנובה</ManufacturerName>
      <ManufactureCountry>ישראל</ManufactureCountry>
      <ManufacturerItemDescription>מוס עם שוקולד לבן מעולה YOLO</ManufacturerItemDescription>
      <UnitQty>מיליליטרים</UnitQty>
      <Quantity>78.00</Quantity>
      <UnitOfMeasure>100 מ"ל</UnitOfMeasure>
      <bIsWeighted>0</bIsWeighted>
      <QtyInPackage>1</QtyInPackage>
      <ItemPrice>4.30</ItemPrice>
      <UnitOfMeasurePrice>5.5128</UnitOfMeasurePrice>
      <AllowDiscount>1</AllowDiscount>
      <ItemStatus>1</ItemStatus>
      <ItemId>109651</ItemId>
    </Item>
    <Item>
      <PriceUpdateDate>2016-08-02 06:30:15</PriceUpdateDate>
      <ItemCode>805278150149</ItemCode>
      <ItemType>1</ItemType>
      <ItemName>אורז בסמטי הודי 1 ק"</ItemName>
      <ManufacturerName>טאג מאהל</ManufacturerName>
      <ManufactureCountry>הודו</ManufactureCountry>
      <ManufacturerItemDescription>אורז בסמטי הודי 1 ק"ג</ManufacturerItemDescription>
      <UnitQty>קילוגרמים</UnitQty>
      <Quantity>1.00</Quantity>
      <UnitOfMeasure>ק"ג</UnitOfMeasure>
      <bIsWeighted>0</bIsWeighted>
      <QtyInPackage>1</QtyInPackage>
      <ItemPrice>12.90</ItemPrice>
      <UnitOfMeasurePrice>12.9000</UnitOfMeasurePrice>
      <AllowDiscount>1</AllowDiscount>
      <ItemStatus>1</ItemStatus>
      <ItemId>109664</ItemId>
    </Item>
    <Item>
      <PriceUpdateDate>2016-07-13 11:16:10</PriceUpdateDate>
      <ItemCode>7290106729803</ItemCode>
      <ItemType>1</ItemType>
      <ItemName>גבינת סימפוניה פטה צ</ItemName>
      <ManufacturerName>סהם הלאס פיליון</ManufacturerName>
      <ManufactureCountry>יוון</ManufactureCountry>
      <ManufacturerItemDescription>גבינת סימפוניה פטה צאן 200 גרם</ManufacturerItemDescription>
      <UnitQty>גרמים</UnitQty>
      <Quantity>200.00</Quantity>
      <UnitOfMeasure>100 גרם</UnitOfMeasure>
      <bIsWeighted>0</bIsWeighted>
      <QtyInPackage>1</QtyInPackage>
      <ItemPrice>23.70</ItemPrice>
      <UnitOfMeasurePrice>11.8500</UnitOfMeasurePrice>
      <AllowDiscount>1</AllowDiscount>
      <ItemStatus>1</ItemStatus>
      <ItemId>109680</ItemId>
    </Item>
    <Item>
      <PriceUpdateDate>2016-08-04 14:47:38</PriceUpdateDate>
      <ItemCode>7290000484747</ItemCode>
      <ItemType>1</ItemType>
      <ItemName>עלית הארק 750 40% מ"</ItemName>
      <ManufacturerName>יקבי הגליל יוסף</ManufacturerName>
      <ManufactureCountry>ישראל</ManufactureCountry>
      <ManufacturerItemDescription>עלית הארק 750 40% מ"ל</ManufacturerItemDescription>
      <UnitQty>מיליליטרים</UnitQty>
      <Quantity>700.00</Quantity>
      <UnitOfMeasure>100 מ"ל</UnitOfMeasure>
      <bIsWeighted>0</bIsWeighted>
      <QtyInPackage>1</QtyInPackage>
      <ItemPrice>70.20</ItemPrice>
      <UnitOfMeasurePrice>10.0286</UnitOfMeasurePrice>
      <AllowDiscount>1</AllowDiscount>
      <ItemStatus>1</ItemStatus>
      <ItemId>109715</ItemId>
    </Item>
    <Item>
      <PriceUpdateDate>2016-08-06 06:15:25</PriceUpdateDate>
      <ItemCode>7290016003048</ItemCode>
      <ItemType>1</ItemType>
      <ItemName>משקה ענבים שוט 200 מ</ItemName>
      <ManufacturerName>קל משקאות</ManufacturerName>
      <ManufactureCountry>ישראל</ManufactureCountry>
      <ManufacturerItemDescription>משקה ענבים שוט 200 מ"ל</ManufacturerItemDescription>
      <UnitQty>מיליליטרים</UnitQty>
      <Quantity>200.00</Quantity>
      <UnitOfMeasure>100 מ"ל</UnitOfMeasure>
      <bIsWeighted>0</bIsWeighted>
      <QtyInPackage>1</QtyInPackage>
      <ItemPrice>1.30</ItemPrice>
      <UnitOfMeasurePrice>0.6500</UnitOfMeasurePrice>
      <AllowDiscount>1</AllowDiscount>
      <ItemStatus>1</ItemStatus>
      <ItemId>109754</ItemId>
    </Item>
  </Items>
</Root>